2566 4524
385 251 565 324 arroux,
582 251 677 311 eras.
696 253 847 326 [acam]
1072 248 1136 317 531

82 414 200 482 urbem
223 409 369 489 induxit,
397 417 518 475 ceteros
540 408 664 476 interim
687 420 789 477 castra
815 414 1008 482 communire
1030 416 1136 486 iussit.

83 507 227 599 ingressi
246 505 366 572 milites
383 502 529 571 reflectis
547 502 668 571 foribus
685 528 804 593 paucos
822 529 937 594 graves
955 520 1058 578 aetate
1078 525 1133 590 aut
1153 537 1185 586 12

82 602 248 671 invalidos
266 597 434 666 inveniunt
451 597 635 688 relictaque,
662 621 743 684 quae
760 599 897 687 migratu
923 603 1066 672 difficilia
1084 630 1133 674 es·
1151 676 1169 681 ,,

82 709 168 777 sent3
190 719 233 762 ea
248 694 374 780 direpta
388 701 420 758 et
433 690 594 778 cognitum
608 713 648 757 ex
657 692 791 779 captivis
805 702 862 774 est,
882 699 1043 767 communi
1057 723 1132 768 con·
1152 725 1184 772 13

81 794 152 862 silio
172 790 302 875 aliquot
320 787 405 853 circa
422 784 519 851 urbes
538 785 697 853 conscisse
715 787 839 875 sugam,
868 812 944 857 suos
966 777 1069 879 prima
1086 798 1133 862 vi-
1226 794 1232 806 '

80 888 158 978 gilio
166 882 355 973 profectos,
373 879 511 959 credere,
527 879 781 948 eandeminaliis
788 881 921 952 urbibus
932 886 1132 957 solitudinem
1161 955 1164 961 ,

79 984 285 1050 inventuros.
323 973 417 1041 dictis
436 973 631 1061 captivorum
648 973 728 1043 fides
746 976 862 1058 extitit,
886 979 1018 1048 desertis
1042 986 1132 1071 oppi-
1151 1007 1183 1056 14

80 1078 128 1144 dis
149 1071 273 1142 consul
290 1069 420 1156 potitur.
1161 1112 1164 1117 -

146 1163 314 1237 XXXV.
351 1162 456 1230 Alteri
474 1161 595 1229 consuli
607 1161 655 1229 Μ.
669 1162 770 1232 Atilio
788 1188 988 1254 nequaquam
1005 1181 1070 1239 tam
1083 1174 1131 1242 fa
1150 1198 1163 1244 1

80 1266 140 1334 cile
154 1261 286 1330 bellum
299 1258 369 1325 fuit.
397 1258 525 1325 eumad
538 1258 709 1324 Luceriam
722 1260 850 1327 duceret
862 1262 1014 1352 legiones,
1033 1291 1129 1354 quam

79 1355 270 1449 oppugnari
293 1354 332 1422 ab
354 1351 552 1420 Samnitibus
576 1353 730 1433 audierat,
758 1357 916 1424 adfinem
933 1360 1128 1429 Lucerinum

79 1456 108 1522 ei
125 1451 239 1520 hostis
258 1448 373 1517 obvius
385 1447 462 1513 suit.
497 1447 542 1513 ibi
559 1446 606 1513 ira
623 1448 706 1519 vires
724 1451 879 1535 aequavit.
906 1454 1060 1540 proelium
1072 1480 1128 1524 va-
1145 1479 1160 1526 2

78 1550 164 1616 rium
190 1554 226 1613 et
249 1565 368 1630 anceps
395 1541 470 1619 fuit,
498 1542 617 1608 tristius
641 1552 745 1609 tamen
768 1554 882 1611 eventu
903 1547 1069 1628 Romanis,
1097 1561 1129 1618 et

78 1644 158 1729 quia
175 1638 301 1708 insueti
321 1645 411 1704 erant
428 1636 513 1702 vinci
535 1646 567 1702 et
584 1636 659 1720 quia
676 1637 887 1723 digredientes
910 1643 1013 1730 magis
1032 1655 1127 1729 q'uam

78 1737 209 1823 inipso
229 1730 403 1800 certamine
427 1740 607 1809 senserunt,
635 1740 786 1815 quantum
808 1731 842 1796 in
865 1756 923 1800 sua
943 1745 1031 1821 parte
1053 1738 1126 1823 plus

78 1832 257 1899 vulnerum
275 1849 314 1894 ao
332 1825 439 1893 caedis
457 1826 580 1892 fuisset.
616 1825 723 1910 itaque
739 1825 768 1890 is
787 1834 885 1893 terror
901 1829 934 1893 in
952 1831 1062 1897 castris
1077 1854 1126 1898 or·
1138 1854 1160 1901 a

79 1939 142 2009 tus,
163 1924 226 2012 qui
240 1921 268 1988 si
281 1929 461 2009 pugnantes
476 1920 622 2006 cepisset,
641 1919 773 2006 insignis
785 1931 914 2008 accepta
927 1914 1124 1990 cladis'foret.

78 2037 149 2092 tum
162 2037 298 2107 quoque
312 2015 446 2082 sollicita
459 2037 523 2081 nox
537 2013 598 2078 fuit
610 2014 674 2079 iam
686 2013 869 2082 invasurum
883 2025 985 2084 castra
999 2015 1125 2085 Samni-

78 2131 145 2188 tem
165 2110 373 2182 credentibus
392 2119 447 2176 aut
464 2109 565 2196 prima
585 2107 656 2174 luce
674 2130 745 2174 cum
764 2111 937 2179 'victoribus
960 2133 1125 2181 conseren-
1151 2149 1154 2181 ;

78 2216 138 2282 das
158 2230 290 2276 manus.
318 2206 423 2271 minus
443 2204 550 2283 cladis,
570 2213 707 2268 ceterum
724 2226 788 2270 non
804 2205 876 2291 plus
895 2204 1070 2273 animorum
1083 2209 1124 2274 ad
1141 2227 1158 2275 4

77 2311 194 2377 hostes
215 2313 293 2370 erat.
324 2301 381 2369 ubi
398 2301 535 2388 primum
552 2299 674 2379 inluxit,
693 2298 779 2366 abire
797 2301 864 2366 sine
883 2302 1051 2368 certamine
1069 2326 1124 2369 cu-

77 2406 189 2494 piunt:
210 2399 271 2466 sed
289 2397 341 2463 via
358 2419 423 2462 una
440 2405 472 2462 ct
489 2417 527 2461 ea
544 2395 615 2480 ipsa
632 2403 755 2481 praeter
770 2394 878 2461 hostes
897 2405 977 2474 erat3
996 2418 1059 2480 qua
1075 2397 1123 2461 in-

77 2497 188 2590 gressi
206 2491 384 2583 praebuere
407 2491 545 2578 speciem
569 2499 655 2556 recta
671 2491 870 2556 ‘tendentium
887 2490 929 2555 ad
946 2501 1049 2557 eastra
1066 2514 1122 2578 op-

77 2589 271 2684 pugnanda.
308 2586 420 2653 consul
443 2608 531 2651 arma
553 2606 664 2671 capere
683 2583 796 2651 milites
817 2584 904 2650 iubet
926 2593 957 2650 et
979 2585 1069 2670 sequi
1086 2607 1154 2653 ses

78 2699 173 2756 extra
192 2682 327 2760 vallum,
340 2680 477 2768 legatis,
497 2678 644 2760 tribunis,
663 2679 831 2767 praefectis
850 2677 1005 2746 sociorum
1021 2679 1122 2766 impe-

77 2794 126 2851 rat
144 2778 240 2867 quod
257 2776 343 2863 apud
361 2783 519 2860 quemque
536 2774 621 2840 facto
639 2797 718 2862 opus
737 2785 794 2842 est.
822 2796 930 2841 omnes
944 2772 1118 2854 adfirmant,
1139 2793 1153 2841 e

78 2903 113 2948 se
133 2874 270 2964 quidem
290 2871 395 2937 omnia
407 2870 557 2949 facturos,
577 2871 633 2936 sed
646 2870 780 2936 militum
791 2870 893 2937 iacere
907 2869 1038 2950 animos,
1057 2878 1123 2936 tota

77 2982 176 3042 nocte
196 2969 280 3034 inter
297 2966 428 3032 vulnera
446 2974 477 3031 et
493 2963 629 3052 gemitus
647 2963 845 3030 morientium
859 2963 1021 3050 vigilatum
1035 2985 1120 3042 esse3

78 3070 106 3137 si
114 3075 196 3136 ante
204 3063 312 3129 lucem
321 3062 362 3127 ad
371 3071 475 3127 castra
488 3068 617 3125 ventum
630 3059 721 3138 foret,
741 3067 860 3124 tantum
872 3057 997 3143 pavoris
1011 3057 1118 3135 fuisse,
1139 3079 1152 3125 r

77 3173 113 3230 ut
136 3156 282 3229 relicturi
305 3155 397 3244 signa
418 3154 548 3234 fuerint,
574 3176 658 3220 nunc
679 3153 798 3241 pudore
820 3176 839 3218 a
861 3151 938 3239 suga
959 3150 1118 3229 contineri,

77 3253 206 3341 alioqui
223 3275 283 3339 pro
300 3251 393 3317 victis
412 3271 492 3317 esse.
528 3271 609 3335 quae
628 3247 683 3315 ubi
700 3248 810 3315 consul
832 3245 967 3334 accepit,
995 3245 1152 3313 sibimete

77 3351 144 3442 ipsi
173 3347 420 3416 circumeundos
445 3345 724 3431 adloquendosque
749 3343 864 3411 milites
889 3350 991 3422 ratus,
1017 3350 1054 3406 ut
1079 3341 1120 3408 ad

77 3464 232 3535 quosque
250 3451 380 3509 venerat
397 3450 580 3508 cunctantes
598 3463 685 3506 arma
697 3461 818 3527 capere,
836 3436 1026 3525 increpabat,
1044 3436 1133 3522 quid¹

77 3547 248 3611 cessarent
265 3536 621 3626 tergiversarenturque3
638 3535 763 3603 hostem
779 3536 813 3602 in
825 3543 928 3602 castra
943 3543 1119 3612 venturum,
1138 3551 1151 3600 9

77 3635 144 3706 uisi
161 3631 212 3701 illi
229 3641 319 3700 extra
330 3634 441 3700 ¹castra
457 3630 609 3713 exissent,
633 3640 665 3698 et
680 3654 739 3719 pro
756 3631 896 3698 tentoriis
914 3630 981 3698 suis
998 3651 1121 3718 pugna·

77 3744 189 3810 turos,
217 3727 245 3795 si
265 3749 325 3816 pro
346 3727 431 3795 vallo
453 3727 581 3795 nollent.
616 3727 744 3794 armatis
767 3748 804 3794 ac
822 3724 1040 3794 dimicantibus
1062 3723 1120 3788 du-

76 3827 170 3896 biam
189 3821 355 3890 victorim
372 3825 459 3904 esse;
477 3821 533 3909 qui
549 3822 653 3889 nudus
671 3832 765 3909 atque
777 3823 904 3889 inermis
916 3821 1039 3888 hostem
1052 3840 1119 3883 ma-
1137 3835 1169 3885 10

77 3930 167 4001 neat,
188 3919 219 3987 ei
236 3929 292 3987 aut
308 3929 442 3988 mortem
460 3929 515 3987 aut
533 3919 715 3987 servitutem
732 3919 920 4007 patiendam.
959 3917 1039 3984 haec
1054 3912 1119 3980 iur-
1136 3931 1166 3980 11

77 4017 173 4111 ganti
201 4016 443 4106 ‘increpantique
471 4016 716 4106 respondebant,
752 4015 931 4171 consecto}4
943 4035 978 4084 se
1010 4031 1119 4100 pugna
1240 4023 1242 4028 ’

137 4128 141 4133 ,
933 4116 948 4148 s
