2566 4524
358 252 478 308 creua
494 252 537 323 ιι,
555 251 600 307 ιι.
613 251 655 308 aa
675 255 712 321 [a.
723 251 894 322 casoro]
1077 240 1138 306 109

114 413 221 482 Tuscis
250 411 363 479 erescit
388 409 533 488 audacia,
560 410 721 476 Romanos
744 419 842 475 terror
867 433 924 496 per
949 418 1015 476 tota
1037 420 1172 480 castras

112 509 243 596 trepidos
263 507 379 594 agitet
396 505 437 571 ed
455 514 595 570 extrema
611 514 739 569 ventum
757 503 852 582 foret,
872 504 905 568 ni
922 503 1031 591 legati,
1049 516 1140 592 rapto

111 602 243 671 consulis
267 621 411 687 corpore,
438 598 661 685 patefecissent
682 622 746 663 una
766 608 857 685 porta
877 598 1021 664 hostibus
1044 600 1138 665 viam.

110 719 146 764 ea
169 704 353 782 erumpunt3
384 702 645 778 consternatoque
676 693 803 780 agmine
833 692 984 760 abeuntes
1010 693 1044 758 in
1074 695 1172 762 vic-9

110 801 203 858 torem
220 791 356 857 alterum
372 788 515 854 incidunt
532 787 703 854 consulem.
730 787 775 852 ibi
787 787 900 853 iterum
915 788 999 854 caesi
1011 788 1138 875 fusique

161 909 233 952 sun.

105 906 311 1044 pasVictoria
327 977 456 1065 egregia
472 985 571 1062 parta,
590 975 687 1042 tristis
705 984 810 1041 tamen
829 976 952 1042 duobus
966 986 1031 1043 tam
1045 978 1137 1045 claris

104 1072 277 1141 funeribus.
313 1072 419 1155 itaque
442 1071 564 1148 consul,
592 1071 777 1136 decernente
800 1080 911 1136 senatu
934 1072 1137 1158 triumphum,
1157 1089 1190 1138 ιο

105 1169 131 1236 si
147 1168 306 1234 exercitus
326 1167 393 1231 sine
410 1166 597 1251 imperatore
614 1164 805 1251 triumphare
823 1166 933 1252 possit,
951 1190 1009 1253 pro
1023 1166 1138 1233 eximia

104 1284 141 1329 ec
157 1261 242 1327 bello
260 1282 358 1346 opera
373 1259 466 1324 facile
483 1281 651 1344 passurum
669 1260 846 1345 respondit3
874 1282 921 1337 se,
944 1260 1065 1325 familia
1087 1261 1138 1326 fu-

104 1365 195 1421 nesta
213 1353 326 1437 Quinti
342 1351 424 1418 Fabi
440 1351 546 1417 fratris
564 1361 663 1417 morte
668 1401 677 1431 ,
700 1375 734 1416 re
752 1352 879 1439 publica
897 1376 937 1418 ex
953 1364 1041 1439 parte
1060 1355 1137 1421 orba

101 1448 231 1516 consule
249 1448 347 1514 altero
365 1447 492 1525 amisse,
509 1445 637 1532 publico
653 1447 839 1533 privatoque
857 1447 1031 1514 deformem
1048 1448 1137 1516 luctu

101 1543 242 1610 lauream
260 1565 325 1607 non
347 1551 557 1628 accepturum.
593 1542 679 1606 omni
701 1553 771 1608 acto
793 1542 951 1628 triumpho
974 1543 1136 1630 depositus
1155 1569 1186 1618 11

100 1638 279 1725 triumphus
298 1637 410 1702 clarior
427 1636 501 1715 fuit,
529 1636 608 1702 adeo
627 1645 733 1722 spreta
753 1637 786 1701 in
808 1647 948 1723 ternpore
970 1638 1071 1725 gloria
1087 1641 1136 1706 in-

101 1733 225 1799 terdurn
243 1732 431 1799 cumulatior
446 1732 536 1797 redit.
564 1730 676 1796 funera
693 1732 806 1798 deinde
823 1733 887 1796 duo
905 1732 1053 1819 deinceps
1071 1735 1136 1801 col-

99 1826 190 1914 legae
218 1826 387 1910 fratrisque
412 1825 512 1904 ducit,
539 1825 624 1890 idern
649 1826 683 1889 in
710 1834 842 1910 utroque
867 1826 1024 1905 laudator,
1052 1850 1133 1906 curn,

99 1921 302 1989 concedendo
319 1921 382 1986 illis
401 1943 475 1986 suas
488 1920 609 1999 laudes,
628 1919 697 2006 ipse
710 1921 880 1985 maximam
892 1930 1014 2007 partem
1027 1945 1135 1988 earum

99 2014 205 2081 ferret.
241 2037 345 2099 neque
370 2014 526 2079 inmemor
552 2013 633 2092 eius,
662 2014 747 2097 quod
768 2014 856 2080 initio
879 2015 1060 2082 consulatus
1086 2017 1135 2081 in·
1154 2039 1185 2089 ιι

99 2108 234 2187 biberat,
250 2109 473 2175 reconciliandi
489 2107 610 2174 animos
624 2107 736 2193 plebis,
756 2109 880 2174 saucios
894 2110 1008 2176 milites
1023 2133 1135 2178 curan·

100 2204 162 2270 dos
179 2204 289 2269 dividit
305 2204 458 2292 patribus.
483 2202 592 2270 Fabiis
610 2202 738 2288 plurimi
756 2204 828 2281 dati,
848 2226 906 2269 nec
924 2204 999 2270 alibi
1016 2206 1134 2274 maiore

99 2321 178 2365 cura
193 2298 303 2364 habiti.
339 2299 413 2363 inde
433 2297 601 2384 populares
623 2296 687 2360 iam
709 2318 779 2361 esse
796 2296 890 2362 Fabii
911 2319 969 2362 nec
986 2299 1047 2364 hoe
1069 2300 1134 2367 ulla

96 2414 142 2472 re,
160 2393 225 2458 nisi
243 2393 362 2458 salubri
378 2392 425 2458 rei
441 2390 586 2478 publicae
604 2399 680 2455 arte.

160 2486 407 2553 XXXXVIIL
442 2487 546 2572 Igitur
562 2508 626 2551 nou
642 2493 768 2571 patrum
785 2485 887 2571 magis
910 2507 1007 2569 quam
1028 2486 1129 2572 plebis
1151 2511 1165 2557 1

95 2582 212 2649 studiis
229 2582 274 2647 K.
288 2579 409 2648 Fabius
428 2603 500 2646 cum
520 2580 593 2645 Tito
608 2578 761 2665 Verginio
780 2579 890 2644 consul
906 2579 1010 2645 factus
1028 2603 1132 2664 neque

92 2672 182 2743 bella
206 2699 310 2761 neque
337 2676 469 2741 dilectus
492 2696 595 2759 neque
619 2673 717 2738 ullam
744 2672 837 2737 aliam
862 2673 998 2759 priorem
1024 2697 1132 2740 curam

81 2788 207 2860 ¹agere,
231 2794 328 2857 quam
345 2780 394 2849 ut,
416 2770 481 2836 iam
499 2770 604 2852 aliqua
621 2790 661 2832 ex
678 2776 767 2854 parte
784 2768 929 2833 inchoata
948 2770 1131 2836 concordiae

92 2886 165 2954 epe,
184 2866 286 2952 primo
295 2886 422 2950 quoque
430 2873 570 2950 tempore
579 2885 652 2927 cum
660 2862 801 2949 patribus
811 2863 1022 2929 coalescerent
1036 2864 1132 2929 animi

88 2960 210 3045 plebis.
236 2961 344 3044 itaque
360 2959 514 3046 principio
532 2957 606 3023 anui
620 2957 749 3035 censuit,
767 2957 950 3043 priusquam
964 2958 1131 3043 quisquam
1150 2982 1165 3029 a

88 3054 242 3142 agrariae
261 3055 343 3141 legis
370 3062 479 3119 auctor
505 3052 650 3118 tribunus
677 3050 837 3131 existeret,
865 3061 1054 3137 occuparent
1075 3075 1133 3139 pa·

88 3153 163 3215 tres
182 3146 244 3233 ipsi
258 3171 353 3215 suurn
370 3170 485 3214 munus
504 3147 617 3225 facere,
637 3147 795 3232 captivum
813 3167 925 3232 agrum
937 3144 1023 3230 plebi
1037 3167 1132 3228 quam

88 3242 235 3310 maxime
253 3243 426 3328 aequaliter
443 3244 566 3308 darent:
593 3263 704 3307 verum
723 3261 807 3318 esse,
829 3237 946 3304 habere
964 3260 1033 3315 eos,
1051 3260 1131 3323 quo-

88 3356 164 3405 rum
183 3339 341 3426 sanguine
359 3360 397 3404 ac
414 3339 529 3404 sudore
546 3346 655 3423 partus
674 3336 724 3401 sit.
751 3335 909 3420 aspernati
926 3341 1031 3420 patres
1046 3342 1128 3412 sunt,
1149 3355 1163 3403 3

88 3433 199 3519 questi
222 3455 350 3517 quoque
373 3433 515 3517 quidam,
542 3432 640 3497 nimia
661 3430 762 3518 gloria
783 3429 942 3495 luxuriare
963 3436 996 3493 et
1017 3450 1131 3495 evane-

88 3546 182 3597 scere
199 3529 345 3595 vividum
362 3529 522 3614 quondam
538 3527 618 3593 illud
637 3525 792 3592 Caesonis
813 3525 985 3614 ingenium.
1024 3525 1130 3590 nullae

88 3616 206 3690 deinde
226 3623 367 3689 urbanae
385 3623 537 3689 factiones
555 3623 653 3687 fuere
685 3621 843 3686 vexabant
830 3630 881 3686 tur
897 3619 1164 3686 incursionibus4

87 3714 283 3821 Aequorum
308 3718 435 3797 Latini3
467 3741 506 3784 ee
533 3740 606 3784 curn
633 3717 749 3782 exercit
750 3739 771 3779 u
737 3715 903 3782 tCaeso
925 3715 1056 3794 missus,
1096 3714 1129 3778 in

86 3826 236 3899 ipsorum
253 3811 443 3897 Aequorum
460 3836 572 3900 agrum
590 3810 844 3897 depopulandum
863 3810 982 3875 transit.
1023 3807 1130 3891 Aequi

87 3920 125 3972 fle
145 3908 184 3972 in
200 3906 320 3994 oppida
341 3917 527 3994 receperunt
548 3906 709 3992 murisque
732 3915 800 3970 eet
789 3905 945 3971 tteneban
983 3925 1019 3968 eo
1041 3900 1129 3966 uuila

86 4009 202 4088 pugna
217 4000 433 4068 memorabilis
451 4001 522 4068 fuit.

1115 4198 1267 4256 ,Α
