2566 4524
149 237 213 304 372
364 246 684 315 presumatur.
704 245 884 315 [suanos.
898 245 964 318 404]

115 430 130 480 o
214 407 329 472 Terror
346 405 419 470 inde
437 427 538 470 vanus
556 403 631 470 belli
647 404 789 482 Etrusci,
809 426 883 469 cum
901 405 1081 475 coniurasse
1097 407 1155 474 due-

149 501 251 569 decim
268 499 402 588 populcs
421 499 507 564 sama
524 508 622 578 esset,
645 498 828 567 dictatorcm
846 498 910 564 dici
926 500 1041 589 coegit.
1075 500 1156 569 dictu

148 598 182 662 in
208 597 318 662 castris
340 633 383 642 —
405 617 443 659 eo
465 593 549 659 enim
570 593 612 659 ad
633 592 776 659 consules
798 593 932 659 missum
956 603 1082 662 senatus
1102 618 1156 662 cen-

139 693 268 758 'sultum
289 698 338 755 est
355 726 398 737 —
421 686 460 754 Ο.
477 688 593 767 lulius,
621 687 672 753 cui
693 687 843 775 magister
869 689 1013 773 equitum
1039 690 1155 757 adiectus

148 788 190 852 L.
209 783 376 850 Aemilius.
421 791 559 848 ceterum
578 781 655 848 foris
673 783 839 867 tranquilla
856 783 964 848 omnia
981 784 1078 852 fuere.
1192 840 1194 847 .

116 900 130 947 1
213 877 333 944 XXII.
374 876 576 963 Temptatum
602 875 689 941 domi
713 898 770 963 per
796 876 998 958 dictatorem,
1025 888 1061 944 ut
1082 877 1156 945 ambe

149 973 272 1059 patricii
289 972 434 1039 consules
454 979 641 1049 crearentur,
659 992 726 1035 rem
740 971 781 1036 ad
793 970 1010 1058 interregnum
1022 970 1155 1060 perduxit.
1186 964 1194 1065 i

115 1067 212 1134 uduo
233 1066 405 1152 interreges
425 1064 463 1131 O.
484 1062 644 1152 Sulpicius
667 1073 699 1130 et
715 1063 763 1130 M.
780 1063 902 1132 Fabius
924 1066 1098 1155 interpositi
1115 1064 1157 1131 cb-
1187 1070 1194 1155 t

149 1161 283 1240 tinuere,
302 1159 387 1244 quod
400 1159 532 1224 dictator
544 1159 661 1224 frustra
674 1159 855 1237 tetenderat,
874 1159 998 1226 mitiore
1011 1161 1075 1226 iam
1086 1159 1158 1248 plebe
1187 1164 1194 1229 l

149 1255 190 1323 ob
217 1278 326 1322 recens
352 1255 498 1320 meritum
523 1253 619 1320 levati
645 1253 725 1319 aeris
749 1253 856 1332 alieni,
884 1263 919 1319 ut
941 1255 1037 1321 ambo
1058 1253 1159 1342 patricii

114 1371 130 1420 s
149 1350 295 1416 consules
313 1359 500 1416 crearentur.
537 1348 633 1415 creati
650 1347 719 1435 ipse
734 1347 772 1414 O.
784 1345 947 1435 Sulpicius
961 1349 1103 1429 Peticus,
1118 1347 1160 1435 qui

148 1445 234 1532 prior
254 1445 434 1532 interregno
456 1443 546 1523 abiit,
573 1451 605 1508 et
626 1441 665 1507 Τ.
686 1441 854 1526 Quinctius
876 1442 1009 1509 Pennus
1014 1469 1025 1524 3
1052 1443 1159 1529 quidem

114 1559 133 1605 4
152 1537 344 1616 Caesonem,
371 1537 424 1602 alii
447 1536 485 1602 Ο.
509 1559 624 1602 nomen
642 1535 791 1620 Quinctio
813 1536 962 1604 adiciunt.
1000 1538 1042 1605 ad
1062 1536 1160 1605 bellun

151 1631 244 1697 ambo
258 1631 402 1718 profecti,
415 1631 577 1697 Faliscum
583 1629 760 1714 Quinctius,
773 1628 933 1718 Sulpicius
940 1632 1160 1718 Tarquiniense,

71 1741 73 1745 ·
149 1748 306 1810 nusquam
319 1726 386 1792 acie
400 1748 569 1812 congresso
582 1723 673 1791 hoste
687 1747 759 1791 cum
772 1725 856 1813 agris
870 1727 975 1814 magis
993 1750 1090 1813 quam
1104 1747 1161 1793 cun

116 1821 329 1888 ahcminibus
357 1823 476 1887 urendo
501 1819 745 1907 populandoque
770 1832 938 1908 gesserunt
964 1820 1065 1902 belln3
1089 1820 1160 1888 cuin

148 1916 252 1981 lentae
273 1916 359 1981 velut
380 1915 462 1981 tabis
486 1916 573 1980 senio
596 1915 679 1981 victa
700 1916 863 2000 utriusque
880 1917 1059 2002 pertinacia
1072 1912 1161 2005 populi

150 2018 212 2088 est,
239 2019 274 2074 ut
294 2010 431 2096 primum
453 2033 472 2074 a
498 2009 694 2088 consulibus,
721 2009 794 2074 dein
819 2011 979 2097 permissu
1006 2006 1161 2078 eorumcb

149 2112 261 2168 senatu
282 2103 418 2168 indutias
440 2112 590 2191 peterent.
629 2104 662 2167 in
684 2104 892 2191 quadraginta
913 2128 1017 2171 annos
1035 2106 1161 2193 impetra·

116 2215 130 2262 e
149 2208 270 2263 verunt.
297 2198 342 2262 ita
353 2198 457 2284 posita
469 2200 602 2263 duorum
616 2197 769 2263 bellorum
780 2220 861 2283 quae
879 2198 1078 2266 inminebant
1093 2218 1160 2275 curt,

148 2293 225 2357 dum
243 2292 348 2378 aliqua
365 2292 405 2359 ab
423 2287 518 2358 armis
536 2293 625 2376 quies
644 2302 742 2370 esset,
761 2293 835 2377 quia
853 2294 968 2359 solutio
987 2295 1070 2361 aeris
1087 2288 1161 2360 alieri

148 2387 317 2452 multarum
334 2409 439 2452 rerum
456 2395 630 2450 mutaverat
649 2386 806 2464 dominos,
831 2410 962 2453 censum
981 2390 1036 2476 agi
1053 2384 1160 2476 placuit.

116 2500 129 2546 7
149 2491 287 2549 ceterum
309 2504 382 2546 cum
404 2480 585 2546 censoribus
609 2482 750 2546 creandis
773 2481 891 2546 indicta
913 2483 1044 2548 comitia
1065 2489 1159 2556 essent,

147 2576 310 2662 professus
338 2598 502 2641 censuram
529 2598 563 2640 se
589 2584 695 2660 petere
723 2574 761 2640 Ο.
789 2574 931 2642 Marcius
954 2578 1097 2656 Rutilus,
1120 2571 1160 2660 qui

147 2670 268 2755 primus
282 2671 414 2735 dictator
431 2671 470 2734 de
487 2669 579 2755 plebe
597 2669 712 2748 fuerat,
733 2670 932 2735 concordiam
952 2673 1098 2737 ordinum
1112 2680 1159 2735 tur·

114 2781 129 2828 8
148 2762 242 2828 bavit.
270 2764 355 2846 quod
368 2762 533 2828 videbatur
544 2763 670 2846 quidem
686 2772 825 2850 ternpore
838 2763 942 2830 alieno
957 2766 1087 2845 fecisse,
1104 2761 1159 2849 quic

148 2855 241 2920 ambo
260 2865 326 2919 tum
344 2856 424 2921 sorte
441 2856 563 2943 patricii
580 2857 725 2922 consules
745 2868 846 2937 erant,
865 2858 919 2942 qui
937 2859 1093 2926 rationem
1108 2857 1158 2923 eius

114 2968 184 3016 ese
206 2949 367 3016 habituros
390 2950 561 3037 negabant3
589 2952 646 3016 sed
668 2952 788 3038 etipse
815 2955 993 3019 constantia
1020 2956 1158 3042 inceptum

147 3044 282 3110 obtinuit
303 3055 335 3111 et
356 3046 472 3111 tribuni
494 3045 578 3110 omni
600 3046 646 3124 vi,
669 3047 870 3134 reciperaturi
887 3048 938 3112 ius
959 3047 1156 3115 consularibus

29 3188 32 3193 -
146 3139 280 3205 comitiis
299 3140 464 3218 amissum,
484 3140 668 3204 adiuverunt
673 3166 683 3219 ;
702 3150 732 3205 et
746 3163 818 3204 cum
832 3141 932 3227 ipsius
952 3144 1014 3209 viri
1031 3144 1155 3210 maiescs

146 3235 261 3300 nullius
280 3233 407 3300 honoris
425 3233 587 3320 fastigium
605 3256 669 3298 non
687 3233 855 3318 aequabat,
875 3245 944 3300 tum
956 3260 1016 3324 per
1034 3237 1154 3309 eunden,

146 3329 201 3411 qui
223 3330 265 3393 ad
287 3329 473 3394 dictaturam
496 3329 670 3413 aperuisset
692 3329 790 3408 viam,
814 3352 983 3397 censmam
1001 3326 1153 3419 quoquein
1190 3350 1194 3376 .-

97 3443 128 3490 10
145 3431 267 3505 partem
285 3422 391 3488 vocari
407 3422 516 3509 plebes
534 3422 669 3488 volebat.
704 3445 764 3488 nec
784 3423 942 3489 variatum
965 3428 1097 3493 comitiis
1112 3428 1150 3497 etl
1189 3440 1194 3451 ‘

147 3516 222 3598 quin
240 3537 312 3579 cum
329 3515 451 3582 Manlio
471 3514 581 3583 Gnaeo
600 3539 711 3583 censor
728 3516 869 3582 Marcius
889 3533 1060 3588 crearetur.
1189 3534 1194 3543 '

209 3610 405 3677 Dictatorem
423 3635 547 3696 quoque
565 3612 617 3678 hic
634 3635 735 3678 annus
748 3611 858 3678 habuit
871 3611 920 3679 M.
936 3612 1073 3682 Fabium
1088 3608 1151 3679 nulle

146 3713 262 3770 terrore
280 3705 367 3785 belli,
388 3708 501 3773 sedne
518 3707 644 3773 Licinia
660 3707 713 3772 lex
730 3708 863 3773 comitiis
883 3712 1099 3777 consularibus
1113 3702 1151 3772 ol>
1190 3724 1194 3734 ·

96 3820 126 3866 11
147 3810 331 3866 servaretur.
367 3800 518 3888 magister
539 3802 681 3887 equitum
699 3801 843 3868 dictatori
860 3804 989 3872 additus
1010 3805 1052 3890 Q.
1071 3795 1152 3871 Servi·

144 3894 215 3960 lius.
256 3917 314 3961 nec
340 3904 446 3960 tamen
471 3896 625 3962 dictatura
649 3896 857 3984 potentiorem
885 3922 962 3966 eum
987 3911 1150 3967 consensum
1191 3888 1194 3963 ἶ

145 4000 269 4075 patrum
287 3990 503 4058 consularibus
522 3993 655 4058 comitiis
674 3992 749 4058 fecit
769 4016 866 4079 quam
889 3996 1043 4063 censoriis
1064 3992 1150 4061 eant
