2566 4524
132 245 173 308 14
389 255 508 309 LIBER
521 255 549 324 1,
568 255 612 310 10.
628 255 670 308 11.
692 255 766 326 [au.
778 252 911 319 c.1-37]

98 434 112 481 1
190 411 237 478 X.
265 413 335 478 Iam
349 412 519 477 admodum
532 411 666 498 mitigati
679 412 776 476 animi
792 411 890 496 raptis
909 420 1006 476 erant.
1043 419 1077 477 at
1089 433 1159 499 rap·

131 519 233 572 tarum
250 515 395 593 parentes
414 516 481 570 tum
498 505 635 570 maxime
654 506 780 571 sordida
799 514 887 571 veste
904 501 1108 589 lacrimisque
1130 514 1160 570 et

130 601 276 685 querellis
295 601 436 667 civitates
454 599 660 665 concitabant.
696 622 756 664 nec
774 599 859 664 domi
876 608 998 664 tantum
1014 599 1160 686 indigna·

130 696 231 760 tiones
250 693 458 771 continebant,
478 694 535 760 sed
553 694 826 781 congregabantur
842 694 981 778 undique
995 693 1037 757 ad
1051 691 1160 757 Titum

132 789 276 865 Tatium,
294 810 403 876 regem
422 786 625 867 Sabinorum,
645 798 676 852 et
693 789 867 875 legationes
887 810 938 866 eo,
957 787 1044 871 quod
1060 786 1161 852 maxi·

131 906 219 947 mum
241 883 326 948 Tatii
351 906 468 949 nomen
491 884 585 949 iniis
607 884 789 970 regionibus
813 893 893 961 erat,
921 881 1159 949 conveniebant.

97 998 112 1045 a
133 976 346 1042 Caeninenses
358 977 616 1063 Crustuminique
633 987 665 1043 et
674 977 883 1043 Antemnates
901 986 997 1054 erant,
1017 977 1060 1041 ad
1077 999 1158 1060 quos

132 1072 198 1136 eius
217 1072 346 1137 iniuriae
364 1095 436 1158 pars
454 1072 637 1157 pertinebat
663 1072 747 1138 lente
765 1095 859 1159 agere
876 1071 926 1138 his
935 1070 1050 1136 Tatius
1065 1067 1158 1136 Sabi-

131 1166 226 1249 nique
239 1167 299 1231 visi
313 1176 395 1244 sunt,
409 1167 472 1251 ipsi
484 1167 566 1230 inter
579 1189 613 1231 se
628 1175 690 1232 tres
704 1167 814 1252 populi
823 1165 1030 1231 communiter
1042 1163 1159 1230 bellum

98 1277 113 1326 3
130 1268 251 1345 parant.
269 1286 329 1330 neo
338 1258 535 1326 Crustumini
552 1261 680 1345 quidem
697 1270 791 1345 atque
809 1259 1018 1325 Antemnates
1036 1281 1095 1345 pro
1112 1281 1159 1324 sr-

130 1354 206 1418 dore
217 1355 325 1438 iraque
340 1353 586 1420 Caeninensium
601 1356 677 1420 satis
692 1377 727 1420 se
750 1354 874 1441 inpigre
887 1361 1029 1431 movent3
1046 1353 1093 1418 ita
1104 1375 1160 1440 per

131 1470 165 1512 se
182 1448 289 1535 ipsum
305 1470 421 1514 nomen
435 1447 612 1514 Caeninum
629 1449 663 1512 in
678 1472 792 1536 agrum
808 1449 988 1515 Romanum
1004 1450 1158 1536 impetum

96 1561 112 1607 4
130 1541 215 1606 facit.
253 1542 310 1606 sed
326 1541 427 1606 effuse
445 1541 642 1607 vastantibus
660 1541 696 1606 fit
713 1542 825 1628 obvius
843 1565 917 1608 cum
934 1543 1076 1609 exercitu
1095 1543 1159 1608 Ro·

130 1635 235 1702 mulus
257 1634 381 1719 levique
402 1636 571 1700 certamine
594 1635 699 1713 docet,
722 1659 837 1701 vanam
855 1638 923 1703 sine
940 1637 1061 1703 viribus
1079 1637 1158 1702 iram

131 1752 211 1796 esse.
238 1730 410 1795 exereitum
423 1729 527 1794 fundit
539 1729 701 1816 fugatque,
712 1730 819 1796 fusum
832 1733 1039 1816 persequitur,
1049 1753 1157 1818 regem

129 1825 163 1889 in
180 1824 298 1909 proelio
312 1824 478 1890 obtrrmcat
492 1833 524 1890 et
537 1825 660 1910 spoliat,
675 1826 755 1890 duce
768 1826 907 1890 hostium
925 1827 1029 1891 occiso
1047 1825 1156 1899 urbem

129 1919 232 2005 primo
249 1921 369 2005 impetu
388 1919 480 2004 capit.

97 2035 112 2082 5
190 2013 270 2077 Inde
284 2013 423 2078 exercitu
431 2013 548 2079 victore
562 2014 690 2080 reducto
703 2014 781 2099 ipse,
793 2036 865 2079 cum
878 2014 970 2079 factis
980 2015 1029 2079 vir
1038 2012 1157 2101 magni·

130 2108 210 2172 ficus
232 2116 299 2172 tum
321 2105 477 2172 factorum
499 2116 671 2173 ostentator
691 2108 769 2174 haut
797 2109 912 2186 minor,
946 2109 1048 2194 spolia
1070 2107 1156 2173 ducis

130 2201 269 2267 hostium
283 2203 367 2267 caesi
386 2225 540 2288 suspensa
552 2203 705 2269 fabricato
720 2203 760 2268 ad
773 2203 807 2268 id
820 2212 892 2288 apte
905 2202 1025 2268 ferculo
1042 2223 1155 2289 gerens

129 2296 164 2360 in
182 2293 375 2381 Capitolium
394 2298 534 2362 escendit
554 2297 661 2381 ibique
680 2320 718 2362 ea
735 2319 808 2362 cum
826 2297 867 2361 ad
884 2319 1035 2380 quercum
1053 2305 1156 2382 pasto-

130 2389 217 2455 ribus
237 2412 358 2456 sacram
373 2393 580 2477 deposuisset,
596 2392 691 2456 simul
703 2413 775 2455 cum
789 2392 872 2456 dono
889 2390 1068 2476 designavit
1081 2400 1155 2455 tem-

97 2505 112 2554 6
130 2485 183 2570 plo
192 2484 278 2550 Iovis
292 2486 363 2551 finis
377 2507 615 2573 cognomenque
629 2486 749 2550 addidit
762 2486 830 2550 deo.
852 2484 1008 2570 ‘Iuppiter
1016 2483 1154 2562 Feretri,’

130 2579 232 2663 inquit
251 2580 343 2644 ‘haec
362 2580 418 2645 tibi
435 2580 536 2646 victor
548 2580 704 2644 Romulus
721 2603 778 2643 rex
790 2580 879 2666 regia
895 2603 983 2645 arma
997 2579 1065 2644 fero
1079 2589 1154 2644 tem·

130 2673 280 2757 plumque
298 2674 347 2738 his
365 2673 561 2760 regionibus,
584 2695 663 2757 quas
682 2675 776 2738 modo
794 2675 898 2739 animo
916 2682 1052 2739 metatus
1077 2695 1153 2750 sum,

131 2767 241 2832 dedico
269 2767 376 2831 sedem
403 2768 515 2853 opimis
545 2767 668 2854 spoliis,
698 2791 779 2852 quae
804 2767 932 2857 regibus
959 2767 1154 2853 ducibusque

130 2860 269 2924 hostium
287 2861 387 2925 caesis
426 2884 477 2926 mc
495 2871 654 2928 auctorem
673 2872 839 2947 sequentes
867 2863 985 2948 posteri
1002 2861 1125 2927 ferent'

97 2977 111 3023 7
191 2953 282 3019 Haec
300 2957 408 3041 templi
426 2966 473 3022 est
491 2958 593 3044 erigo,
617 2960 700 3041 quod
721 2959 858 3043 primum
876 2958 1016 3022 omnium
1034 2957 1153 3024 Romae

133 3058 290 3115 sacratum
309 3061 365 3116 est.
393 3052 438 3116 ita
455 3053 567 3117 deinde
586 3053 645 3118 diis
663 3053 777 3130 visum,
796 3074 855 3116 nec
872 3053 997 3117 inritam
1015 3054 1154 3119 condito·

130 3144 173 3208 ris
191 3145 300 3231 templi
318 3169 428 3212 vocem
441 3169 521 3222 esse,
536 3169 601 3232 qua·
615 3147 734 3213 laturos
748 3169 785 3212 eo
800 3147 901 3232 spolia
917 3155 1063 3231 posteros
1075 3169 1153 3213 nun·

131 3239 266 3324 cupierit,
285 3263 343 3305 nee
360 3241 560 3307 multitudine
587 3252 757 3328 conpotum
775 3242 842 3307 eius
860 3242 936 3306 doni
948 3241 1074 3328 vulgari
1090 3242 1155 3309 lau·

130 3333 212 3398 dem.
249 3334 323 3400 bina
344 3346 455 3421 postea
479 3337 560 3401 inter
576 3345 623 3401 tot
641 3359 754 3414 annos,
777 3345 823 3401 tot
840 3335 923 3401 bella
940 3335 1047 3422 opima
1067 3345 1155 3423 parta

131 3436 204 3491 sunt
221 3428 334 3514 spolia:
354 3431 432 3495 adeo
449 3454 520 3495 rara
537 3431 605 3496 eius
622 3431 749 3496 fortuna
766 3430 886 3496 decoris
905 3430 974 3494 fuit.

97 3542 110 3588 1
189 3520 253 3586 XI.
280 3522 371 3587 Dum
384 3545 422 3588 ea
434 3521 480 3588 ibi
491 3525 629 3590 Romani
646 3536 768 3612 gerunt,
784 3523 1025 3589 Antemnatium
1039 3525 1156 3590 exerci-

130 3623 182 3679 tus
204 3636 260 3699 per
277 3616 474 3682 occasionem
492 3641 530 3684 sc
553 3619 752 3684 solitudinem
773 3618 928 3684 hostiliter
944 3617 978 3682 in
994 3618 1074 3684 fines
1092 3618 1155 3684 Ro-

130 3731 240 3776 manos
258 3711 468 3778 incursionem
486 3713 562 3779 facit
568 3739 577 3792 3
594 3715 709 3800 raptim
727 3724 758 3778 et
776 3715 817 3778 ad
833 3714 891 3778 hos
909 3712 1056 3778 Romana
1073 3712 1156 3800 legio

96 3823 112 3872 2
132 3810 224 3868 ducta
237 3805 378 3890 palantes
392 3807 425 3871 in
443 3807 527 3894 agris
541 3810 706 3894 oppressit.
734 3808 798 3873 fusi
810 3807 908 3893 igitur
919 3807 1022 3892 primo
1046 3806 1156 3891 inpetu

131 3908 161 3962 et
184 3899 318 3966 clamore
339 3901 461 3981 hostes,
484 3904 635 3989 oppidum
658 3914 797 3990 captum,
822 3901 1002 3990 duplicique
1023 3901 1156 3967 victoris

130 4002 277 4062 ovantem
299 3996 472 4063 Romulum
489 3997 629 4064 Hersilia
652 3999 789 4064 coniunx
825 3997 972 4083 precibus
994 4005 1156 4083 raptarum
