2566 4524
365 281 484 336 arnna
501 281 559 351 111,
577 281 620 338 41.
633 281 675 337 42.
695 286 732 352 [a.
744 281 846 353 aaa]
1057 272 1120 338 163

86 441 192 508 curiae
219 438 341 517 limine,
369 440 411 503 L.
435 437 601 504 Cornelius
624 439 796 525 conplexus
817 439 961 528 Appium
982 464 1046 507 non
1064 443 1120 507 cui

87 533 257 602 simrdaba‘t
274 532 465 598 considendo
484 534 608 597 diremit
621 550 787 598 certamen.
815 534 960 619 factaque
973 557 1030 620 per
1039 535 1120 601 Oor-

84 630 203 695 aelium
213 627 343 692 Valerio
356 627 481 692 dicendi
494 628 596 714 gratia
608 650 689 710 quae
702 629 809 706 vellet,
829 650 900 693 cum
912 629 1040 695 libertas
1054 653 1119 694 non

85 724 166 789 ultra
190 744 306 786 vocem
328 721 533 799 excessisset,
565 723 733 786 decemviri
758 723 954 809 propositum
980 734 1116 789 tenuere.

85 816 268 883 consulares
286 836 411 899 quoque
428 837 467 880 ae
486 816 624 881 seniores
639 816 683 881 ab
707 818 833 882 residuo
857 817 1039 882 tribuniciae
1061 840 1151 903 pos

81 912 207 978 testatis
231 911 318 988 odio,
345 910 435 975 cuius
457 911 647 975 desiderium
668 911 754 997 plebi
774 911 874 976 multo
897 913 999 978 acrius
1022 935 1118 995 quam

82 1004 259 1072 consularis
273 1005 396 1090 imperii
409 1004 558 1070 rebantur
570 1027 650 1082 esse,
669 1028 766 1090 prope
779 1007 937 1072 malebant
949 1008 1117 1090 postmodo

83 1100 169 1187 ipsos
182 1099 387 1164 decemviros
405 1099 566 1164 voluntate
583 1099 668 1164 abire
687 1101 872 1186 magistratu
889 1122 983 1184 quam
997 1101 1116 1164 invidia
1146 1166 1149 1173 ,

82 1216 192 1260 eorum
209 1215 382 1278 exsurgere
398 1215 506 1259 rursus
526 1194 660 1278 plebem.
697 1196 724 1258 si
740 1196 851 1260 leniter
868 1196 962 1260 ducta
979 1218 1028 1260 res
1048 1197 1115 1259 sine
1135 1217 1150 1264 6

83 1288 227 1375 populari
246 1287 377 1371 strepitu
394 1288 435 1351 ad
453 1288 598 1352 consules
612 1289 758 1365 redisset,
778 1300 832 1354 aut
845 1289 935 1354 bellis
950 1289 1116 1374 interposi-

86 1383 125 1448 tis
142 1393 197 1447 aut
213 1382 428 1447 moderatione
447 1381 612 1445 consulum
624 1384 656 1444 in
670 1383 808 1465 imperiis
824 1384 1005 1448 exercendis
1019 1405 1115 1469 posse

83 1477 117 1542 in
133 1476 325 1543 oblivionem
343 1475 538 1541 tribunorum
556 1476 681 1560 plebem
699 1477 823 1540 adduci.

147 1568 283 1637 Silentia
301 1581 426 1654 patrum
444 1569 576 1633 edicitur
598 1569 739 1634 dilectus.
775 1571 927 1647 iuniores,
951 1593 1023 1634 cum
1046 1570 1147 1638 siner

85 1664 304 1752 provocatione
321 1663 487 1748 imperium
505 1674 602 1740 esset,
626 1664 667 1727 ad
688 1665 815 1728 nomina
837 1666 1034 1749 respondent.
1071 1665 1115 1728 le-

92 1758 230 1844 gionibus
244 1757 374 1842 scriptis
391 1757 473 1821 inter
491 1779 525 1821 se
539 1758 707 1821 decemviri
720 1758 956 1842 comparabant,
975 1781 1054 1841 quos
1068 1760 1113 1822 ire

92 1852 125 1916 ad
139 1851 274 1929 bellum,
292 1873 373 1934 quos
389 1873 537 1936 praeesse
555 1851 743 1916 exercitibus
762 1863 927 1937 oporteret.
955 1853 1112 1937 principes
1132 1872 1148 1920 8

93 1945 163 2010 inter
188 1947 383 2011 decemviros
410 1957 498 2010 erant
526 1944 566 2028 Q.
592 1946 714 2010 Fabius
741 1957 772 2010 et
798 1946 924 2032 Appius
948 1946 1112 2011 Claudius.

98 2035 201 2104 bellum
221 2039 310 2104 domi
331 2040 432 2104 maius
453 2062 550 2123 quam
567 2039 644 2104 foris
662 2040 841 2125 apparebat.
877 2039 977 2127 Appii
994 2041 1114 2105 violen-

106 2129 168 2196 tiam
191 2134 336 2219 aptiorem
357 2133 417 2197 rati
439 2134 480 2198 ad
506 2134 744 2217 conprimendos
771 2134 909 2200 urbanos
932 2146 1051 2212 motus,
1079 2134 1113 2198 in

107 2221 188 2290 Fabio
205 2228 310 2291 minus
332 2227 366 2290 in
386 2227 470 2292 bono
493 2239 640 2292 constans
667 2249 762 2311 quam
792 2252 910 2292 navum
936 2229 968 2292 in
995 2229 1114 2292 malitia

77 2398 81 2419 .
108 2316 244 2404 ingenium
270 2345 350 2387 esse.
386 2321 469 2387 hune
496 2323 580 2386 enim
601 2322 717 2399 virum,
745 2323 909 2409 egregium
931 2323 1005 2387 olim
1028 2323 1146 2386 domi9

77 2474 82 2507 ;
112 2414 288 2500 militiaeque,
312 2416 539 2481 decemviratus
559 2416 760 2503 collegaeque
778 2417 822 2480 ita
844 2426 1054 2493 mutaverant,
1078 2428 1114 2480 ut

77 2540 85 2599 -3
115 2505 176 2594 Appi
192 2533 284 2595 quam
303 2511 479 2577 sui-similis
498 2512 604 2575 mallet
622 2534 700 2576 esse.
737 2511 811 2575 huic
833 2511 950 2575 bellum
968 2509 1114 2574 insabi-

77 2602 86 2685 ξ
117 2599 204 2668 tisll'.
212 2605 366 2671 Rabuleio
380 2616 412 2669 et
426 2605 467 2688 Q
477 2605 612 2670 Poetilio
630 2606 744 2670 additis
759 2605 899 2691 conlegis
918 2605 1111 2669 mandatum.

77 2702 80 2735 ³
119 2686 318 2764 llCornelius
339 2700 372 2763 in
389 2699 544 2786 Algidum
565 2701 682 2765 missus
705 2723 776 2764 cum
798 2701 840 2764 L.
858 2699 1001 2763 Minucio
1024 2711 1055 2762 et
1073 2698 1112 2762 Τ.
1133 2701 1164 2749 10

77 2828 79 2833 -
119 2782 226 2859 munio
246 2803 279 2858 et
300 2793 445 2859 Caesone
467 2794 588 2858 Duillio
611 2805 642 2858 et
664 2794 712 2858 M.
733 2793 855 2881 Sergio.
893 2792 949 2880 Sp.
970 2792 1113 2879 Oppium

77 2916 81 2925 ·
120 2875 484 2966 laburdo-adiutorem
503 2889 543 2953 ad
559 2889 669 2954 urbem
688 2891 836 2953 tuendam
850 2911 955 2972 aequo
973 2889 1112 2952 omnium

118 2971 332 3048 dannatum
349 2984 479 3070 imperio
498 2985 678 3047 decernunt.

160 3071 340 3142 ’XXXXIL
372 3077 477 3142 Nihilo
495 3078 623 3141 militiae
641 3100 735 3160 quam
754 3077 839 3140 domi
856 3075 967 3139 melius
986 3097 1036 3139 res
1047 3098 1114 3158 .pu-
1134 3097 1145 3141 1

123 3154 182 3232 llice
193 3172 399 3237 administrata
416 3181 473 3237 est.
509 3172 562 3236 illa
584 3174 678 3236 modo
695 3173 728 3235 in
746 3170 878 3234 ducibus
898 3169 1003 3253 culpa,
1027 3169 1113 3250 quod
1132 3188 1146 3233 2

118 3263 144 3318 ul
156 3262 212 3330 odio
226 3278 333 3332 essent
351 3266 471 3331 civibus
494 3267 646 3343 fecerant3
674 3266 735 3330 alia
757 3265 858 3328 omnis
880 3285 977 3349 penes
997 3261 1111 3326 milites

77 3382 84 3451 j,
116 3355 276 3439 ruiana,
294 3361 362 3444 qui,
385 3383 424 3424 ne
441 3361 518 3444 quid
535 3361 631 3425 ductu
650 3370 742 3442 atque
761 3357 900 3442 auspicio
921 3356 1114 3421 decemviro-

77 3486 79 3491 ·
115 3463 321 3540 lwaprospere
336 3472 473 3538 usquam
490 3464 662 3541 gereretur,
681 3453 765 3517 vinci
783 3475 817 3516 se
834 3474 890 3537 per
908 3474 1001 3516 suum
1019 3463 1112 3534 atque

77 3594 80 3599 -
113 3533 368 3614 doram-dedecus
388 3549 595 3635 patiebantur.
631 3548 695 3612 fusi
718 3557 748 3612 et
770 3547 809 3611 ab
830 3545 957 3612 Sabinis
976 3547 1017 3610 ad
1034 3545 1114 3631 Ere-
1132 3567 1147 3614 3

113 3640 206 3707 unet·
219 3644 255 3709 in·
264 3642 383 3731 Algido
401 3645 443 3710 ab
455 3643 750 3727 Aequis-exercitus
769 3650 864 3705 erant.
893 3639 933 3704 ab
946 3639 1044 3704 Ereto
1058 3661 1114 3724 per

111 3728 244 3802 statium
257 3739 497 3824 noctisprofugi
510 3738 640 3824 propius
658 3736 767 3801 urbem
785 3736 868 3799 inter
879 3733 1114 3799 Fidenas-Cru-

110 3832 330 3917 emensusque
341 3832 411 3898 loeo
430 3834 512 3898 edito
531 3842 633 3898 castra
650 3831 905 3896 communierant.
940 3827 1112 3915 persecutis
1130 3846 1147 3893 4

110 3914 229 3993 bubus
238 3948 394 4012 nusquam
404 3951 438 3992 se
452 3949 552 4011 aequo
566 3927 734 3991 certamine
748 3925 986 4000 committentes,
1000 3937 1113 3985 natura

107 4010 154 4083 loci
170 4044 206 4088 sc
227 4021 325 4100 vall0,
350 4045 414 4087 non
435 4022 550 4087 virtute
577 4030 631 4086 aut
657 4021 751 4086 armis
778 4020 968 4085 tutabantur.
1009 4014 1145 4080 maiust

889 4118 940 4170 11*
