2566 4524
325 274 443 331 uranu
460 277 496 346 v,
514 275 557 331 aa.
570 275 613 332 ae
633 276 785 349 [auser]
1005 268 1070 334 285

69 457 151 511 rras,
179 433 267 519 prius
294 431 339 499 cis
362 431 588 520 Appenninum
609 436 650 501 ad
676 435 812 501 inferum
834 459 933 516 mare,
959 449 1071 523 postea
1159 494 1163 500 .

69 552 124 594 ans
138 525 368 613 Appenninum
385 529 524 607 totidem,
544 541 620 614 quot
637 531 740 615 capita
757 530 891 617 originis
902 542 999 609 erant,
1018 555 1071 597 co-

69 624 129 688 niis
147 623 271 701 missis,
299 645 380 707 quae
400 633 485 688 trans
503 623 628 689 Padum
647 625 752 689 omnia
769 624 839 689 loca
857 640 988 711 excepto
1007 625 1071 692 Ve·
1089 647 1122 696 10

69 733 182 783 rtorum
201 716 327 803 angulo,
346 718 401 801 qui
419 718 523 782 sinum
541 719 765 784 circumcolunt
782 720 892 797 maris,
911 743 1012 803 usque
1030 721 1070 785 ad

69 812 139 898 lpes
161 824 300 876 tenuere.
344 811 471 898 Alpinis
495 835 620 897 quoque
643 836 680 878 ea
702 813 848 900 gentibus
872 814 1070 880 hauddubie
1090 835 1120 883 11

69 907 124 994 igo
144 917 209 985 est,
232 908 368 972 maxime
386 907 522 985 Raetiis3
549 931 629 992 quos
647 909 716 973 loca
733 909 803 994 ipsa
821 908 1003 987 efferarunt,
1031 932 1071 975 ne

69 1002 109 1066 tid
130 1024 172 1066 ex
191 1002 320 1086 antiquo
343 1013 466 1088 praeter
488 1025 601 1067 sonum
622 1002 764 1089 linguae,
792 1025 851 1068 nee
874 1027 947 1068 eum
968 1005 1071 1068 incor-

69 1110 175 1182 ptum,
194 1097 371 1161 retinerent.

96 1190 294 1254 XXXIIH.
325 1189 378 1254 De
397 1190 529 1254 transitu
546 1190 580 1254 in
597 1190 723 1255 Italiam
739 1188 902 1256 Gallorum
921 1191 1000 1256 haec
1018 1214 1070 1256 ao·
1089 1213 1102 1260 1

69 1285 189 1371 pimus.
234 1284 345 1349 Prisco
372 1284 544 1369 Tarquinio
570 1285 691 1349 Romae
718 1299 868 1373 regnante
897 1286 1067 1364 Celtarum,

69 1404 115 1446 tae
134 1403 211 1466 pars
230 1378 353 1447 Galliae
371 1380 461 1444 tertia
484 1390 546 1457 est,
568 1402 666 1465 penes
684 1380 844 1466 Bituriges
868 1403 990 1447 summa
1012 1383 1070 1445 im-

69 1478 110 1540 rii
134 1476 208 1539 firit.
248 1475 270 1538 ii
292 1497 400 1561 regem
423 1473 544 1539 Celtico
567 1473 693 1539 dabant.
734 1474 926 1561 Ambigatus
949 1476 976 1540 is
999 1476 1067 1552 fuit,
1088 1496 1103 1542 2

69 1582 150 1636 rtute
168 1568 357 1652 fortunaque
376 1591 448 1632 cum
467 1591 525 1633 sua
538 1581 604 1632 tum
618 1569 744 1653 publica
757 1570 965 1655 praepollens,
984 1570 1069 1653 quod

83 1665 224 1751 imperio
246 1664 314 1728 eius
333 1661 438 1729 Gallia
460 1663 539 1728 adeo
561 1663 690 1749 frugum
711 1664 935 1747 hominumque
958 1663 1068 1728 fertilis

69 1760 100 1836 it,
120 1770 159 1823 ut
177 1758 342 1823 abundans
360 1757 527 1822 multitudo
546 1758 599 1821 vix
617 1759 684 1844 regi
701 1758 859 1822 videretur
876 1781 980 1842 posse.
1017 1758 1068 1823 hic
1087 1780 1101 1827 3

69 1875 151 1940 agno
165 1866 243 1916 natu
256 1852 324 1937 ipse
338 1854 401 1917 iam
415 1875 584 1916 exonerare
598 1872 825 1938 praegravante
835 1852 926 1917 turba
934 1875 1067 1938 regnum

69 1948 165 2035 piens
183 1946 388 2012 Bellovesum
406 1955 443 2013 ac
463 1945 661 2033 Segouesum
680 1948 794 2032 sororis
813 1947 907 2024 filios,
926 1948 1066 2032 inpigros

69 2064 179 2119 venes,
209 2043 380 2106 missurum
398 2064 432 2107 se
450 2064 520 2106 esse
538 2042 571 2105 in
589 2064 668 2126 quas
687 2043 729 2106 dii
748 2043 909 2106 dedissent
927 2043 1066 2128 auguriis

69 2137 125 2202 des
144 2137 298 2202 ostendit:
324 2148 476 2220 quantum
497 2136 559 2222 ipsi
580 2137 696 2201 vellent
717 2161 882 2201 numerum
904 2137 1067 2202 hominum
1084 2157 1101 2204 4

69 2233 183 2308 eirent,
203 2254 243 2296 ne
262 2253 325 2315 qua
341 2255 419 2317 gens
438 2253 543 2295 arcere
560 2231 762 2296 advenientes
780 2243 896 2316 posset.
926 2244 992 2296 tum
1009 2231 1067 2296 Se-

69 2350 154 2392 rveso
168 2327 306 2392 sortibus
320 2327 385 2390 dati
394 2326 553 2410 Hercynei
567 2325 680 2404 saltus3
698 2326 866 2390 Belloveso
880 2326 956 2389 hant
970 2325 1064 2410 paulo

69 2423 195 2487 stiorem
214 2422 247 2485 in
265 2421 388 2485 ltaliam
406 2421 490 2484 viam
507 2419 540 2482 di
557 2420 683 2485 dabant.
710 2421 748 2497 is,
767 2421 852 2504 quod
870 2421 937 2484 eius
957 2413 996 2484 ex
1010 2443 1066 2504 po·
1084 2439 1099 2486 5

69 2517 115 2582 tiis
133 2515 330 2591 abundabat,
349 2516 524 2602 Bituriges,
543 2513 720 2592 Amemus,
742 2513 899 2592 Senones,
923 2515 1065 2592 Aeduos,

69 2610 227 2687 mbarros,
247 2609 417 2687 Carnutes,
436 2610 591 2675 Aulercos
610 2610 734 2675 excivit.
778 2609 937 2694 profectus
956 2611 1066 2695 ingen-

69 2723 118 2770 rus
149 2705 292 2791 peditum
322 2704 525 2788 equitumque
556 2704 654 2790 copiis
686 2704 719 2766 in
746 2702 939 2768 Tricastinos
971 2704 1065 2768 venit.

69 2795 136 2884 lpes
162 2800 236 2863 inde
264 2800 425 2885 oppositae
452 2812 554 2879 erant3
580 2822 660 2883 quas
687 2798 953 2884 inexsuperabiles
980 2799 1099 2866 visast

69 2894 120 2958 tud
137 2894 285 2978 equidem
302 2894 411 2972 miror,
434 2895 597 2960 nulladum
615 2893 667 2956 via
684 2931 726 2940 —
744 2895 829 2975 quod
847 2894 974 2976 quidem
993 2916 1066 2957 con·

69 3003 138 3052 tens
152 2988 303 3053 memoria
316 2988 366 3064 sit,
384 2987 446 3052 nisi
459 2989 498 3054 de
512 2987 651 3053 Hercule
666 2986 781 3051 fabulis
796 2988 921 3051 credere
935 2987 1010 3052 libet
1025 3025 1065 3034 —

69 3095 209 3165 {perstas
236 3082 281 3147 ibi
299 3104 371 3147 cum
389 3083 476 3147 velut
494 3098 619 3169 saeptos
638 3083 789 3146 montium
804 3082 933 3147 altitudo
948 3097 1066 3146 teneret
1086 3103 1099 3146 r

69 3174 161 3252 ullos,
178 3178 543 3263 cucumspectarentque
563 3200 699 3262 quanam
709 3200 764 3262 per
773 3176 878 3239 iuncta
892 3177 977 3240 caelo
992 3180 1066 3260 iuga

84 3269 182 3335 ulium
198 3273 308 3338 orbem
326 3284 477 3338 terrarum
498 3274 678 3348 transirent,
706 3271 816 3356 religio
839 3272 932 3334 etiam
956 3273 1064 3346 tenuit,

69 3366 120 3431 rod
133 3366 273 3432 adlatum
287 3378 345 3445 est,
364 3368 502 3432 advenas
516 3380 701 3451 quaerentes
717 3389 826 3451 agrum
837 3365 876 3429 ab
890 3364 1063 3429 Salluvium

69 3474 126 3526 ute
145 3462 330 3548 oppugnari.
375 3461 593 3527 Massilienses
616 3475 704 3526 erant
725 3461 761 3536 ii,
786 3459 919 3524 navibus
943 3484 961 3523 a
982 3461 1064 3523 Pho·
1082 3477 1097 3524 8

69 3570 109 3622 en
124 3557 270 3643 profecti.
310 3557 344 3622 id
362 3554 447 3622 Galli
465 3558 608 3622 fortunae
627 3578 702 3620 suae
720 3578 812 3621 omen
830 3557 888 3619 rati
907 3556 1063 3628 adiuvere,

88 3672 186 3736 quem
207 3651 345 3737 primum
367 3653 401 3715 in
423 3666 536 3717 terram
559 3651 679 3739 egressi
706 3667 933 3735 occupaverant
961 3651 1063 3713 locum

69 3745 213 3811 tentibus
232 3746 319 3810 silvis
338 3749 574 3811 communirent.
619 3746 680 3831 ipsi
698 3768 754 3830 per
772 3745 927 3809 Taurinos
951 3745 1064 3808 saltus-

69 3854 94 3903 [ε
106 3841 209 3905 iuliae
222 3840 317 3927 Alpis
335 3842 592 3907 transcenderunt
610 3841 753 3926 fusisque
771 3842 837 3906 acie
852 3841 965 3903 Tuscis
980 3837 1064 3900 haud
1084 3854 1098 3900 9

69 3936 141 4000 ocul
155 3935 269 4023 Ticino
285 3936 424 4014 flumine,
442 3961 515 4002 cum
532 3941 565 4003 in
583 3961 646 4023 quo
660 3938 864 4002 consederant
884 3955 993 4017 agrum
1010 3931 1063 3992 ln-

69 4018 176 4097 brium
193 4032 344 4118 appellari
365 4034 540 4112 audissent,
568 4033 753 4119 cognomine
770 4027 958 4092 insubribus
981 4045 1064 4109 pago
