2566 4524
132 262 193 327 122
343 270 461 324 LIBER
478 269 522 341 II,
542 268 652 324 62-64.
672 272 748 335 [au.
760 267 944 340 cass-286]

96 454 112 502 a
130 440 301 518 tempestas
320 452 390 494 cum
410 427 561 515 grandine
584 450 621 492 ac
643 426 809 493 tonitribus
833 426 921 493 caelo
944 426 1074 493 deiecta
1104 425 1147 491 ad-

130 526 327 592 mirationem
349 523 461 587 deinde
489 522 576 586 auxit
599 522 690 608 signo
712 521 852 607 receptui
873 521 949 587 dato
975 521 1057 587 adeo
1082 530 1149 593 tmu-

130 621 228 706 quilla
255 618 406 684 serenitas
432 617 567 693 reddita,
600 627 635 681 ut
660 617 711 681 vel
737 616 866 681 numine
896 615 1005 700 aliquo
1036 616 1151 681 defensa

131 726 235 780 castra
252 734 433 799 oppugnare
451 713 564 776 iterum
581 711 692 798 religio
709 711 813 775 fuerit.
849 710 952 776 omnis
970 710 1018 775 ira
1035 708 1153 777 belliad

97 834 113 881 3
131 808 367 896 populationem
385 807 452 893 agri
470 807 571 870 vertit.
600 807 678 871 alter
691 806 802 871 consul
814 803 973 871 Aemilius
987 804 1024 871 in
1039 803 1153 871 Sabinis

131 904 250 970 bellum
272 903 380 989 gessit.
418 911 448 965 et
470 901 528 978 ibi,
557 902 631 985 quia
651 901 751 966 hostis
774 899 939 966 moenibus
967 922 1003 965 se
1031 900 1155 977 tenebat,

97 998 247 1067 avastati
269 996 337 1083 agri
361 1005 442 1060 sunt.
483 995 636 1060 incendiis
659 996 771 1060 deinde
797 1017 862 1059 non
887 994 1037 1059 villarum
1063 994 1155 1071 modo.

132 1092 301 1158 sedetiam
323 1091 468 1167 vicorum,
488 1090 603 1173 quibus
621 1090 801 1173 frequenter
817 1089 1036 1168 habitabatur,
1058 1085 1157 1155 Sabini

132 1186 226 1252 exciti
244 1208 317 1250 cum
333 1184 571 1271 praedatoribus
590 1186 812 1262 occurrissent,
835 1183 965 1269 ancipiti
981 1183 1104 1270 proelio
1118 1182 1158 1247 di·

96 1306 112 1352 ⁵
131 1283 234 1371 gressi
250 1291 376 1368 postero
395 1281 446 1345 die
463 1280 596 1345 retulere
620 1290 723 1344 castra
739 1280 773 1343 in
791 1279 905 1344 tutiora
921 1279 1002 1344 loca.
1040 1278 1076 1349 id
1092 1276 1156 1345 satis

130 1377 253 1443 consuli
271 1377 389 1454 visum,
419 1398 474 1439 cur
491 1397 547 1460 pro
565 1375 649 1439 victo
666 1375 855 1459 relinqueret
876 1374 1017 1453 hostem,
1045 1375 1155 1459 integro

131 1473 205 1537 inde
224 1472 380 1536 decedens
398 1470 490 1534 bello.

99 1590 111 1635 1
196 1565 328 1631 LXIII.
355 1565 443 1628 Inter
459 1564 538 1628 haec
554 1564 637 1629 bella
655 1572 801 1628 manente
819 1563 977 1629 discordia
994 1563 1156 1629 dominon·

96 1660 218 1730 asules
241 1658 333 1723 Titus
356 1658 520 1722 Numicius
544 1657 688 1736 Priscus,
716 1657 758 1722 A.
782 1656 953 1744 Verginius
977 1656 1067 1723 facti.
1102 1676 1179 1723 non·

132 1755 214 1820 ultra
231 1752 396 1819 videbatur
412 1752 513 1817 latura
530 1752 639 1838 plebes
659 1752 839 1817 dilationem
861 1751 1004 1838 agrariae
1021 1752 1102 1839 legis
1116 1748 1155 1815 ul-

131 1853 270 1935 timaque
289 1851 337 1914 vis
356 1848 539 1934 parabatur,
569 1871 641 1913 cum
658 1848 794 1914 Volscos
818 1849 930 1913 adesse
952 1848 1046 1914 fumo
1064 1871 1104 1915 ex
1116 1848 1155 1911 in·

133 1946 250 2011 cendiis
268 1945 413 2008 uillarum
431 1944 571 2030 fugaque
589 1946 761 2030 agrestium
779 1943 940 2030 cognitum
964 1955 1023 2009 est.
1062 1965 1100 2009 ea
1113 1962 1152 2007 rer

132 2049 288 2109 maturam
305 2039 369 2102 iam
388 2038 571 2102 seditionem
596 2061 632 2103 ac
649 2061 747 2123 prope
770 2048 989 2123 erumpentem
1006 2036 1152 2123 repressit

98 2134 278 2202 sconsules
306 2143 414 2198 coacto
442 2135 598 2218 extemplo
627 2145 751 2211 senatu,
779 2134 820 2197 ad
844 2131 963 2198 bellurn
991 2133 1106 2199 educta
1123 2150 1153 2197 ex

132 2228 210 2292 urbe
236 2228 397 2292 iuventute
424 2228 669 2311 tranquilliorem
696 2238 831 2292 ceteram
859 2226 988 2313 plebem
1014 2227 1152 2293 fecerun

97 2345 115 2389 4
133 2333 164 2386 et
181 2323 287 2387 hostes
305 2323 445 2406 quidem,
473 2323 551 2386 nihil
569 2323 655 2386 aliud
676 2344 771 2406 quam
789 2321 926 2408 perfusis
948 2345 1034 2388 vano
1056 2323 1152 2387 timon

99 2438 114 2484 5
132 2416 295 2495 Romanis,
315 2417 408 2482 citato
427 2418 552 2503 agmine
571 2417 696 2481 abeunt.
724 2416 888 2481 Numicius
902 2414 1040 2481 Antium
1058 2416 1158 2503 ariver-¹

134 2534 189 2577 sus
208 2511 358 2590 Volscos,
382 2511 552 2598 Verginius
572 2521 680 2576 contra
697 2511 828 2594 Aequos
850 2511 1024 2597 profectus.
1061 2511 1105 2579 ibi
1122 2528 1152 2575 ex
1173 2566 1177 2571 .

132 2607 254 2671 insidiis
277 2631 374 2692 prope
396 2631 513 2693 magna
535 2617 664 2691 accepta
687 2607 788 2683 clade,
816 2608 914 2671 virtus
941 2606 1081 2673 militum
1098 2624 1152 2671 reu

97 2721 114 2768 6
132 2701 312 2787 prolapsam
330 2701 529 2786 neglegentia
547 2700 684 2766 consulis
698 2699 841 2765 restituit.
865 2700 978 2765 melius
992 2702 1027 2767 in
1038 2696 1150 2767 Volsdt
1193 2722 1195 2727 ·

132 2795 321 2878 imperatum
344 2804 404 2858 est:
432 2794 496 2858 fusi
517 2794 618 2879 primo
639 2795 757 2881 proelio
775 2794 882 2860 hostes
904 2795 1048 2882 fugaque
1065 2796 1099 2861 in
1112 2816 1152 2861 ur·

133 2889 206 2955 bem
214 2888 357 2966 Antium,
376 2900 411 2954 ut
425 2899 492 2953 tum
504 2913 554 2955 res
569 2901 666 2968 erant,
686 2891 957 2976 opulentissimam
970 2893 1044 2958 aeti.
1072 2910 1150 2977 quau

134 2983 244 3047 consul
262 3006 444 3071 oppugnare
462 3008 526 3049 non
543 3009 654 3063 ausus,
684 2985 880 3062 Caenonem,
908 2986 997 3051 aliud
1014 2987 1150 3074 oppidum

101 3098 332 3163 tnequaquam
359 3089 422 3143 tam
450 3081 645 3165 opulentum,
674 3079 714 3144 ab
741 3079 924 3145 Antiatibus
951 3083 1046 3167 cepit.
1090 3081 1150 3147 dan
1192 3118 1195 3157 ξ

133 3172 239 3257 Aequi
257 3173 429 3258 Volscique
442 3175 604 3240 Romanos
624 3174 778 3239 exercitus
797 3183 912 3252 tenent,
933 3172 1049 3241 Sabini
1065 3192 1150 3259 usquc
1193 3212 1195 3221 ·

132 3268 296 3353 adportas
314 3269 400 3334 urbis
423 3270 610 3355 populantes
633 3269 799 3334 incessere.
836 3269 949 3334 deinde
971 3270 1035 3356 ipsi
1056 3267 1150 3359 paueit

131 3372 205 3447 post
223 3363 334 3427 diebus
353 3364 392 3428 ab
412 3364 534 3429 duobus
554 3364 753 3441 exercitibus,
772 3373 904 3447 utroque
922 3386 980 3449 per
997 3365 1079 3431 iram
1091 3384 1151 3431 con·

133 3455 200 3520 sule
217 3456 361 3542 ingresso
378 3458 411 3521 in
428 3458 514 3536 finis,
533 3459 604 3544 plus
624 3459 759 3523 cladium
777 3481 872 3542 quam
889 3458 1061 3526 intulerant
1076 3477 1151 3525 atrttt¹

131 3559 253 3636 perunt.

100 3665 113 3711 1
197 3643 346 3709 LXIllI.
369 3645 522 3712 Extremo
532 3670 614 3712 anno
627 3647 714 3733 pacis
730 3646 848 3731 aliquid
861 3647 930 3725 fuit,
952 3648 1020 3727 sed,
1034 3658 1070 3715 ut
1082 3666 1151 3713 sem·

131 3759 189 3822 per
205 3738 293 3816 alias,
313 3740 462 3805 sollicitae
479 3743 566 3827 pacis
581 3743 748 3806 certamine
762 3752 886 3827 patrum
901 3751 932 3806 et
945 3742 1059 3829 plebis.
1084 3742 1150 3807 irata

97 3831 222 3918 aplebs
248 3833 399 3900 interesse
425 3837 641 3902 consularibus
669 3837 803 3902 comitiis
830 3836 944 3916 noluit3
976 3859 1035 3923 per
1059 3845 1149 3923 patres

132 3927 322 4013 clientesque
340 3940 464 4016 patrum
483 3934 627 3998 consules
647 3934 742 3998 creati
761 3933 799 3997 Τ.
820 3932 1003 4014 Quinctius,
1028 3931 1070 4016 Q.
1088 3928 1150 3997 Ser·

131 4022 234 4090 vilius.
272 4025 405 4091 similem
429 4051 545 4093 annum
567 4029 663 4116 priori
686 4029 830 4094 consules
852 4027 985 4107 habent,
1014 4027 1149 4094 seditiosa
