2566 4524
310 278 632 350 umunvuwssss
652 280 807 354 [aucam]
1011 273 1076 342 387

63 437 234 505 errandum
252 446 309 503 est.
335 436 392 504 nbi
409 439 595 505 sententiam
608 461 712 506 meam
725 439 816 507 vobis
828 463 989 556 peregero,
1007 454 1076 511 tum

64 532 156 600 uibus
181 532 293 611 eadem
312 531 513 620 placebunt'
504 557 537 599 m
559 533 703 601 dextram
719 545 842 623 partem
859 538 946 605 taciti
963 541 1075 606 transi-

64 631 129 698 ιὶει
147 651 232 716 quse
245 651 319 716 pars
332 629 433 695 maior
445 628 516 710 erit,
535 651 573 697 eo
587 630 721 698 stabitur
733 631 873 699 consilio.
896 656 980 701 nnnc
993 656 1074 720 quae
1093 656 1108 704 s

66 734 146 793 ente
164 723 285 812 agitem
297 723 412 790 audite.
440 745 504 791 non
516 723 595 835 suga
607 724 729 793 delatos
746 748 805 794 nec
822 727 934 796 inertia
949 729 1074 798 relictos

66 843 85 887 c
104 841 170 886 vos
191 818 394 885 cru-cumvemt
401 818 527 886 diosus
549 819 664 886 virtute
682 820 810 909 cepistis
822 821 942 905 locum,
960 825 1075 892 virtute

65 937 110 982 uc
130 921 258 1002 oportet
275 913 425 981 evadatis
469 914 624 981 veniendo
641 914 705 981 huc
722 915 894 982 exercitum
911 920 1075 1031 egregium
1093 941 1109 988 4

65 1008 160 1098 »pulo
178 1007 326 1076 Romano
349 1008 513 1075 servastis.
541 1010 733 1121 erumpendo
754 1009 829 1078 hinc
846 1015 1074 1102 vosmetipsos

65 1113 178 1171 rvate
223 1102 311 1191 digni
332 1103 422 1184 estis,
449 1103 505 1190 qui
525 1104 620 1215 pauci
640 1103 783 1193 pluribus
811 1127 905 1193 opem
930 1107 1073 1189 tuleritis,

65 1200 93 1269 si
118 1197 244 1266 nullius
267 1196 383 1264 auxilio
404 1198 563 1287 egueritis.
608 1221 681 1265 cum
703 1222 740 1267 eo
757 1200 849 1267 hoste
865 1225 916 1268 res
935 1211 997 1282 est,
1020 1203 1108 1290 quis

65 1306 191 1364 sterno
213 1293 264 1360 die
286 1293 411 1361 delendi
433 1294 534 1360 omnis
557 1295 712 1363 exercitus
734 1294 861 1365 fortuna
886 1319 944 1385 per
969 1320 1074 1367 socor-

65 1415 123 1460 sm
142 1411 225 1457 usus
242 1411 307 1457 nou
324 1389 379 1469 sit,
396 1389 482 1456 hunc
498 1399 564 1457 tam
582 1399 774 1477 oportunum
791 1391 904 1459 collem
919 1392 1074 1460 inminen-

65 1511 97 1554 m
119 1483 222 1572 capiti
239 1506 297 1551 suo
313 1505 378 1551 non
395 1493 468 1551 ante
485 1484 598 1552 viderit
610 1507 707 1572 quam
719 1496 846 1574 captum
859 1485 997 1568 anobis,
1014 1509 1073 1555 nos
1093 1506 1107 1554 s

66 1605 99 1649 m
119 1600 247 1668 paucos
264 1588 312 1647 tot
327 1578 389 1668 ipsi
406 1578 534 1647 milibus
550 1580 715 1648 hominum
732 1603 791 1648 nec
809 1603 944 1649 ascensu
965 1604 1074 1650 arcue-

66 1686 107 1756 rt‚
127 1696 193 1742 nec
206 1682 347 1741 tenentes
362 1674 476 1753 locum,
491 1696 563 1741 cum
576 1675 640 1741 diei
653 1684 774 1742 tantum
788 1686 976 1764 superesset,
989 1677 1073 1744 vallo

66 1767 314 1838 :cumdederint
341 1790 437 1855 quem
450 1769 607 1836 videntem
626 1791 663 1836 ac
680 1770 864 1858 vigilantem
881 1770 928 1838 sic
946 1770 1074 1838 eluseri-

66 1892 87 1946 t,
111 1862 257 1952 sopitum
269 1871 392 1950 oportet
404 1861 535 1944 fallatis,
552 1864 650 1931 immo
662 1885 793 1932 necesse
806 1872 864 1931 est
891 1864 926 1930 in
938 1886 976 1931 eo
989 1865 1073 1931 enim
1093 1883 1107 1931 7

66 1981 107 2027 ιο
137 1978 191 2024 res
218 1965 292 2023 sunt
315 1965 453 2036 nostrae,
485 1966 521 2023 ut
544 1957 636 2025 vobis
662 1981 722 2046 ego
747 1958 851 2047 magis
877 1958 1074 2028 necessitatis

67 2062 168 2120 >strae
192 2050 290 2119 index
314 2072 411 2138 quam
440 2051 562 2119 consilii
592 2063 701 2122 auctor
732 2054 802 2122 sim.
845 2076 949 2140 neque
979 2055 1107 2134 enim,s

67 2145 199 2217 sneatis
215 2168 257 2213 an
273 2143 393 2213 abestis
410 2146 499 2226 hinc,
526 2146 691 2214 deliberari
711 2157 831 2235 potest,
857 2171 931 2215 oum
951 2158 1075 2236 praeter

67 2266 128 2311 mn
155 2250 189 2308 et
215 2239 337 2309 animos
364 2264 522 2308 armorum
547 2263 702 2308 memores
728 2241 806 2306 nihil
832 2241 924 2309 vobis
946 2243 1074 2309 fortuna

67 2335 155 2425 liqui
181 2333 305 2416 fecerit,
334 2335 481 2422 fameque
507 2346 539 2403 et
565 2335 617 2401 siti
642 2335 840 2402 moriendum
865 2336 920 2415 sit,
948 2336 977 2402 si
1000 2337 1073 2424 plus

67 2455 139 2499 ram
160 2429 247 2497 viros
268 2450 307 2498 ac
328 2429 489 2499 Romanos
516 2430 607 2498 decet
631 2429 751 2496 ferrum
776 2429 952 2497 timeamm.
998 2453 1073 2519 ergo
1091 2448 1107 2498 9

67 2551 102 2594 ta
119 2534 172 2594 est
191 2524 277 2592 sulus
293 2547 457 2614 erumpere
473 2525 548 2593 hinc
565 2535 659 2611 atque
677 2524 773 2592 abire.
816 2526 851 2590 id
867 2535 923 2592 aut
937 2526 1074 2592 interdiu

68 2631 94 2687 rt
112 2629 207 2687 nocte
225 2618 378 2688 faciamus
397 2630 528 2709 oportet.
572 2641 646 2688 ecce
665 2629 772 2687 autem
788 2619 875 2687 uliud
890 2621 995 2687 minus
1014 2620 1072 2687 du·
1091 2639 1122 2688 ιο

68 2739 140 2783 ιιιιι.
169 2714 286 2802 quippe
303 2714 332 2782 si
348 2715 404 2781 lux
421 2724 628 2804 exspectetur,
646 2737 728 2803 quae
747 2738 820 2804 spes
834 2725 895 2797 est,
913 2739 978 2782 non
990 2714 1073 2782 vallo

68 2817 196 2898 erpetuo
217 2808 367 2896 fossaque
387 2832 447 2877 nos
469 2819 651 2898 saepturum
672 2810 810 2891 hostem,
833 2811 888 2897 qui
904 2833 989 2877 nunc
1006 2832 1074 2878 cor-

68 2904 173 2973 tribus
188 2903 254 2970 suis
268 2903 417 2972 subiectis
430 2905 569 2992 undique
583 2905 728 2986 cinxerit,
747 2914 783 2972 ut
794 2905 923 2985 videtis,
942 2905 1074 2972 collem?

68 3000 129 3088 qni
154 2998 183 3066 si
204 3021 270 3067 nox
289 3009 445 3087 oportuna
461 3010 510 3067 est
528 3000 697 3090 eruptioni,
719 3000 801 3067 sicut
819 3010 882 3079 cst,
855 3000 984 3067 thaeo
1001 3020 1074 3087 pro-

69 3103 126 3161 οιο
143 3093 247 3162 noctis
268 3094 434 3182 aptissima
454 3095 532 3162 hora
552 3104 610 3162 est.
655 3095 747 3183 signo
769 3049 926 3161 secundus
947 3094 1073 3182 vigiliae
1093 3114 1123 3162 ιι

69 3187 250 3269 tumuistis,
276 3189 362 3275 qnod
383 3199 507 3302 tempus
529 3189 677 3257 mortales
700 3210 811 3255 somno
832 3186 986 3254 altissimo
1002 3207 1075 3272 prs-

69 3283 106 3352 it.
152 3305 212 3372 per
233 3305 365 3371 corpora
375 3286 490 3374 sopita
505 3284 628 3352 vadetis
645 3284 698 3351 vel
715 3282 838 3351 silentio
854 3282 996 3348 incantos
1014 3280 1075 3346 fal-

69 3387 144 3447 ntes
167 3377 220 3446 vsl
241 3378 448 3447 sentieutssrus
470 3379 606 3446 clamore
629 3377 733 3446 subito
753 3398 903 3466 pavorem
919 3374 1073 3442 iniecturi.

70 3473 208 3543 emodo
226 3474 406 3562 sequimini,
424 3497 519 3562 quem
533 3474 633 3542 secuti
645 3474 735 3540 estis:
754 3494 814 3560 ego
827 3472 974 3551 eandem,
992 3493 1074 3557 quae
1093 3492 1124 3541 ιι

69 3570 132 3638 uit
144 3567 226 3648 huc,
244 3591 359 3657 sequar
375 3568 543 3637 fomunam.
570 3565 685 3655 quibus
702 3567 782 3634 haec
800 3566 949 3634 salutsria
964 3565 1075 3633 viden-

70 3684 99 3747 r,
117 3661 299 3752 agitedum,
315 3664 350 3731 in
367 3663 510 3732 dextrum
526 3672 648 3751 partem
665 3661 799 3750 pedibus
817 3661 968 3729 transite?

101 3756 281 3827 XXXVL
313 3755 436 3828 Omnes
454 3757 643 3826 transiemnt
659 3758 889 3844 vadentemque
905 3779 963 3845 per
978 3756 1074 3823 iuter·
1092 3779 1105 3824 1

70 3849 141 3923 issa
162 3853 315 3922 custodiis
331 3853 403 3922 loca
418 3851 557 3921 Decium
576 3851 675 3919 secuti
697 3861 780 3920 sunt.
824 3853 888 3919 iam
910 3858 1074 3919 evaserant
1091 3869 1107 3916 ι

70 3948 149 4018 edis
171 3957 289 4029 matra,
317 3970 390 4016 oum
412 3946 662 4036 superscandens
683 3947 818 4037 vigilum
840 3955 938 4014 strata
962 3963 1074 4022 somno

70 4066 175 4135 rpora
191 4043 283 4114 miles
301 4042 423 4114 offenso
442 4052 532 4112 scuto
548 4040 694 4131 praebuit
711 4042 846 4111 sonitum
848 4090 883 4197 ἑὸ
880 4061 944 4170 gno
957 4037 1074 4106 excitu-
