2566 4524
240 196 243 200 Δ
314 252 434 311 mem
452 256 506 326 vr,
526 255 568 310 12.
581 255 623 310 13.
642 253 794 326 [adasa]
1005 243 1069 312 317

67 416 207 482 seminario
226 413 342 501 exiguo
359 413 492 478 militum
509 413 631 491 relicto,
655 412 782 478 servitia
798 413 943 480 Romana
960 412 1001 480 ab
1019 436 1073 482 so·

67 511 170 577 itudine
188 510 356 575 vindicant.
395 509 508 596 ingens
531 519 628 588 certe,
656 511 741 593 quod
762 509 844 574 inter
864 532 974 578 omnes
996 528 1106 582 aue-t

67 629 125 673 ores
151 603 309 682 convenit,
344 625 536 690 quamquam
565 625 666 690 nuper
692 602 828 668 Camilli
849 604 946 669 ductu
976 614 1071 691 atque

67 702 180 789 ‚uspicio
198 699 320 766 accisae
337 691 387 764 res
406 708 509 778 erant,
531 698 722 766 Volscorum
743 699 898 767 exercitus
920 700 991 766 fuit.
1030 699 1073 767 ad

67 821 103 864 ‚oc
122 796 232 863 Latini
252 794 447 879 Hernicique
472 802 673 860 accesserant
699 803 730 858 et
743 794 980 861 Cerceiensium
1002 795 1073 880 qui-

67 902 162 960 amet
181 890 284 957 coloni
301 889 395 954 etiam
413 912 433 954 a
450 888 579 954 Velitris
597 888 744 954 Romani.

101 987 259 1064 Dictator,
278 984 388 1050 castris
406 1005 446 1049 eo
462 984 513 1049 die
530 983 655 1071 positis,
674 992 800 1069 postero
818 1006 890 1049 cum
908 985 1071 1071 auspicato
1090 1005 1106 1054 7

67 1083 196 1149 rodisset
213 1079 379 1164 hostiaque
402 1099 495 1144 caesa
516 1101 628 1164 pacem
649 1079 745 1143 deum
766 1078 943 1157 adorasset,
970 1078 1072 1146 laetus

67 1180 79 1244 l
95 1178 211 1243 milites
230 1176 293 1240 iam
311 1197 398 1240 arma
415 1175 457 1239 ad
473 1173 669 1261 propositum
686 1196 812 1260 pugnae
831 1173 971 1261 signum,
990 1174 1072 1239 sicut

67 1275 177 1338 lictum
195 1279 271 1348 erat,
289 1269 359 1335 luce
377 1270 479 1355 prima
496 1270 654 1355 capientes
672 1268 834 1354 processit.
871 1273 993 1334 ‘nostra
1006 1268 1072 1333 vic-
1089 1287 1105 1337 8

67 1369 117 1434 ria
135 1376 198 1445 est,
217 1365 355 1443 milites‚'
376 1364 479 1448 inquit
497 1363 633 1449 ‘siquid
651 1363 684 1427 di
700 1373 828 1430 vatesve
845 1385 954 1429 eorum
971 1357 1074 1450 infu-

67 1486 145 1528 rum
162 1462 279 1526 vident.
314 1459 435 1543 itaque,
454 1468 489 1523 ut
506 1458 596 1524 decet
614 1468 717 1523 certae
735 1458 803 1545 spei
820 1458 931 1545 plenos
950 1468 981 1523 et
999 1480 1073 1524 cum

67 1557 202 1645 paribus
229 1576 342 1620 manus
374 1563 588 1632 conserturos,
624 1554 697 1640 pilis
728 1566 801 1619 ante
832 1555 929 1640 pedes
960 1555 1072 1640 positis

67 1653 152 1718 adiis
171 1659 293 1715 tantum
310 1649 437 1714 dextms
455 1671 623 1715 armemus.
659 1671 699 1714 ne
721 1649 862 1734 procurri
884 1648 1013 1734 quidem
1030 1647 1071 1716 ab

67 1749 103 1813 :ie
126 1746 238 1822 velim,
266 1745 323 1810 sed
344 1743 478 1809 obnixos
501 1766 558 1809 vos
581 1742 687 1810 stabili
708 1744 810 1828 gradu
836 1744 990 1829 impetum
1015 1744 1073 1808 ho-

67 1843 135 1907 ium
152 1840 306 1924 excipere.
342 1838 398 1903 ubi
419 1838 465 1902 illi
487 1861 569 1904 vana
589 1837 753 1903 iniecerint
775 1837 907 1902 missilia
925 1846 957 1902 et
978 1837 1073 1903 effusi
1090 1856 1105 1906 9

67 1935 195 2002 antibus
213 1933 304 1999 vobis
323 1956 358 1999 se
376 1933 550 2012 intulerint,
578 1943 646 1998 tum
664 1934 780 1998 micent
797 1932 896 2020 gladii
919 1941 950 1999 et
968 1933 1073 1998 veniat

67 2085 70 2095 .
87 2040 228 2096 mentem
245 2028 427 2112 unicuique,
446 2028 522 2093 deos
540 2050 625 2108 esse,
644 2029 700 2112 qui
716 2028 896 2094 Romanum
914 2029 1072 2108 adiuvent,

67 2148 129 2204 ms,
156 2124 213 2207 qui
235 2122 381 2189 secundis
404 2121 515 2187 avibus
533 2123 567 2187 in
588 2122 742 2209 proelium
759 2124 910 2189 miserint.
954 2133 1003 2203 tu,
1031 2122 1070 2190 T.
1091 2141 1123 2191 10

67 2219 185 2300 uincti,
213 2219 350 2301 equitem
366 2217 505 2281 intentus
523 2217 565 2281 ad
581 2217 719 2302 primum
735 2217 859 2281 initium
877 2218 955 2282 moti
973 2227 1073 2283 certa

67 2316 132 2380 inis
150 2323 274 2391 teneas3
291 2311 347 2376 ubi
364 2311 492 2376 haerere
509 2310 573 2375 iam
591 2311 692 2376 aciem
710 2311 834 2376 conlato
847 2311 928 2397 pede
945 2311 1071 2389 videris,

67 2433 104 2475 m
122 2419 274 2473 terrorem
292 2415 467 2491 equestrem
485 2406 645 2491 occupatis
664 2406 727 2471 alio
743 2427 859 2492 pavore
873 2403 955 2470 infer
966 2405 1074 2469 invec-

67 2525 153 2588 sque
171 2503 297 2567 ordines
314 2501 523 2588 pugnantium
541 2498 680 2587 dissipa?
715 2499 762 2565 sic
780 2520 885 2585 eques,
905 2499 951 2564 sic
963 2497 1071 2584 pedes,
1092 2517 1123 2567 11

67 2608 74 2661 t
91 2605 302 2683 praeceperat,
321 2604 473 2682 pugnant,
492 2617 551 2660 nec
569 2596 635 2660 dux
652 2594 794 2681 legiones
812 2615 871 2659 neo
888 2592 1014 2659 fortuna
1027 2591 1074 2658 fe-

67 2692 120 2757 llit
137 2692 262 2756 ducem.
943 2679 976 2711 ⁴

100 2785 205 2854 XHI.
244 2783 417 2850 Multitudo
435 2784 587 2862 hostium,
612 2782 691 2848 nulli
711 2784 757 2849 rei
779 2791 997 2870 praeterquam
1014 2801 1106 2851 nu-1

67 2904 126 2948 ,ero
144 2881 225 2945 freta
239 2888 271 2944 et
284 2879 382 2944 oculis
397 2887 562 2963 utramque
575 2879 707 2944 metiens
721 2879 831 2957 aciem,
851 2889 968 2945 temere
981 2900 1075 2964 proe-

67 2999 116 3041 um
133 2976 217 3053 iniit,
244 2984 361 3039 temere
384 2974 503 3051 omisit3
531 2972 667 3039 clamore
689 2985 812 3039 tantum
834 2974 1106 3058 missilibusquet

67 3071 110 3136 lis
133 3081 164 3136 et
186 3070 288 3156 primo
309 3091 435 3154 pugnae
458 3069 577 3153 impetu
599 3069 690 3134 ferox
711 3069 833 3154 gladios
860 3078 892 3133 et
914 3068 1073 3133 conlatum

67 3162 156 3230 edem
172 3175 202 3231 et
219 3165 342 3230 vultum
360 3162 460 3229 hostis
478 3165 588 3228 ardore
606 3165 702 3228 animi
720 3165 888 3228 micantem
909 3162 991 3227 ferre
1009 3183 1074 3226 non

67 3259 163 3324 otuit..
187 3259 316 3345 inpulsa
332 3257 418 3323 frons
437 3260 538 3344 prima
556 3268 587 3323 et
604 3258 770 3344 trepidatio
792 3256 942 3324 subsidiis
965 3255 1071 3321 inlata.
1090 3276 1105 3324 3

67 3362 75 3415 t
89 3377 182 3419 suum
201 3364 352 3418 terrorem
368 3353 471 3418 intulit
489 3375 601 3437 eques3
618 3355 701 3438 rupti
717 3352 790 3417 inde
807 3352 914 3418 multis
927 3351 1005 3418 locis
1023 3372 1074 3416 or-

67 3443 128 3513 ines
142 3458 292 3532 motaque
306 3449 411 3514 omnia
424 3462 455 3512 et
468 3448 648 3513 fluctuantis
663 3449 773 3514 similis
788 3449 871 3513 acies
886 3456 961 3514 erat.
988 3446 1072 3526 dein,

67 3557 209 3628 ostquam
227 3542 411 3608 cadentibus
429 3543 537 3629 primis
556 3543 620 3609 iam
637 3544 679 3607 ad
696 3566 731 3608 se
753 3544 887 3627 quisque
904 3551 1074 3629 perventu·

67 3653 108 3702 sm
128 3637 262 3703 caedem
283 3637 444 3714 credebat,
472 3651 562 3723 terga
584 3647 718 3702 vertunt.
753 3638 870 3703 instare
891 3638 1108 3717 Romanus34

67 3738 76 3792 t
89 3729 190 3796 donec
207 3732 319 3796 armati
337 3732 531 3816 confertique
544 3732 682 3810 abibant,
700 3734 842 3818 peditum
854 3732 944 3798 labor
955 3733 988 3797 in
1001 3754 1072 3818 per·

67 3825 205 3909 equando
221 3824 295 3891 suit:
312 3842 480 3912 postquam
496 3827 604 3892 iactari
621 3823 709 3892 arma
725 3829 846 3913 passim
858 3827 998 3913 fugaque
1016 3845 1073 3909 per

67 3940 134 4004 gros
153 3921 262 4008 spargi
279 3922 380 3987 aciem
397 3924 535 3988 hostium
552 3923 805 3987 animadversum
823 3931 881 3999 est,
900 3931 967 3985 tum
984 3917 1073 4002 equi·

67 4034 108 4080 rm
119 4026 244 4082 turmae
256 4018 390 4083 emissae
404 4017 477 4083 dato
490 4019 592 4104 signo,
610 4039 651 4082 ne
663 4019 697 4082 in
710 4016 907 4102 singulorum
918 4010 1072 4079 morando
