2566 4524
308 278 428 333 nnana
445 278 503 348 111,
521 277 598 333 2-4,
619 281 657 346 [a.
668 276 857 349 c.4or-4u]
1037 272 1098 337 127

70 438 185 521 Aequi,
204 436 350 523 pulsique
364 457 437 500 cum
449 433 484 499 in
495 435 574 500 fines
588 458 662 501 suos
677 458 712 501 se
724 436 923 522 recepissent,
942 439 1040 505 nihilo
1052 441 1101 505 in-
1196 431 1201 439 ⁵

71 530 284 598 clinatioribus
311 530 352 594 ad
372 551 483 615 pacem
505 529 617 594 animis
638 530 729 596 ferox
751 531 917 596 multitudo
939 534 1100 622 increpare

68 627 174 703 duces,
195 623 282 708 quod
298 624 332 688 in
349 624 458 701 aciem,
477 645 541 708 qua
557 625 720 710 pugnandi
738 634 804 690 arte
816 625 979 692 Romanus
998 630 1101 694 excel-

67 719 126 798 lat,
149 719 387 784 commissuras
407 716 456 782 sit
491 715 622 801 Aequos
640 718 893 803 populationibus
915 722 1149 794 incursioni-13

10 826 12 831 '
69 814 190 898 busque
209 813 353 878 meliores
372 833 443 897 esse
461 821 493 876 et
515 812 629 877 multas
652 814 771 898 passim
790 836 902 879 manus
920 838 1016 900 quam
1033 841 1100 883 ma-

66 931 163 996 gnam
181 906 298 973 molem
316 906 409 971 unius
428 907 583 971 exercitus
601 908 716 971 rectius
735 907 818 973 bella
834 931 952 996 gerere.

127 1002 194 1067 ΠΙ.
235 1001 359 1066 Relicto
385 1001 490 1085 itaque
517 1001 627 1066 castris
659 1003 815 1087 praesidio
846 1006 966 1090 egressi
1010 1016 1097 1073 tanto
1118 1029 1130 1076 1
1234 1040 1237 1045 ·

10 1124 13 1129 ·
63 1119 136 1163 cum
156 1096 295 1161 tumultu
312 1097 455 1161 invasere
473 1095 551 1160 fines
569 1096 745 1174 Romanos,
773 1108 808 1161 ut
829 1098 871 1162 ad
887 1099 997 1165 urbem
1018 1123 1098 1184 quo-

62 1212 125 1276 que
148 1201 303 1256 terrorem
323 1189 514 1276 pertulerint.
551 1190 737 1276 necopinata
759 1190 852 1256 etiam
873 1215 924 1257 res
946 1195 1017 1278 plus
1036 1207 1130 1263 tre-2

62 1286 236 1373 pidationis
250 1285 335 1362 fecit,
354 1284 440 1369 quod
452 1284 530 1348 nihil
543 1284 656 1362 minus,
677 1305 820 1368 quamne
834 1287 936 1352 victus
950 1310 987 1353 ac
999 1310 1098 1374 prope

64 1381 98 1444 iu
116 1381 230 1445 castris
248 1379 399 1445 obsessus
414 1379 514 1444 hostis
527 1401 647 1443 memor
659 1378 869 1465 populationis
884 1392 976 1460 esset,
996 1382 1099 1447 timeri

62 1485 188 1563 poterat
210 1484 415 1564 agrestesque
431 1474 538 1562 pavidi
555 1476 728 1540 incidentes
745 1474 858 1560 portis,
885 1499 950 1541 non
965 1475 1098 1564 popule-
1116 1498 1130 1545 e

64 1571 183 1637 tionem
205 1592 266 1635 nec
287 1570 482 1656 praedonum
504 1592 617 1655 parvas
636 1593 762 1647 manus,
791 1571 861 1647 sed,
889 1571 994 1636 omnia
1015 1594 1097 1637 vano

63 1675 218 1753 augentes
236 1665 361 1741 timore,
389 1664 544 1728 exercitus
562 1675 594 1728 et
610 1664 751 1750 legiones
773 1665 884 1730 adesse
906 1666 1044 1731 hostium
1067 1676 1099 1731 et

62 1760 180 1826 infesto
204 1760 331 1846 agmine
352 1780 443 1824 ruere
465 1759 506 1823 ad
530 1757 641 1823 urbem
668 1758 854 1823 clamabant.
895 1759 935 1824 ab
961 1760 1000 1825 iis
1026 1780 1132 1845 pro-4

63 1877 160 1921 xume
179 1854 287 1919 audita
303 1853 423 1918 incerta
440 1874 539 1937 eoque
557 1853 685 1917 vaniora
703 1852 776 1916 ferri
798 1853 840 1917 ad
862 1853 949 1918 alios.
986 1876 1096 1918 cursus

63 1950 246 2033 clamorque
272 1948 452 2013 vocantium
479 1948 519 2011 ad
550 1970 637 2012 arma
662 1947 739 2011 haut
773 1948 906 2011 multum
936 1971 956 2012 a
980 1970 1096 2035 pavore

10 2060 15 2065 '
67 2054 176 2130 captae
193 2043 283 2109 urbis
301 2042 424 2107 abesse.

132 2138 227 2203 Forte
253 2136 294 2202 ab
316 2135 437 2224 Algido
460 2134 627 2219 Quinctius
655 2137 765 2201 consul
790 2137 924 2203 redierat
948 2137 1130 2205 Romame

66 2234 101 2299 id
117 2235 255 2299 medium
274 2232 377 2297 timori
393 2232 454 2296 fuit
471 2232 669 2314 tumultuque
687 2232 794 2296 sedato
812 2232 912 2297 victos
931 2234 1032 2298 timeri
1048 2234 1096 2298 in-

64 2348 198 2415 crepans
214 2329 333 2405 hostes,
351 2327 508 2413 praesidia
524 2325 622 2412 portis
640 2326 788 2410 inposuit.
826 2336 937 2391 vocato
955 2328 1028 2391 dein
1046 2349 1096 2392 se-
1115 2348 1129 2395 e

64 2434 151 2503 natu,
171 2444 244 2488 cum
273 2445 314 2487 ex
331 2422 514 2487 auctoritate
532 2431 655 2506 patrum
687 2420 806 2485 iustitio
824 2420 941 2485 indicto
973 2422 1097 2507 profec-

65 2528 117 2584 tus
141 2519 187 2583 ad
208 2517 356 2582 tutandos
377 2515 456 2580 fines
479 2525 577 2592 esset,
606 2513 647 2597 Q.
672 2512 806 2580 Servilio
828 2515 986 2599 praefecto
1008 2515 1096 2579 urbis

10 2672 14 2677 .
64 2613 184 2690 relicto,
202 2612 326 2677 hostem
342 2611 376 2676 iu
393 2611 478 2697 agris
495 2632 559 2674 non
576 2610 706 2673 invenit.

10 2790 15 2795 Ι
129 2706 187 2772 Ab
205 2707 302 2771 altero
320 2706 518 2771 consuleres
535 2716 627 2791 gesta
645 2703 771 2790 egregie
790 2714 851 2782 est,
870 2704 925 2788 qui
942 2726 1005 2789 qua
1021 2726 1097 2768 ven·
1116 2726 1130 2770 r

64 2810 172 2866 turum
196 2801 320 2866 hostem
343 2800 475 2878 sciebat,
503 2820 632 2886 gravem
654 2800 771 2885 praeda
794 2822 893 2884 eoque
913 2800 1098 2885 inpeditiore

66 2897 193 2984 agmine
210 2896 407 2961 incedentem
424 2896 605 2982 adgressus,
625 2894 782 2959 funestam
799 2895 1033 2980 populationem
1050 2893 1098 2958 fe-

64 2992 117 3056 cit.
153 2991 248 3077 pauci
264 2990 404 3056 hostium
422 3011 550 3055 evasere
569 3011 609 3052 ex
626 2989 761 3066 insidiis,
784 2990 903 3073 praeda
924 2988 1026 3053 omnis
1049 3010 1098 3053 re·
1115 3007 1131 3056 8

66 3094 160 3169 cepta
176 3095 233 3151 est.
266 3084 316 3150 'sic
332 3085 428 3149 finem
445 3084 573 3160 iustitio,
592 3084 678 3166 quod
695 3084 905 3167 quadn'duum
923 3083 996 3159 fuit,
1016 3082 1097 3146 redi-

66 3190 121 3243 tus
140 3176 267 3262 Quincti
285 3178 423 3245 consulis
441 3179 474 3242 in
491 3177 602 3242 urbem
620 3176 705 3241 fecit.

130 3271 258 3340 Census
275 3273 388 3339 deinde
406 3281 495 3338 actus
513 3283 545 3337 et
557 3272 718 3337 conditum
733 3269 772 3335 ab
787 3268 935 3351 Quinctio
953 3269 1096 3334 lustrum.
1116 3287 1131 3335 9

62 3382 161 3433 censa
174 3369 292 3433 civium
305 3368 408 3454 capita
421 3377 547 3432 centum
560 3376 707 3451 quattuor
719 3364 805 3428 milia
818 3386 855 3427 ac
869 3374 994 3428 centum
1007 3372 1098 3447 quat-

63 3463 239 3530 tuordecim
256 3462 402 3528 dicuntur
418 3470 542 3548 praeter
559 3459 651 3525 orbos
670 3458 834 3542 orbusque.
867 3457 899 3521 in
913 3457 1035 3540 Aequis
1049 3458 1097 3522 ni-
1117 3477 1148 3525 10

60 3556 108 3622 hil
125 3557 242 3623 deinde
259 3555 461 3622 memorabile
479 3565 597 3621 actum:
621 3555 653 3619 in
672 3553 787 3639 oppida
805 3546 863 3616 s'ua
885 3575 920 3617 se
941 3574 1096 3636 recepere,

62 3653 112 3718 uri
130 3676 191 3719 sua
207 3651 413 3740 popularique
425 3649 523 3738 passi.
550 3648 662 3715 consid
676 3671 748 3712 cum
762 3647 946 3731 aliquotiens
960 3669 1018 3732 per
1030 3668 1097 3711 om-

61 3768 137 3813 nem
160 3747 302 3813 hostium
324 3768 436 3833 agrum
456 3742 575 3810 infesto
597 3743 723 3830 agmine
744 3741 986 3828 populabundus
1008 3741 1096 3836 isse&

62 3864 137 3909 cum
152 3843 278 3929 ingenti
294 3841 387 3906 laude
404 3841 583 3928 praedaque
601 3839 738 3904 Romam
755 3837 856 3902 rediit.

128 3936 211 4003 ΠΠ.
250 3936 406 4002 Consules
429 3936 501 4000 inde
514 3936 557 4000 A.
572 3933 755 4000 Postumius
774 3932 888 4010 Albus,
910 3929 966 4015 Sp.
980 3927 1095 3993 Furius
1115 3945 1129 3991 1

61 4032 182 4099 Fusus.
217 4032 332 4098 Furios
350 4031 465 4099 Fusios
484 4032 636 4117 scripsere
655 4028 797 4113 quidam3
819 4027 853 4090 id
870 4026 1037 4097 admoneo,
1056 4039 1098 4083 ne
