2566 4524
302 291 420 347 maan
436 292 492 364 v1,
509 292 552 347 21.
565 293 607 348 aa.
627 297 665 362 [a
676 292 706 347 c.
717 292 866 364 am-sa]
1037 281 1102 350 327

77 462 276 536 auctoresque
295 450 480 517 defectionis
497 450 539 518 ab
551 450 705 518 Romanis
722 462 823 533 metu,
842 476 882 520 ne
901 454 960 521 soli
977 454 1100 523 crimini

77 547 204 617 subiecti
220 545 346 634 piacula
365 545 431 613 irae
448 545 663 613 Romanorum
685 546 885 628 dederentur,
912 549 1100 618 avertissent

77 643 209 712 colonias
227 666 248 708 a
265 640 404 709 consiliis
421 640 519 728 pacis.
550 663 653 726 neque
669 641 704 707 iu
722 652 833 708 senatu
851 643 954 710 solum
970 667 1027 732 per
1044 663 1135 716 coss

78 740 184 830 egatio
207 738 348 826 inpedita
369 747 431 818 est,
460 737 517 804 sed
538 761 655 826 magna
675 761 750 826 pars
771 737 874 827 plebis
896 741 1037 823 incitata,
1064 754 1101 809 ut

77 835 255 922 rmedatum
275 833 310 899 iu
334 855 447 922 agrum
467 833 648 899 Romanum
674 834 805 908 exirem.
841 834 920 901 haec
945 859 1029 904 nova
1052 838 1101 903 in-

77 930 148 997 uria
169 927 350 995 exturbavit
371 950 498 994 omnem
520 950 609 1016 spem
631 929 728 1015 pacis.
765 930 805 995 de
822 929 1100 998 Praenestinorum
1118 950 1133 1001 a

77 1045 194 1110 quoque
213 1021 389 1089 defectione
407 1045 444 1089 eo
463 1044 544 1088 anuo
561 1022 699 1109 primum
716 1022 802 1089 sama
820 1036 943 1105 exorta3
965 1049 1100 1114 arguen-

77 1120 218 1205 ibusque
236 1140 290 1184 eos
309 1117 499 1183 Tusculanis
518 1128 549 1183 et
563 1115 697 1184 Gabinis
716 1126 748 1182 et
758 1117 946 1199 Labicanis,
965 1142 1100 1205 quorum

77 1238 101 1279 u
116 1213 198 1280 lines
215 1213 409 1279 incursatum
427 1221 507 1291 erat,
525 1212 571 1277 ita
582 1211 705 1298 placide
724 1211 764 1278 ab
783 1222 895 1278 senatu
911 1235 1100 1301 responsum

77 1318 133 1390 est,
159 1318 193 1374 ut
215 1308 320 1374 minus
343 1307 427 1373 credi
449 1307 488 1371 de
510 1305 706 1386 criminibus,
734 1307 807 1392 quia
828 1307 948 1374 nollent
970 1331 1100 1376 cavera

77 1426 153 1482 csse,
172 1410 346 1490 appareret.

130 1498 252 1564 XXII.
279 1496 464 1583 Insequenti
481 1518 562 1562 anno
578 1494 634 1583 Sp,
654 1507 686 1562 et
697 1497 739 1561 L.
753 1495 874 1583 Papirii
890 1498 965 1564 novi
982 1497 1101 1565 tribuni
1118 1519 1132 1568 1

77 1593 202 1660 nilitum
217 1592 373 1658 consulari
386 1599 541 1678 potestate
549 1590 686 1658 Velitras
700 1591 842 1679 legiones
857 1591 990 1672 duxere,
1008 1602 1101 1678 quat·

77 1697 139 1755 tuor
156 1686 301 1775 collegis,
322 1683 391 1753 Ser.
407 1684 555 1753 Cornelio
573 1685 790 1773 Maluginensi
808 1686 947 1766 tertium,
967 1686 1009 1771 Q.
1025 1686 1102 1755 Ser-

77 1783 156 1862 vilio,
189 1780 228 1848 C.
258 1779 413 1867 Sulpicio,
444 1780 486 1845 L.
514 1778 652 1846 Aemilio
678 1789 824 1865 quartum
851 1779 1027 1867 (tribunis),
1058 1781 1100 1848 ad

77 1877 259 1963 praesidium
282 1875 368 1941 urbis
391 1884 423 1941 et
441 1875 469 1939 si
486 1875 542 1960 qui
554 1897 599 1940 ex
616 1875 744 1941 Etruria
761 1874 836 1941 novi
853 1883 957 1942 motus
974 1876 1101 1943 nuntia-

82 1980 174 2038 rentur
190 2011 234 2054 ss
252 1969 358 2036 omnia
375 1969 459 2035 enirn
476 1968 550 2034 inde
568 1979 717 2056 suspecta
734 1978 823 2035 erant
840 2007 882 2018 -
899 1969 1027 2037 relictis.
1059 1971 1100 2037 ad
1118 1990 1134 2039 r

84 2061 204 2132 Velitras
232 2066 383 2131 adversus
410 2064 529 2129 maiora
553 2086 654 2150 paene
680 2064 797 2130 auxilia
821 2062 1102 2132 Praenestinorum

84 2177 164 2244 quam
192 2161 297 2247 ipsam
327 2158 509 2225 colonorum
540 2158 772 2224 multitudinem
808 2160 946 2226 secundo
981 2161 1100 2246 proelio

85 2265 244 2344 pugnatum
266 2261 315 2319 est
335 2253 394 2332 ita,
421 2262 457 2318 ut
477 2253 695 2340 propinquitas
722 2251 809 2318 urbis
836 2251 921 2318 hosti
946 2262 977 2318 et
1003 2276 1100 2321 causa

84 2350 245 2416 maturioris
272 2349 370 2436 fugae
396 2352 552 2414 etOunum
579 2369 619 2412 ex
643 2346 723 2433 fuga
748 2345 981 2432 receptaculum
1004 2357 1097 2414 esset.

81 2443 177 2533 oppidi
201 2441 436 2532 oppugnatione
462 2440 579 2507 tribuni
606 2439 798 2517 abstinuere,
825 2439 900 2524 quia
926 2449 957 2506 et
983 2462 1135 2528 ancepsu

81 2548 138 2604 erat
165 2561 225 2605 nec
254 2539 289 2603 in
318 2534 488 2624 perniciem
519 2534 660 2601 coloniae
685 2535 892 2623 pugnandum
918 2534 1099 2603 censebant.

80 2629 176 2700 literae
192 2633 329 2698 Romam
352 2631 393 2698 ad
411 2639 555 2697 senatum
573 2651 646 2696 cum
663 2629 811 2694 victoriae
829 2628 946 2694 nuntiis
964 2629 1099 2714 acriores

77 2725 104 2793 iu
130 2725 373 2794 Praenestinum
403 2748 499 2812 quam
528 2724 563 2790 in
587 2722 787 2790 Veliternum
816 2722 942 2789 hostem
972 2724 1099 2790 missae.

77 2821 176 2908 itaque
197 2843 238 2888 ex
260 2829 388 2888 senatus
411 2819 555 2886 consulto
571 2818 743 2906 populique
760 2817 851 2884 iussu
868 2816 986 2884 bellum
1002 2817 1135 2887 Prae-4

77 2915 202 2984 aestiuis
223 2916 389 2994 indictum,
416 2914 472 3000 qui
493 2913 652 2980 coniuncti
668 2911 797 2979 Volscis
815 2934 898 2978 anno
915 2913 1101 2999 insequente

77 3008 244 3090 Satricum,
266 3009 422 3076 coloniam
443 3008 553 3095 populi
570 3007 707 3074 Romani
727 3006 927 3094 pertinaciter
944 3031 964 3073 a
981 3007 1101 3074 colonis

77 3105 248 3184 defensam,
275 3106 308 3172 vi
329 3113 551 3193 expugnarunt
572 3102 728 3188 foedeque
749 3103 784 3168 in
806 3101 906 3188 captis
933 3123 1100 3183 exercuere

77 3199 243 3268 uictoriam.
279 3223 348 3267 eam
366 3222 434 3265 rem
451 3221 545 3286 aegre
561 3198 649 3286 passi
666 3196 802 3265 Romani
819 3195 867 3261 M.
885 3195 1018 3261 Furium
1037 3194 1135 3264 Cat

77 3295 192 3362 nillum
210 3305 335 3361 sextum
348 3292 507 3360 tribunum
520 3292 655 3358 militum
668 3313 822 3357 creavere.
849 3289 948 3356 additi
960 3289 1100 3378 collegae

77 3389 109 3458 i.
129 3400 163 3457 et
179 3391 223 3456 L.
240 3389 398 3456 Postumii
414 3387 613 3475 Regillenses
631 3409 669 3452 ac
686 3387 728 3451 L.
746 3385 863 3452 Furius
881 3407 953 3451 cum
969 3386 1012 3451 L.
1030 3387 1102 3452 Lu-

77 3486 166 3554 cretio
184 3494 218 3551 et
233 3483 281 3550 M.
298 3483 401 3551 Fabio
418 3480 588 3549 Ambusto.

131 3578 290 3647 Volscum
310 3578 430 3646 bellum
451 3576 499 3642 M.
522 3575 620 3643 Furio
646 3585 735 3642 extra
761 3575 902 3641 ordinem
928 3576 1134 3646 decretums

77 3674 194 3743 uliutor
211 3695 251 3739 ex
270 3671 402 3743 tribunis
420 3681 504 3739 sorte
520 3671 563 3738 L.
581 3671 697 3737 Furius
719 3671 825 3750 datur,
852 3693 916 3736 non
938 3679 1004 3736 tam
1026 3691 1045 3736 e
1065 3691 1100 3735 re

77 3769 197 3859 publica
214 3790 309 3853 quam
327 3778 362 3834 ut
374 3767 514 3855 collegae
526 3766 658 3832 materia
670 3766 712 3832 ad
727 3787 854 3832 omnem
865 3764 992 3831 laudem
1005 3773 1099 3842 esset,

77 3862 258 3955 etpublice,
280 3865 367 3950 quod
386 3885 455 3930 rem
475 3862 649 3928 temeritate
671 3861 739 3927 eius
756 3860 936 3948 prolapsam
953 3855 1098 3935 restituit,

77 3958 280 4048 etprivatim,
297 3958 383 4045 quod
401 3981 441 4025 ex
459 3978 562 4024 errore
578 3954 713 4045 gratiam
728 3955 834 4043 potius
848 3954 915 4020 eius
929 3951 990 4018 sibi
1002 3955 1099 4034 quam

77 4072 161 4120 suam
186 4052 320 4142 gloriam
340 4053 439 4142 petiit.
476 4059 604 4119 exactae
625 4047 821 4116 iam'aetatis
844 4045 998 4114 Camillus
1020 4052 1132 4124 erat?
