2566 4524
52 335 55 340 .
150 274 214 341 326
365 282 484 340 ummo
500 283 555 355 vr,
573 283 616 338 20.
631 283 674 339 21.
693 258 964 355 [anacteam]

148 440 1163 533 dum
1199 538 1202 579 ι

764 584 775 616 2

148 633 275 700 homine
293 642 325 699 et
342 631 475 698 eximiae
488 631 607 719 gloriae
620 640 859 699 monumentum
873 641 905 698 et
916 654 1040 720 poenae
1051 632 1160 701 ultimae

99 747 130 798 18
147 728 218 794 fuit.
255 727 394 793 adiectae
407 736 532 793 mortuo
545 735 638 792 notae
653 736 740 792 sunt:
757 726 885 815 publica
897 750 975 806 una,
994 727 1086 814 quod,
1102 751 1159 795 cum

149 822 262 889 domus
284 823 353 888 eius
371 821 498 901 fuisset,
521 819 577 888 ubi
594 844 679 888 nunc
696 821 791 888 aedes
809 831 903 908 atque
921 822 1051 890 officina
1066 823 1158 891 Mone-

148 924 199 983 tae
217 926 279 997 est,
301 916 401 983 latum
418 917 459 982 ad
476 915 629 1004 populum
647 930 709 996 est,
731 939 772 982 ne
789 917 860 1002 quis
877 915 1032 1005 patricius
1053 918 1155 985 inaroc

99 1030 133 1080 14
150 1020 205 1077 aut
232 1010 390 1100 Capitolio
415 1010 586 1091 habitaret3
620 1011 781 1100 gentilicia
810 1011 922 1092 altera,
958 1014 1045 1098 quod
1073 1012 1156 1102 gentis

147 1106 288 1175 Manliae
310 1109 436 1174 decreto
459 1116 587 1173 cautum
605 1116 667 1186 est,
689 1111 730 1172 ne
748 1107 820 1192 quis
839 1107 953 1176 deinde
971 1107 1021 1175 M.
1038 1107 1156 1175 Manlius

147 1213 322 1271 vocaretur.
357 1203 442 1269 hunc
460 1202 579 1268 exitum
595 1201 708 1268 habuit
724 1203 782 1283 vir,
805 1204 867 1270 nisi
883 1204 919 1271 in
935 1204 1036 1271 libera
1053 1205 1156 1272 civitate

98 1314 130 1364 ro
147 1312 240 1369 natus
259 1309 357 1379 esset,
375 1296 596 1364 memorabilis.
622 1299 777 1385 populum
790 1297 892 1379 brevi,
909 1308 1080 1386 postquam
1094 1297 1157 1387 peri·

149 1399 254 1467 culum
276 1396 317 1464 ab
340 1417 378 1463 eo
400 1393 522 1460 nullum
545 1401 626 1472 erat,
649 1416 706 1480 per
723 1414 758 1459 se
775 1393 862 1481 ipsas
880 1395 1097 1462 recordantem
1111 1393 1156 1459 rir-

148 1502 231 1559 tutes
250 1489 440 1556 desiderium
458 1487 526 1554 eius
543 1487 653 1553 tenuit.
688 1487 867 1574 pestilentia
884 1489 981 1555 etiam
998 1488 1086 1557 brevi
1100 1510 1156 1556 oon·

148 1595 257 1653 secuta
269 1583 363 1651 nullis
377 1581 612 1649 occurrentibus
626 1592 731 1648 tantae
740 1581 839 1649 cladis
849 1584 954 1650 causis
965 1607 1007 1651 ex
1015 1584 1155 1651 Monimo

99 1688 131 1740 16
149 1680 303 1768 supplicio
324 1700 459 1765 magnae
480 1676 563 1764 parti
584 1675 684 1742 videri
706 1685 788 1742 orta:
815 1677 968 1744 violatum
987 1678 1155 1767 Capitolium

147 1796 219 1843 esse
237 1774 391 1862 sangnine
410 1771 577 1838 servatoris
594 1793 653 1837 nec
671 1771 720 1838 dis
738 1771 826 1837 cordi
842 1771 943 1838 fuisse
956 1795 1092 1860 poenam
1106 1772 1155 1839 eius

148 1869 286 1936 oblatam
299 1890 398 1955 prope
412 1866 511 1932 oculis
525 1866 606 1945 suis,
625 1889 645 1932 a
661 1888 725 1952 quo
744 1888 803 1932 sua
820 1865 939 1955 templa
955 1878 1063 1957 erepta
1078 1864 1156 1934 muni·

147 1963 209 2029 bus
226 1963 365 2029 hostium
383 1969 498 2025 essent.

113 2066 128 2114 1
211 2055 313 2122 XXL
339 2053 557 2120 Pestilentiam
569 2053 817 2142 inopiafrugum
835 2065 867 2123 et
883 2055 1046 2146 volgatam
1062 2054 1155 2122 utrius·

106 2214 109 2219 .
147 2173 209 2236 que
231 2149 306 2216 mali
327 2148 447 2214 famam
468 2170 551 2214 anno
573 2147 758 2233 insequente
783 2149 949 2236 multiplex
979 2149 1097 2217 bellum
1118 2169 1157 2214 ex·

147 2245 245 2332 cepit,
265 2246 309 2311 L.
327 2243 455 2310 Valerio
472 2252 633 2327 quartum,
654 2239 743 2309 Aulo
759 2242 882 2310 Manlio
900 2245 1043 2325 tertium,
1066 2241 1157 2312 servu

149 2339 291 2426 Sulpicio
317 2338 458 2418 tertium,
484 2337 589 2403 Lucio
614 2337 780 2419 Lucretio,
808 2335 851 2404 L.
874 2338 1016 2405 Aemilio
1041 2339 1156 2415 tertium

113 2458 128 2508 2
146 2434 193 2500 M.
214 2433 373 2501 Trebonio
392 2432 525 2498 tribunis
542 2432 678 2497 militum
695 2431 852 2498 considat-i
867 2443 1036 2520 potestate.
1070 2434 1157 2499 hostes

145 2530 221 2597 novi
242 2539 366 2615 praeter
382 2526 519 2594 Volscos
541 2525 628 2591 velut
651 2535 735 2592 sorte
756 2527 894 2611 quadam
911 2550 1012 2615 prope
1029 2528 1064 2595 in
1079 2536 1158 2594 aeter·

145 2647 222 2691 num
245 2622 419 2689 exercendo
435 2622 582 2687 Romano
603 2621 694 2686 militi
711 2621 816 2701 datos,
834 2620 1049 2709 Cerceiosque
1066 2633 1096 2690 et
1110 2620 1159 2688 Vc·
1192 2622 1202 2686 .'

144 2719 233 2784 litras
255 2716 394 2782 colonias
416 2716 480 2780 iam
502 2716 557 2780 diu
578 2714 742 2780 molientes
764 2714 974 2783 defectionem
997 2729 1029 2784 et
1051 2735 1160 2806 suspeo

144 2825 214 2877 tum
225 2809 366 2887 Latium,
385 2808 546 2874 Lanuvini
559 2809 664 2888 etiam,
682 2830 763 2893 quae
776 2808 962 2876 fidelissima
974 2812 1052 2879 urbs
1065 2812 1159 2885 fucat

111 2925 127 2974 ³
146 2903 251 2972 subito
277 2902 386 2968 exorti.
421 2903 455 2968 id
473 2912 585 2989 patres
612 2903 673 2968 rati
698 2912 881 2990 contemptu
907 2906 1066 2986 accidere,
1091 2899 1159 2991 quod
1193 2900 1202 2985 ζ

144 2997 315 3066 Veliternis
341 2997 463 3064 civibus
490 2997 557 3064 suis
583 3006 648 3062 tam
673 2997 730 3062 diu
753 2998 898 3085 inpunita
924 2999 1064 3068 desectio
1084 3005 1159 3076 esset,

144 3094 365 3172 decreverunt,
392 3102 427 3158 ut
447 3092 550 3179 primo
572 3113 698 3176 quoque
719 3101 861 3179 tempore
884 3094 926 3158 ad
942 3096 1098 3182 populum
1112 3093 1160 3158 ier·
1192 3126 1202 3170 t

109 3199 229 3258 eretur
245 3188 286 3254 de
303 3186 387 3254 bello
404 3187 450 3253 eis
467 3186 644 3252 indicendo.
676 3187 830 3271 adquam
848 3188 995 3255 militiam
1013 3213 1077 3276 quo
1088 3209 1160 3277 prm·
1193 3214 1202 3267 r

143 3284 204 3350 tior
223 3281 334 3368 plebes
356 3292 455 3361 esset,
479 3281 703 3367 quinqueviros
721 3281 892 3368 Pomptino
910 3307 990 3371 agro
1009 3280 1159 3350 dividendo
1193 3297 1197 3307 ⁴

143 3388 177 3444 et
205 3377 387 3443 triumviros
417 3377 538 3465 Nepete
569 3375 710 3443 coloniae
741 3378 946 3445 deducendae
982 3383 1158 3447 creaverunt
1194 3416 1202 3467 ξ

110 3480 213 3540 otum
233 3480 269 3535 ut
289 3469 407 3536 bellum
424 3471 568 3538 iuberent
584 3471 683 3537 latum
701 3472 744 3538 ad
759 3472 913 3558 populum
931 3482 997 3553 est,
1021 3483 1054 3540 et
1069 3468 1160 3556 nequi·
1194 3497 1196 3506 ’

144 3586 241 3649 quam
263 3564 519 3633 dissuadentibus
537 3565 671 3632 tribunis
688 3566 791 3651 plebis
809 3590 920 3634 omnes
938 3568 1043 3637 tribus
1061 3567 1157 3635 belim
1194 3589 1202 3651 r

109 3678 125 3728 s
143 3658 312 3725 iusserunt.
347 3669 533 3746 apparatum
550 3683 589 3726 eo
602 3683 685 3726 anno
697 3660 816 3727 bellum
828 3671 892 3740 est,
911 3665 1071 3731 exercitus
1082 3677 1157 3749 prol>
1199 3744 1202 3747 .

142 3762 191 3819 ter
214 3753 425 3839 pestilentiam
453 3777 519 3821 non
547 3755 690 3822 eductus.
734 3777 835 3842 eaque
865 3757 1027 3824 cunctatio
1057 3748 1155 3823 colonis
1191 3774 1197 3795 ¹*

143 3847 280 3933 spatium
297 3847 426 3914 dederat
442 3848 632 3936 deprecandi
649 3858 809 3929 senatum3
823 3860 861 3916 et
877 3874 997 3939 magna
1013 3849 1155 3918 hominum
1190 3891 1202 3942 3

141 3961 216 4027 pars
233 3963 286 4021 eo,
307 3952 344 4008 ut
359 3941 477 4031 legau'o
495 3943 630 4031 supplex
646 3943 783 4010 Romam
800 3945 978 4011 mitteretur
993 3939 1151 4013 munda
1190 3943 1202 4035 ξ

108 4033 176 4102 tui
203 4036 341 4124 privato.
374 4049 412 4104 ut
440 4038 492 4119 fit,
526 4039 666 4127 periculo
695 4038 859 4127 publicum
888 4040 1065 4128 inplicitum
1085 4039 1152 4102 mett
1191 4038 1192 4049 ’
