<?xml version="1.0" encoding="UTF-8"?>
<!DOCTYPE html PUBLIC "-//W3C//DTD XHTML 1.0 Transitional//EN"
    "http://www.w3.org/TR/xhtml1/DTD/xhtml1-transitional.dtd">
<html xmlns="http://www.w3.org/1999/xhtml" xml:lang="en" lang="en">
 <head>
  <title>
</title>
<meta http-equiv="Content-Type" content="text/html;charset=utf-8" />
  <meta name='ocr-system' content='tesseract 3.04.00' />
  <meta name='ocr-capabilities' content='ocr_page ocr_carea ocr_par ocr_line ocrx_word'/>
</head>
<body>
  <div class='ocr_page' id='page_1' title='image "./titiliviaburbec01weisgoog_0362.png"; bbox 0 0 2566 4524; ppageno 0'>
   <div class='ocr_carea' id='block_1_1' title="bbox 303 274 1086 360">
    <p class='ocr_par' dir='ltr' id='par_1_1' title="bbox 303 274 1086 360">
     <span class='ocr_line' id='line_1_1' title="bbox 303 274 1086 360; baseline 0.001 -19"><span class='ocrx_word' id='word_1_1' title='bbox 303 286 421 342; x_wconf 80' lang='grc'>11111</span> <span class='ocrx_word' id='word_1_2' title='bbox 437 287 473 357; x_wconf 88' lang='lat' dir='ltr'><strong>v,</strong></span> <span class='ocrx_word' id='word_1_3' title='bbox 491 286 591 343; x_wconf 78' lang='grc'>1114.</span> <span class='ocrx_word' id='word_1_4' title='bbox 611 291 648 357; x_wconf 78' lang='lat' dir='ltr'><strong>[a.</strong></span> <span class='ocrx_word' id='word_1_5' title='bbox 661 285 759 343; x_wconf 73' lang='lat' dir='ltr'><strong>caea.</strong></span> <span class='ocrx_word' id='word_1_6' title='bbox 772 287 836 360; x_wconf 82' lang='grc'>111]</span> <span class='ocrx_word' id='word_1_7' title='bbox 1021 274 1086 342; x_wconf 80' lang='grc'><strong>275</strong></span> 
     </span>
    </p>
   </div>
   <div class='ocr_carea' id='block_1_2' title="bbox 77 444 1179 4035">
    <p class='ocr_par' dir='ltr' id='par_1_2' title="bbox 77 444 1179 4035">
     <span class='ocr_line' id='line_1_2' title="bbox 77 444 1119 530; baseline 0.002 -18"><span class='ocrx_word' id='word_1_8' title='bbox 77 445 226 513; x_wconf 72' lang='lat' dir='ltr'><strong>:onerandi</strong></span> <span class='ocrx_word' id='word_1_9' title='bbox 244 445 307 510; x_wconf 90' lang='lat' dir='ltr'><strong>diei</strong></span> <span class='ocrx_word' id='word_1_10' title='bbox 323 444 406 510; x_wconf 91' lang='lat' dir='ltr'><strong>illius</strong></span> <span class='ocrx_word' id='word_1_11' title='bbox 420 446 550 510; x_wconf 91' lang='lat' dir='ltr'><strong>modurn</strong></span> <span class='ocrx_word' id='word_1_12' title='bbox 564 445 758 530; x_wconf 86' lang='lat' dir='ltr'><strong>aliquantum</strong></span> <span class='ocrx_word' id='word_1_13' title='bbox 772 445 916 511; x_wconf 80' lang='lat' dir='ltr'><strong>excessit.</strong></span> <span class='ocrx_word' id='word_1_14' title='bbox 946 447 1084 514; x_wconf 81' lang='lat' dir='ltr'><strong>maxime</strong></span> <span class='ocrx_word' id='word_1_15' title='bbox 1102 468 1119 519; x_wconf 79' lang='lat' dir='ltr'><strong>s</strong></span> 
     </span>
     <span class='ocr_line' id='line_1_3' title="bbox 77 539 1086 628; baseline 0 -21"><span class='ocrx_word' id='word_1_16' title='bbox 77 552 241 628; x_wconf 89' lang='lat' dir='ltr'><strong>nnspectns</strong></span> <span class='ocrx_word' id='word_1_17' title='bbox 258 541 327 626; x_wconf 90' lang='lat' dir='ltr'><strong>ipse</strong></span> <span class='ocrx_word' id='word_1_18' title='bbox 345 549 393 604; x_wconf 87' lang='lat' dir='ltr'><strong>est</strong></span> <span class='ocrx_word' id='word_1_19' title='bbox 410 562 503 605; x_wconf 89' lang='lat' dir='ltr'><strong>curru</strong></span> <span class='ocrx_word' id='word_1_20' title='bbox 521 541 610 625; x_wconf 88' lang='lat' dir='ltr'><strong>equis</strong></span> <span class='ocrx_word' id='word_1_21' title='bbox 628 541 708 606; x_wconf 88' lang='lat' dir='ltr'><strong>albis</strong></span> <span class='ocrx_word' id='word_1_22' title='bbox 725 541 833 606; x_wconf 90' lang='lat' dir='ltr'><strong>iuncto</strong></span> <span class='ocrx_word' id='word_1_23' title='bbox 850 539 961 606; x_wconf 90' lang='lat' dir='ltr'><strong>urbem</strong></span> <span class='ocrx_word' id='word_1_24' title='bbox 978 542 1086 608; x_wconf 83' lang='lat' dir='ltr'><strong>invec-</strong></span> 
     </span>
     <span class='ocr_line' id='line_1_4' title="bbox 77 634 1085 722; baseline -0.002 -20"><span class='ocrx_word' id='word_1_25' title='bbox 77 658 116 714; x_wconf 85' lang='lat' dir='ltr'><strong>rs,</strong></span> <span class='ocrx_word' id='word_1_26' title='bbox 137 656 314 722; x_wconf 88' lang='lat' dir='ltr'><strong>parumque</strong></span> <span class='ocrx_word' id='word_1_27' title='bbox 330 634 364 699; x_wconf 90' lang='lat' dir='ltr'><strong>id</strong></span> <span class='ocrx_word' id='word_1_28' title='bbox 381 657 444 699; x_wconf 91' lang='lat' dir='ltr'><strong>non</strong></span> <span class='ocrx_word' id='word_1_29' title='bbox 466 635 557 700; x_wconf 84' lang='lat' dir='ltr'><strong>civile</strong></span> <span class='ocrx_word' id='word_1_30' title='bbox 580 637 688 712; x_wconf 90' lang='lat' dir='ltr'><strong>mod0‚</strong></span> <span class='ocrx_word' id='word_1_31' title='bbox 717 635 774 700; x_wconf 90' lang='lat' dir='ltr'><strong>sed</strong></span> <span class='ocrx_word' id='word_1_32' title='bbox 795 635 968 700; x_wconf 86' lang='lat' dir='ltr'><strong>humanum</strong></span> <span class='ocrx_word' id='word_1_33' title='bbox 990 635 1085 700; x_wconf 90' lang='lat' dir='ltr'><strong>etiam</strong></span> 
     </span>
     <span class='ocr_line' id='line_1_5' title="bbox 77 727 1118 815; baseline 0.001 -21"><span class='ocrx_word' id='word_1_34' title='bbox 77 731 165 794; x_wconf 88' lang='lat' dir='ltr'><strong>isum.</strong></span> <span class='ocrx_word' id='word_1_35' title='bbox 201 729 288 794; x_wconf 86' lang='lat' dir='ltr'><strong>Iovis</strong></span> <span class='ocrx_word' id='word_1_36' title='bbox 309 727 456 813; x_wconf 87' lang='lat' dir='ltr'><strong>Solisque</strong></span> <span class='ocrx_word' id='word_1_37' title='bbox 479 729 567 813; x_wconf 89' lang='lat' dir='ltr'><strong>equis</strong></span> <span class='ocrx_word' id='word_1_38' title='bbox 590 730 826 815; x_wconf 83' lang='lat' dir='ltr'><strong>aequiperatum</strong></span> <span class='ocrx_word' id='word_1_39' title='bbox 848 730 1032 795; x_wconf 89' lang='lat' dir='ltr'><strong>dictatorem</strong></span> <span class='ocrx_word' id='word_1_40' title='bbox 1051 729 1085 795; x_wconf 89' lang='lat' dir='ltr'><strong>in</strong></span> <span class='ocrx_word' id='word_1_41' title='bbox 1104 753 1118 801; x_wconf 79' lang='lat' dir='ltr'><strong>e</strong></span> 
     </span>
     <span class='ocr_line' id='line_1_6' title="bbox 77 823 1087 911; baseline 0 -23"><span class='ocrx_word' id='word_1_42' title='bbox 77 825 238 911; x_wconf 64' lang='lat' dir='ltr'><strong>eligionem</strong></span> <span class='ocrx_word' id='word_1_43' title='bbox 261 823 354 888; x_wconf 90' lang='lat' dir='ltr'><strong>etiam</strong></span> <span class='ocrx_word' id='word_1_44' title='bbox 377 823 542 888; x_wconf 82' lang='lat' dir='ltr'><strong>trahebant</strong></span> <span class='ocrx_word' id='word_1_45' title='bbox 563 824 804 909; x_wconf 83' lang='lat' dir='ltr'><strong>triumphusque</strong></span> <span class='ocrx_word' id='word_1_46' title='bbox 826 823 867 890; x_wconf 94' lang='lat' dir='ltr'><strong>ob</strong></span> <span class='ocrx_word' id='word_1_47' title='bbox 894 847 964 889; x_wconf 91' lang='lat' dir='ltr'><strong>earn</strong></span> <span class='ocrx_word' id='word_1_48' title='bbox 991 846 1087 888; x_wconf 88' lang='lat' dir='ltr'><strong>unam</strong></span> 
     </span>
     <span class='ocr_line' id='line_1_7' title="bbox 77 917 1120 1006; baseline 0.005 -23"><span class='ocrx_word' id='word_1_49' title='bbox 77 918 189 984; x_wconf 73' lang='lat' dir='ltr'><strong>raxirne</strong></span> <span class='ocrx_word' id='word_1_50' title='bbox 207 940 275 983; x_wconf 92' lang='lat' dir='ltr'><strong>rem</strong></span> <span class='ocrx_word' id='word_1_51' title='bbox 292 917 403 985; x_wconf 89' lang='lat' dir='ltr'><strong>clarior</strong></span> <span class='ocrx_word' id='word_1_52' title='bbox 420 940 515 1003; x_wconf 89' lang='lat' dir='ltr'><strong>quam</strong></span> <span class='ocrx_word' id='word_1_53' title='bbox 537 918 655 1006; x_wconf 89' lang='lat' dir='ltr'><strong>gratior</strong></span> <span class='ocrx_word' id='word_1_54' title='bbox 675 919 745 984; x_wconf 86' lang='lat' dir='ltr'><strong>fuit.</strong></span> <span class='ocrx_word' id='word_1_55' title='bbox 781 928 849 984; x_wconf 93' lang='lat' dir='ltr'><strong>tum</strong></span> <span class='ocrx_word' id='word_1_56' title='bbox 866 919 983 985; x_wconf 92' lang='lat' dir='ltr'><strong>Iunoni</strong></span> <span class='ocrx_word' id='word_1_57' title='bbox 1004 918 1087 1006; x_wconf 82' lang='lat' dir='ltr'><strong>regi·</strong></span> <span class='ocrx_word' id='word_1_58' title='bbox 1105 942 1120 989; x_wconf 81' lang='grc'><strong>1</strong></span> 
     </span>
     <span class='ocr_line' id='line_1_8' title="bbox 77 1013 1086 1100; baseline 0 -20"><span class='ocrx_word' id='word_1_59' title='bbox 77 1038 110 1080; x_wconf 87' lang='lat' dir='ltr'><strong>ae</strong></span> <span class='ocrx_word' id='word_1_60' title='bbox 137 1013 293 1100; x_wconf 88' lang='lat' dir='ltr'><strong>templum</strong></span> <span class='ocrx_word' id='word_1_61' title='bbox 319 1014 353 1079; x_wconf 88' lang='lat' dir='ltr'><strong>in</strong></span> <span class='ocrx_word' id='word_1_62' title='bbox 373 1015 535 1079; x_wconf 89' lang='lat' dir='ltr'><strong>Aventino</strong></span> <span class='ocrx_word' id='word_1_63' title='bbox 561 1015 676 1080; x_wconf 88' lang='lat' dir='ltr'><strong>locavit</strong></span> <span class='ocrx_word' id='word_1_64' title='bbox 702 1015 920 1100; x_wconf 89' lang='lat' dir='ltr'><strong>dedicavitque</strong></span> <span class='ocrx_word' id='word_1_65' title='bbox 942 1015 1086 1081; x_wconf 84' lang='lat' dir='ltr'><strong>Matutae</strong></span> 
     </span>
     <span class='ocr_line' id='line_1_9' title="bbox 77 1109 1087 1200; baseline 0.004 -27"><span class='ocrx_word' id='word_1_66' title='bbox 77 1111 171 1175; x_wconf 76' lang='lat' dir='ltr'><strong>ratris.</strong></span> <span class='ocrx_word' id='word_1_67' title='bbox 208 1119 302 1193; x_wconf 86' lang='lat' dir='ltr'><strong>atque</strong></span> <span class='ocrx_word' id='word_1_68' title='bbox 324 1109 373 1174; x_wconf 90' lang='lat' dir='ltr'><strong>his</strong></span> <span class='ocrx_word' id='word_1_69' title='bbox 396 1109 511 1174; x_wconf 90' lang='lat' dir='ltr'><strong>divinis</strong></span> <span class='ocrx_word' id='word_1_70' title='bbox 532 1110 741 1194; x_wconf 85' lang='lat' dir='ltr'><strong>humanisque</strong></span> <span class='ocrx_word' id='word_1_71' title='bbox 758 1111 853 1178; x_wconf 88' lang='lat' dir='ltr'><strong>rebus</strong></span> <span class='ocrx_word' id='word_1_72' title='bbox 871 1111 970 1200; x_wconf 88' lang='lat' dir='ltr'><strong>gestis</strong></span> <span class='ocrx_word' id='word_1_73' title='bbox 989 1113 1087 1177; x_wconf 87' lang='lat' dir='ltr'><strong>dicta-</strong></span> 
     </span>
     <span class='ocr_line' id='line_1_10' title="bbox 77 1205 1120 1292; baseline 0.002 -21"><span class='ocrx_word' id='word_1_74' title='bbox 77 1229 122 1271; x_wconf 87' lang='lat' dir='ltr'><strong>na</strong></span> <span class='ocrx_word' id='word_1_75' title='bbox 139 1227 175 1272; x_wconf 88' lang='lat' dir='ltr'><strong>se</strong></span> <span class='ocrx_word' id='word_1_76' title='bbox 193 1205 360 1270; x_wconf 83' lang='lat' dir='ltr'><strong>abdicavit</strong></span> <span class='ocrx_word' id='word_1_77' title='bbox 397 1205 450 1291; x_wconf 83' lang='lat' dir='ltr'><strong>agi</strong></span> <span class='ocrx_word' id='word_1_78' title='bbox 466 1205 580 1271; x_wconf 89' lang='lat' dir='ltr'><strong>deinde</strong></span> <span class='ocrx_word' id='word_1_79' title='bbox 598 1207 637 1271; x_wconf 92' lang='lat' dir='ltr'><strong>de</strong></span> <span class='ocrx_word' id='word_1_80' title='bbox 650 1205 809 1291; x_wconf 83' lang='lat' dir='ltr'><strong>Apollinis</strong></span> <span class='ocrx_word' id='word_1_81' title='bbox 828 1207 911 1271; x_wconf 92' lang='lat' dir='ltr'><strong>dono</strong></span> <span class='ocrx_word' id='word_1_82' title='bbox 929 1217 1084 1292; x_wconf 91' lang='lat' dir='ltr'><strong>coeptum.</strong></span> <span class='ocrx_word' id='word_1_83' title='bbox 1104 1225 1120 1273; x_wconf 88' lang='lat'><em>8</em></span> 
     </span>
     <span class='ocr_line' id='line_1_11' title="bbox 77 1298 1088 1386; baseline 0.002 -23"><span class='ocrx_word' id='word_1_84' title='bbox 77 1299 107 1363; x_wconf 90' lang='lat' dir='ltr'><strong>ui</strong></span> <span class='ocrx_word' id='word_1_85' title='bbox 128 1321 161 1364; x_wconf 84' lang='lat' dir='ltr'><strong>sa</strong></span> <span class='ocrx_word' id='word_1_86' title='bbox 183 1298 339 1364; x_wconf 89' lang='lat' dir='ltr'><strong>decimam</strong></span> <span class='ocrx_word' id='word_1_87' title='bbox 360 1300 487 1364; x_wconf 86' lang='lat' dir='ltr'><strong>vovisse</strong></span> <span class='ocrx_word' id='word_1_88' title='bbox 508 1301 644 1386; x_wconf 87' lang='lat' dir='ltr'><strong>praedae</strong></span> <span class='ocrx_word' id='word_1_89' title='bbox 660 1311 781 1386; x_wconf 88' lang='lat' dir='ltr'><strong>partem</strong></span> <span class='ocrx_word' id='word_1_90' title='bbox 798 1323 872 1366; x_wconf 89' lang='lat' dir='ltr'><strong>eum</strong></span> <span class='ocrx_word' id='word_1_91' title='bbox 889 1301 1006 1366; x_wconf 88' lang='lat' dir='ltr'><strong>diceret</strong></span> <span class='ocrx_word' id='word_1_92' title='bbox 1025 1299 1088 1366; x_wconf 80' lang='lat' dir='ltr'><strong>Ca-</strong></span> 
     </span>
     <span class='ocr_line' id='line_1_12' title="bbox 77 1393 1086 1482; baseline 0.001 -23"><span class='ocrx_word' id='word_1_93' title='bbox 77 1393 173 1473; x_wconf 78' lang='lat' dir='ltr'><strong>tillus,</strong></span> <span class='ocrx_word' id='word_1_94' title='bbox 191 1393 357 1479; x_wconf 87' lang='lat' dir='ltr'><strong>pontifices</strong></span> <span class='ocrx_word' id='word_1_95' title='bbox 374 1394 560 1458; x_wconf 86' lang='lat' dir='ltr'><strong>solvendum</strong></span> <span class='ocrx_word' id='word_1_96' title='bbox 577 1395 728 1482; x_wconf 85' lang='lat' dir='ltr'><strong>religione</strong></span> <span class='ocrx_word' id='word_1_97' title='bbox 744 1395 896 1481; x_wconf 91' lang='lat' dir='ltr'><strong>populum</strong></span> <span class='ocrx_word' id='word_1_98' title='bbox 914 1405 1086 1473; x_wconf 80' lang='lat' dir='ltr'><strong>censerent,</strong></span> 
     </span>
     <span class='ocr_line' id='line_1_13' title="bbox 77 1487 1120 1576; baseline 0.003 -22"><span class='ocrx_word' id='word_1_99' title='bbox 77 1489 139 1554; x_wconf 90' lang='lat' dir='ltr'><strong>and</strong></span> <span class='ocrx_word' id='word_1_100' title='bbox 162 1487 256 1552; x_wconf 89' lang='lat' dir='ltr'><strong>facile</strong></span> <span class='ocrx_word' id='word_1_101' title='bbox 278 1487 415 1552; x_wconf 83' lang='lat' dir='ltr'><strong>inibatur</strong></span> <span class='ocrx_word' id='word_1_102' title='bbox 435 1489 514 1554; x_wconf 89' lang='lat' dir='ltr'><strong>ratio</strong></span> <span class='ocrx_word' id='word_1_103' title='bbox 536 1489 665 1554; x_wconf 90' lang='lat' dir='ltr'><strong>iubendi</strong></span> <span class='ocrx_word' id='word_1_104' title='bbox 686 1489 803 1555; x_wconf 83' lang='lat' dir='ltr'><strong>referre</strong></span> <span class='ocrx_word' id='word_1_105' title='bbox 820 1491 970 1576; x_wconf 89' lang='lat' dir='ltr'><strong>praedam</strong></span> <span class='ocrx_word' id='word_1_106' title='bbox 987 1512 1088 1576; x_wconf 91' lang='lat' dir='ltr'><strong>popu·</strong></span> <span class='ocrx_word' id='word_1_107' title='bbox 1106 1510 1120 1557; x_wconf 85' lang='lat'><strong>9</strong></span> 
     </span>
     <span class='ocr_line' id='line_1_14' title="bbox 77 1582 1139 1668; baseline 0.006 -22"><span class='ocrx_word' id='word_1_108' title='bbox 77 1606 133 1661; x_wconf 83' lang='lat' dir='ltr'><strong>rm,</strong></span> <span class='ocrx_word' id='word_1_109' title='bbox 152 1593 190 1647; x_wconf 91' lang='lat' dir='ltr'><strong>nt</strong></span> <span class='ocrx_word' id='word_1_110' title='bbox 207 1604 248 1647; x_wconf 88' lang='lat' dir='ltr'><strong>ex</strong></span> <span class='ocrx_word' id='word_1_111' title='bbox 266 1604 303 1647; x_wconf 88' lang='lat' dir='ltr'><strong>ea</strong></span> <span class='ocrx_word' id='word_1_112' title='bbox 319 1604 393 1668; x_wconf 87' lang='lat' dir='ltr'><strong>pars</strong></span> <span class='ocrx_word' id='word_1_113' title='bbox 408 1582 512 1648; x_wconf 91' lang='lat' dir='ltr'><strong>debita</strong></span> <span class='ocrx_word' id='word_1_114' title='bbox 525 1584 559 1648; x_wconf 89' lang='lat' dir='ltr'><strong>in</strong></span> <span class='ocrx_word' id='word_1_115' title='bbox 573 1606 698 1648; x_wconf 91' lang='lat' dir='ltr'><strong>sacrum</strong></span> <span class='ocrx_word' id='word_1_116' title='bbox 712 1596 932 1650; x_wconf 88' lang='lat' dir='ltr'><strong>secemeretnr.</strong></span> <span class='ocrx_word' id='word_1_117' title='bbox 960 1586 1087 1650; x_wconf 91' lang='lat' dir='ltr'><strong>tandem</strong></span> <span class='ocrx_word' id='word_1_118' title='bbox 1107 1603 1139 1652; x_wconf 90' lang='lat'><strong>10</strong></span> 
     </span>
     <span class='ocr_line' id='line_1_15' title="bbox 78 1676 1087 1763; baseline 0.002 -21"><span class='ocrx_word' id='word_1_119' title='bbox 78 1701 95 1742; x_wconf 92' lang='lat' dir='ltr'><strong>o</strong></span> <span class='ocrx_word' id='word_1_120' title='bbox 119 1678 205 1762; x_wconf 88' lang='lat' dir='ltr'><strong>quod</strong></span> <span class='ocrx_word' id='word_1_121' title='bbox 231 1676 427 1742; x_wconf 88' lang='lat' dir='ltr'><strong>lenissimum</strong></span> <span class='ocrx_word' id='word_1_122' title='bbox 453 1676 618 1743; x_wconf 87' lang='lat' dir='ltr'><strong>videbatur</strong></span> <span class='ocrx_word' id='word_1_123' title='bbox 640 1679 808 1744; x_wconf 90' lang='lat' dir='ltr'><strong>decursum</strong></span> <span class='ocrx_word' id='word_1_124' title='bbox 830 1690 892 1757; x_wconf 90' lang='lat' dir='ltr'><strong>est,</strong></span> <span class='ocrx_word' id='word_1_125' title='bbox 919 1679 1031 1763; x_wconf 89' lang='lat' dir='ltr'><strong>utqui</strong></span> <span class='ocrx_word' id='word_1_126' title='bbox 1054 1701 1087 1743; x_wconf 91' lang='lat' dir='ltr'><strong>se</strong></span> 
     </span>
     <span class='ocr_line' id='line_1_16' title="bbox 77 1770 1087 1858; baseline 0.001 -22"><span class='ocrx_word' id='word_1_127' title='bbox 77 1772 247 1856; x_wconf 86' lang='lat' dir='ltr'><strong>lomumque</strong></span> <span class='ocrx_word' id='word_1_128' title='bbox 273 1770 424 1858; x_wconf 80' lang='lat' dir='ltr'><strong>religione</strong></span> <span class='ocrx_word' id='word_1_129' title='bbox 450 1773 612 1838; x_wconf 86' lang='lat' dir='ltr'><strong>exsolvere</strong></span> <span class='ocrx_word' id='word_1_130' title='bbox 638 1773 745 1852; x_wconf 83' lang='lat' dir='ltr'><strong>vellet,</strong></span> <span class='ocrx_word' id='word_1_131' title='bbox 774 1797 846 1839; x_wconf 90' lang='lat' dir='ltr'><strong>cum</strong></span> <span class='ocrx_word' id='word_1_132' title='bbox 868 1773 994 1839; x_wconf 87' lang='lat' dir='ltr'><strong>sibimet</strong></span> <span class='ocrx_word' id='word_1_133' title='bbox 1018 1773 1087 1858; x_wconf 88' lang='lat' dir='ltr'><strong>ipse</strong></span> 
     </span>
     <span class='ocr_line' id='line_1_17' title="bbox 77 1866 1088 1956; baseline -0.001 -24"><span class='ocrx_word' id='word_1_134' title='bbox 77 1869 203 1952; x_wconf 70' lang='lat' dir='ltr'><strong>&gt;raedam</strong></span> <span class='ocrx_word' id='word_1_135' title='bbox 231 1877 439 1933; x_wconf 87' lang='lat' dir='ltr'><strong>aestumasset</strong></span> <span class='ocrx_word' id='word_1_136' title='bbox 462 1891 565 1946; x_wconf 91' lang='lat' dir='ltr'><strong>suam,</strong></span> <span class='ocrx_word' id='word_1_137' title='bbox 593 1869 745 1933; x_wconf 88' lang='lat' dir='ltr'><strong>decumae</strong></span> <span class='ocrx_word' id='word_1_138' title='bbox 770 1868 905 1956; x_wconf 87' lang='lat' dir='ltr'><strong>pretium</strong></span> <span class='ocrx_word' id='word_1_139' title='bbox 931 1867 1028 1954; x_wconf 87' lang='lat' dir='ltr'><strong>partis</strong></span> <span class='ocrx_word' id='word_1_140' title='bbox 1054 1866 1088 1931; x_wconf 92' lang='lat' dir='ltr'><strong>in</strong></span> 
     </span>
     <span class='ocr_line' id='line_1_18' title="bbox 77 1961 1136 2051; baseline 0.004 -27"><span class='ocrx_word' id='word_1_141' title='bbox 77 1961 216 2045; x_wconf 86' lang='lat' dir='ltr'><strong>publicum</strong></span> <span class='ocrx_word' id='word_1_142' title='bbox 240 1962 388 2041; x_wconf 86' lang='lat' dir='ltr'><strong>deferret,</strong></span> <span class='ocrx_word' id='word_1_143' title='bbox 412 1971 447 2026; x_wconf 90' lang='lat' dir='ltr'><strong>ut</strong></span> <span class='ocrx_word' id='word_1_144' title='bbox 469 1985 509 2027; x_wconf 88' lang='lat' dir='ltr'><strong>ex</strong></span> <span class='ocrx_word' id='word_1_145' title='bbox 531 1985 568 2028; x_wconf 92' lang='lat' dir='ltr'><strong>eo</strong></span> <span class='ocrx_word' id='word_1_146' title='bbox 592 1965 707 2028; x_wconf 90' lang='lat' dir='ltr'><strong>donum</strong></span> <span class='ocrx_word' id='word_1_147' title='bbox 726 1986 856 2029; x_wconf 89' lang='lat' dir='ltr'><strong>aureum</strong></span> <span class='ocrx_word' id='word_1_148' title='bbox 874 1964 1005 2051; x_wconf 85' lang='lat' dir='ltr'><strong>dignum</strong></span> <span class='ocrx_word' id='word_1_149' title='bbox 1022 1985 1088 2027; x_wconf 90' lang='lat' dir='ltr'><strong>am·</strong></span> <span class='ocrx_word' id='word_1_150' title='bbox 1107 1981 1136 2028; x_wconf 86' lang='lat'><strong>11</strong></span> 
     </span>
     <span class='ocr_line' id='line_1_19' title="bbox 77 2053 1088 2145; baseline 0.002 -25"><span class='ocrx_word' id='word_1_151' title='bbox 77 2053 208 2138; x_wconf 86' lang='lat' dir='ltr'><strong>plitndine</strong></span> <span class='ocrx_word' id='word_1_152' title='bbox 226 2054 335 2142; x_wconf 91' lang='lat' dir='ltr'><strong>templi</strong></span> <span class='ocrx_word' id='word_1_153' title='bbox 353 2079 390 2122; x_wconf 93' lang='lat' dir='ltr'><strong>ac</strong></span> <span class='ocrx_word' id='word_1_154' title='bbox 407 2058 534 2122; x_wconf 85' lang='grc'>11111111</span> <span class='ocrx_word' id='word_1_155' title='bbox 548 2059 600 2123; x_wconf 91' lang='lat' dir='ltr'><strong>dei</strong></span> <span class='ocrx_word' id='word_1_156' title='bbox 613 2081 653 2122; x_wconf 88' lang='lat' dir='ltr'><strong>ex</strong></span> <span class='ocrx_word' id='word_1_157' title='bbox 666 2059 818 2145; x_wconf 81' lang='lat' dir='ltr'><strong>dignitate</strong></span> <span class='ocrx_word' id='word_1_158' title='bbox 830 2059 940 2145; x_wconf 91' lang='lat' dir='ltr'><strong>populi</strong></span> <span class='ocrx_word' id='word_1_159' title='bbox 952 2056 1088 2123; x_wconf 87' lang='lat' dir='ltr'><strong>Romani</strong></span> 
     </span>
     <span class='ocr_line' id='line_1_20' title="bbox 79 2145 1179 2239; baseline 0.005 -28"><span class='ocrx_word' id='word_1_160' title='bbox 79 2145 156 2214; x_wconf 85' lang='lat' dir='ltr'><strong>fieret.</strong></span> <span class='ocrx_word' id='word_1_161' title='bbox 191 2174 229 2215; x_wconf 90' lang='lat' dir='ltr'><strong>ea</strong></span> <span class='ocrx_word' id='word_1_162' title='bbox 252 2173 375 2235; x_wconf 89' lang='lat' dir='ltr'><strong>quoque</strong></span> <span class='ocrx_word' id='word_1_163' title='bbox 399 2152 531 2218; x_wconf 89' lang='lat' dir='ltr'><strong>conlatio</strong></span> <span class='ocrx_word' id='word_1_164' title='bbox 553 2152 655 2239; x_wconf 89' lang='lat' dir='ltr'><strong>plebis</strong></span> <span class='ocrx_word' id='word_1_165' title='bbox 678 2154 799 2218; x_wconf 90' lang='lat' dir='ltr'><strong>animos</strong></span> <span class='ocrx_word' id='word_1_166' title='bbox 818 2177 837 2217; x_wconf 89' lang='lat' dir='ltr'><strong>a</strong></span> <span class='ocrx_word' id='word_1_167' title='bbox 856 2153 990 2219; x_wconf 87' lang='lat' dir='ltr'><strong>Camillo</strong></span> <span class='ocrx_word' id='word_1_168' title='bbox 1014 2152 1089 2217; x_wconf 88' lang='lat' dir='ltr'><strong>alie·</strong></span> <span class='ocrx_word' id='word_1_169' title='bbox 1175 2216 1179 2225; x_wconf 78' lang='grc'>,</span> 
     </span>
     <span class='ocr_line' id='line_1_21' title="bbox 80 2244 1136 2335; baseline 0.006 -29"><span class='ocrx_word' id='word_1_170' title='bbox 80 2244 154 2310; x_wconf 76' lang='lat' dir='ltr'><strong>navit.</strong></span> <span class='ocrx_word' id='word_1_171' title='bbox 187 2246 269 2311; x_wconf 87' lang='lat' dir='ltr'><strong>inter</strong></span> <span class='ocrx_word' id='word_1_172' title='bbox 290 2246 369 2311; x_wconf 88' lang='lat' dir='ltr'><strong>haec</strong></span> <span class='ocrx_word' id='word_1_173' title='bbox 390 2247 589 2333; x_wconf 86' lang='lat' dir='ltr'><strong>pacificatum</strong></span> <span class='ocrx_word' id='word_1_174' title='bbox 610 2247 707 2335; x_wconf 88' lang='lat' dir='ltr'><strong>legati</strong></span> <span class='ocrx_word' id='word_1_175' title='bbox 729 2271 748 2312; x_wconf 88' lang='lat' dir='ltr'><strong>a</strong></span> <span class='ocrx_word' id='word_1_176' title='bbox 765 2247 890 2312; x_wconf 89' lang='lat' dir='ltr'><strong>Volscis</strong></span> <span class='ocrx_word' id='word_1_177' title='bbox 914 2257 945 2312; x_wconf 90' lang='lat' dir='ltr'><strong>et</strong></span> <span class='ocrx_word' id='word_1_178' title='bbox 962 2245 1085 2329; x_wconf 90' lang='lat' dir='ltr'><strong>Aequis</strong></span> <span class='ocrx_word' id='word_1_179' title='bbox 1106 2264 1136 2312; x_wconf 79' lang='lat'><strong>12</strong></span> 
     </span>
     <span class='ocr_line' id='line_1_22' title="bbox 80 2341 1089 2429; baseline 0.006 -29"><span class='ocrx_word' id='word_1_180' title='bbox 80 2350 221 2418; x_wconf 80' lang='grc'>11111111,</span> <span class='ocrx_word' id='word_1_181' title='bbox 248 2341 474 2427; x_wconf 86' lang='lat' dir='ltr'><strong>impetrataque</strong></span> <span class='ocrx_word' id='word_1_182' title='bbox 495 2363 572 2428; x_wconf 85' lang='lat' dir='ltr'><strong>pax,</strong></span> <span class='ocrx_word' id='word_1_183' title='bbox 600 2343 702 2429; x_wconf 82' lang='lat' dir='ltr'><strong>magis</strong></span> <span class='ocrx_word' id='word_1_184' title='bbox 725 2352 760 2406; x_wconf 94' lang='lat' dir='ltr'><strong>ut</strong></span> <span class='ocrx_word' id='word_1_185' title='bbox 782 2342 869 2407; x_wconf 84' lang='lat' dir='ltr'><strong>fessa</strong></span> <span class='ocrx_word' id='word_1_186' title='bbox 886 2353 951 2407; x_wconf 88' lang='lat' dir='ltr'><strong>tarn</strong></span> <span class='ocrx_word' id='word_1_187' title='bbox 968 2341 1089 2406; x_wconf 80' lang='lat' dir='ltr'><strong>diutino</strong></span> 
     </span>
     <span class='ocr_line' id='line_1_23' title="bbox 83 2426 1007 2524; baseline 0.002 -27"><span class='ocrx_word' id='word_1_188' title='bbox 83 2426 145 2499; x_wconf 79' lang='lat' dir='ltr'><strong>bello</strong></span> <span class='ocrx_word' id='word_1_189' title='bbox 159 2437 374 2520; x_wconf 81' lang='lat' dir='ltr'><strong>adquiesceret</strong></span> <span class='ocrx_word' id='word_1_190' title='bbox 391 2437 514 2514; x_wconf 84' lang='lat' dir='ltr'><strong>civitas,</strong></span> <span class='ocrx_word' id='word_1_191' title='bbox 535 2459 629 2521; x_wconf 86' lang='lat' dir='ltr'><strong>quam</strong></span> <span class='ocrx_word' id='word_1_192' title='bbox 648 2437 732 2520; x_wconf 94' lang='lat' dir='ltr'><strong>quod</strong></span> <span class='ocrx_word' id='word_1_193' title='bbox 749 2437 837 2524; x_wconf 87' lang='lat' dir='ltr'><strong>digni</strong></span> <span class='ocrx_word' id='word_1_194' title='bbox 854 2445 1007 2522; x_wconf 86' lang='lat' dir='ltr'><strong>peterent.</strong></span> 
     </span>
     <span class='ocr_line' id='line_1_24' title="bbox 129 2527 1121 2616; baseline 0 -22"><span class='ocrx_word' id='word_1_195' title='bbox 129 2527 275 2594; x_wconf 88' lang='lat' dir='ltr'>XXIIII.</span> <span class='ocrx_word' id='word_1_196' title='bbox 311 2530 400 2596; x_wconf 88' lang='lat' dir='ltr'><strong>Veiis</strong></span> <span class='ocrx_word' id='word_1_197' title='bbox 424 2531 524 2616; x_wconf 89' lang='lat' dir='ltr'><strong>captis</strong></span> <span class='ocrx_word' id='word_1_198' title='bbox 547 2553 604 2596; x_wconf 88' lang='lat' dir='ltr'><strong>sex</strong></span> <span class='ocrx_word' id='word_1_199' title='bbox 621 2531 763 2596; x_wconf 87' lang='lat' dir='ltr'><strong>tribunos</strong></span> <span class='ocrx_word' id='word_1_200' title='bbox 782 2531 915 2595; x_wconf 89' lang='lat' dir='ltr'><strong>militum</strong></span> <span class='ocrx_word' id='word_1_201' title='bbox 933 2527 1089 2595; x_wconf 75' lang='lat' dir='ltr'><strong>consului</strong></span> <span class='ocrx_word' id='word_1_202' title='bbox 1108 2548 1121 2594; x_wconf 93' lang='lat'>1</span> 
     </span>
     <span class='ocr_line' id='line_1_25' title="bbox 86 2623 1088 2708; baseline -0.001 -20"><span class='ocrx_word' id='word_1_203' title='bbox 86 2626 211 2700; x_wconf 71' lang='lat' dir='ltr'><strong>potestate</strong></span> <span class='ocrx_word' id='word_1_204' title='bbox 228 2625 398 2708; x_wconf 89' lang='lat' dir='ltr'><strong>insequens</strong></span> <span class='ocrx_word' id='word_1_205' title='bbox 417 2648 517 2690; x_wconf 89' lang='lat' dir='ltr'><strong>annus</strong></span> <span class='ocrx_word' id='word_1_206' title='bbox 531 2624 655 2690; x_wconf 86' lang='lat' dir='ltr'><strong>habuit:</strong></span> <span class='ocrx_word' id='word_1_207' title='bbox 673 2626 753 2690; x_wconf 83' lang='lat' dir='ltr'><strong>duos</strong></span> <span class='ocrx_word' id='word_1_208' title='bbox 766 2625 897 2691; x_wconf 90' lang='lat' dir='ltr'><strong>Publios</strong></span> <span class='ocrx_word' id='word_1_209' title='bbox 914 2623 1088 2700; x_wconf 84' lang='lat' dir='ltr'><strong>Cornelios,</strong></span> 
     </span>
     <span class='ocr_line' id='line_1_26' title="bbox 86 2704 1089 2805; baseline -0.002 -22"><span class='ocrx_word' id='word_1_210' title='bbox 86 2704 197 2783; x_wconf 71' lang='lat' dir='ltr'><strong>Cossum</strong></span> <span class='ocrx_word' id='word_1_211' title='bbox 208 2733 239 2784; x_wconf 89' lang='lat' dir='ltr'><strong>et</strong></span> <span class='ocrx_word' id='word_1_212' title='bbox 250 2716 439 2805; x_wconf 82' lang='lat' dir='ltr'><strong>Scipionem,</strong></span> <span class='ocrx_word' id='word_1_213' title='bbox 454 2719 502 2784; x_wconf 89' lang='lat' dir='ltr'><strong>M.</strong></span> <span class='ocrx_word' id='word_1_214' title='bbox 509 2718 671 2786; x_wconf 87' lang='lat' dir='ltr'><strong>Valerium</strong></span> <span class='ocrx_word' id='word_1_215' title='bbox 679 2718 859 2785; x_wconf 82' lang='lat' dir='ltr'><strong>Maximum</strong></span> <span class='ocrx_word' id='word_1_216' title='bbox 868 2721 992 2797; x_wconf 88' lang='lat' dir='ltr'><strong>iterum,</strong></span> <span class='ocrx_word' id='word_1_217' title='bbox 1007 2716 1089 2782; x_wconf 88' lang='lat' dir='ltr'><strong>Cae-</strong></span> 
     </span>
     <span class='ocr_line' id='line_1_27' title="bbox 86 2812 1090 2892; baseline 0.007 -22"><span class='ocrx_word' id='word_1_218' title='bbox 86 2824 171 2877; x_wconf 86' lang='lat' dir='ltr'><strong>sonem</strong></span> <span class='ocrx_word' id='word_1_219' title='bbox 178 2812 313 2879; x_wconf 85' lang='lat' dir='ltr'><strong>Fabium</strong></span> <span class='ocrx_word' id='word_1_220' title='bbox 323 2812 519 2879; x_wconf 85' lang='lat' dir='ltr'><strong>Ambustum</strong></span> <span class='ocrx_word' id='word_1_221' title='bbox 532 2815 671 2892; x_wconf 89' lang='lat' dir='ltr'><strong>tertium,</strong></span> <span class='ocrx_word' id='word_1_222' title='bbox 685 2815 727 2879; x_wconf 89' lang='lat' dir='ltr'><strong>L.</strong></span> <span class='ocrx_word' id='word_1_223' title='bbox 737 2815 870 2880; x_wconf 86' lang='lat' dir='ltr'><strong>Furium</strong></span> <span class='ocrx_word' id='word_1_224' title='bbox 878 2813 1090 2879; x_wconf 91' lang='lat' dir='ltr'><strong>Medullinum</strong></span> 
     </span>
     <span class='ocr_line' id='line_1_28' title="bbox 86 2901 1123 2991; baseline 0.001 -23"><span class='ocrx_word' id='word_1_225' title='bbox 86 2901 212 2986; x_wconf 80' lang='lat' dir='ltr'><strong>quintum,</strong></span> <span class='ocrx_word' id='word_1_226' title='bbox 227 2906 268 2991; x_wconf 80' lang='lat' dir='ltr'><strong>Q.</strong></span> <span class='ocrx_word' id='word_1_227' title='bbox 282 2906 450 2974; x_wconf 83' lang='lat' dir='ltr'><strong>Servilium</strong></span> <span class='ocrx_word' id='word_1_228' title='bbox 464 2909 600 2973; x_wconf 85' lang='lat' dir='ltr'><strong>tertium.</strong></span> <span class='ocrx_word' id='word_1_229' title='bbox 624 2907 779 2981; x_wconf 87' lang='lat' dir='ltr'><strong>Corneliis</strong></span> <span class='ocrx_word' id='word_1_230' title='bbox 788 2909 948 2975; x_wconf 84' lang='lat' dir='ltr'><strong>Faliscum</strong></span> <span class='ocrx_word' id='word_1_231' title='bbox 961 2907 1088 2984; x_wconf 90' lang='lat' dir='ltr'><strong>bellum,</strong></span> <span class='ocrx_word' id='word_1_232' title='bbox 1108 2923 1123 2970; x_wconf 79' lang='lat' dir='ltr'><strong>a</strong></span> 
     </span>
     <span class='ocr_line' id='line_1_29' title="bbox 86 2988 1090 3098; baseline 0.003 -37"><span class='ocrx_word' id='word_1_233' title='bbox 86 2988 187 3098; x_wconf 62' lang='lat' dir='ltr'><strong>Ialsrio</strong></span> <span class='ocrx_word' id='word_1_234' title='bbox 205 3024 242 3068; x_wconf 88' lang='lat' dir='ltr'><strong>ac</strong></span> <span class='ocrx_word' id='word_1_235' title='bbox 259 2999 393 3068; x_wconf 85' lang='lat' dir='ltr'><strong>Servilio</strong></span> <span class='ocrx_word' id='word_1_236' title='bbox 409 3000 556 3089; x_wconf 85' lang='lat' dir='ltr'><strong>Capenas</strong></span> <span class='ocrx_word' id='word_1_237' title='bbox 575 3013 658 3069; x_wconf 85' lang='lat' dir='ltr'><strong>sorte</strong></span> <span class='ocrx_word' id='word_1_238' title='bbox 672 3005 785 3069; x_wconf 80' lang='lat' dir='ltr'><strong>evenit</strong></span> <span class='ocrx_word' id='word_1_239' title='bbox 812 3003 852 3069; x_wconf 90' lang='lat' dir='ltr'><strong>ab</strong></span> <span class='ocrx_word' id='word_1_240' title='bbox 866 3005 905 3068; x_wconf 89' lang='lat' dir='ltr'><strong>iis</strong></span> <span class='ocrx_word' id='word_1_241' title='bbox 919 3026 982 3067; x_wconf 91' lang='lat' dir='ltr'><strong>non</strong></span> <span class='ocrx_word' id='word_1_242' title='bbox 995 3001 1090 3067; x_wconf 85' lang='lat' dir='ltr'><strong>urbes</strong></span> 
     </span>
     <span class='ocr_line' id='line_1_30' title="bbox 87 3096 1091 3185; baseline -0.001 -27"><span class='ocrx_word' id='word_1_243' title='bbox 87 3100 115 3148; x_wconf 76' lang='lat' dir='ltr'><strong>u</strong></span> <span class='ocrx_word' id='word_1_244' title='bbox 126 3104 167 3159; x_wconf 84' lang='lat' dir='ltr'><strong>at</strong></span> <span class='ocrx_word' id='word_1_245' title='bbox 180 3096 329 3183; x_wconf 85' lang='lat' dir='ltr'><strong>operibus</strong></span> <span class='ocrx_word' id='word_1_246' title='bbox 346 3106 529 3184; x_wconf 82' lang='lat' dir='ltr'><strong>temptatae,</strong></span> <span class='ocrx_word' id='word_1_247' title='bbox 549 3099 605 3163; x_wconf 88' lang='lat' dir='ltr'><strong>sed</strong></span> <span class='ocrx_word' id='word_1_248' title='bbox 623 3121 699 3185; x_wconf 86' lang='lat' dir='ltr'><strong>ager</strong></span> <span class='ocrx_word' id='word_1_249' title='bbox 717 3108 765 3163; x_wconf 90' lang='lat' dir='ltr'><strong>est</strong></span> <span class='ocrx_word' id='word_1_250' title='bbox 778 3097 986 3183; x_wconf 88' lang='lat' dir='ltr'><strong>depopulatus</strong></span> <span class='ocrx_word' id='word_1_251' title='bbox 1000 3117 1091 3179; x_wconf 89' lang='lat' dir='ltr'><strong>prae-</strong></span> 
     </span>
     <span class='ocr_line' id='line_1_31' title="bbox 89 3173 1091 3287; baseline -0.005 -31"><span class='ocrx_word' id='word_1_252' title='bbox 89 3173 181 3287; x_wconf 60' lang='grc'>111111</span> <span class='ocrx_word' id='word_1_253' title='bbox 196 3214 305 3257; x_wconf 86' lang='lat' dir='ltr'><strong>rerum</strong></span> <span class='ocrx_word' id='word_1_254' title='bbox 321 3193 492 3280; x_wconf 89' lang='lat' dir='ltr'><strong>agrestium</strong></span> <span class='ocrx_word' id='word_1_255' title='bbox 506 3202 593 3259; x_wconf 89' lang='lat' dir='ltr'><strong>actae</strong></span> <span class='ocrx_word' id='word_1_256' title='bbox 597 3241 607 3272; x_wconf 90' lang='lat'><em>‚</em></span> <span class='ocrx_word' id='word_1_257' title='bbox 626 3193 713 3258; x_wconf 88' lang='lat' dir='ltr'><strong>nulla</strong></span> <span class='ocrx_word' id='word_1_258' title='bbox 726 3193 802 3257; x_wconf 82' lang='lat' dir='ltr'><strong>felix</strong></span> <span class='ocrx_word' id='word_1_259' title='bbox 815 3191 916 3269; x_wconf 89' lang='lat' dir='ltr'><strong>arbor,</strong></span> <span class='ocrx_word' id='word_1_260' title='bbox 935 3189 1013 3253; x_wconf 89' lang='lat' dir='ltr'><strong>nihil</strong></span> <span class='ocrx_word' id='word_1_261' title='bbox 1024 3188 1091 3251; x_wconf 84' lang='lat' dir='ltr'><strong>fru-</strong></span> 
     </span>
     <span class='ocr_line' id='line_1_32' title="bbox 86 3275 1122 3375; baseline -0.005 -25"><span class='ocrx_word' id='word_1_262' title='bbox 86 3275 195 3358; x_wconf 65' lang='lat' dir='ltr'><strong>&amp;derum</strong></span> <span class='ocrx_word' id='word_1_263' title='bbox 212 3287 246 3351; x_wconf 90' lang='lat' dir='ltr'><strong>in</strong></span> <span class='ocrx_word' id='word_1_264' title='bbox 265 3308 342 3375; x_wconf 86' lang='lat' dir='ltr'><strong>agro</strong></span> <span class='ocrx_word' id='word_1_265' title='bbox 359 3287 511 3354; x_wconf 89' lang='lat' dir='ltr'><strong>relictum.</strong></span> <span class='ocrx_word' id='word_1_266' title='bbox 548 3310 587 3354; x_wconf 86' lang='lat' dir='ltr'><strong>ea</strong></span> <span class='ocrx_word' id='word_1_267' title='bbox 604 3288 709 3354; x_wconf 84' lang='lat' dir='ltr'><strong>clades</strong></span> <span class='ocrx_word' id='word_1_268' title='bbox 724 3286 919 3373; x_wconf 86' lang='lat' dir='ltr'><strong>Capenatem</strong></span> <span class='ocrx_word' id='word_1_269' title='bbox 936 3282 1089 3369; x_wconf 81' lang='lat' dir='ltr'><strong>populum</strong></span> <span class='ocrx_word' id='word_1_270' title='bbox 1108 3299 1122 3346; x_wconf 82' lang='lat'><strong>3</strong></span> 
     </span>
     <span class='ocr_line' id='line_1_33' title="bbox 87 3367 1089 3468; baseline -0.004 -24"><span class='ocrx_word' id='word_1_271' title='bbox 87 3367 199 3466; x_wconf 54' lang='lat' dir='ltr'><strong>”begin</strong></span> <span class='ocrx_word' id='word_1_272' title='bbox 217 3404 282 3468; x_wconf 87' lang='lat' dir='ltr'><strong>pax</strong></span> <span class='ocrx_word' id='word_1_273' title='bbox 299 3383 478 3468; x_wconf 86' lang='lat' dir='ltr'><strong>petentibus</strong></span> <span class='ocrx_word' id='word_1_274' title='bbox 495 3384 583 3462; x_wconf 85' lang='lat' dir='ltr'><strong>data3</strong></span> <span class='ocrx_word' id='word_1_275' title='bbox 605 3383 639 3447; x_wconf 90' lang='lat' dir='ltr'><strong>in</strong></span> <span class='ocrx_word' id='word_1_276' title='bbox 655 3382 789 3448; x_wconf 85' lang='lat' dir='ltr'><strong>Faliscis</strong></span> <span class='ocrx_word' id='word_1_277' title='bbox 807 3380 925 3446; x_wconf 88' lang='lat' dir='ltr'><strong>bellum</strong></span> <span class='ocrx_word' id='word_1_278' title='bbox 941 3376 1089 3444; x_wconf 82' lang='lat' dir='ltr'><strong>restabat.</strong></span> 
     </span>
     <span class='ocr_line' id='line_1_34' title="bbox 133 3470 1125 3563; baseline -0.006 -21"><span class='ocrx_word' id='word_1_279' title='bbox 133 3470 248 3542; x_wconf 79' lang='lat' dir='ltr'><strong>Romae</strong></span> <span class='ocrx_word' id='word_1_280' title='bbox 264 3478 389 3542; x_wconf 89' lang='lat' dir='ltr'><strong>interim</strong></span> <span class='ocrx_word' id='word_1_281' title='bbox 406 3477 570 3563; x_wconf 79' lang='lat' dir='ltr'><strong>multiplex</strong></span> <span class='ocrx_word' id='word_1_282' title='bbox 589 3477 701 3543; x_wconf 86' lang='lat' dir='ltr'><strong>seditio</strong></span> <span class='ocrx_word' id='word_1_283' title='bbox 718 3487 797 3554; x_wconf 89' lang='lat' dir='ltr'><strong>erat,</strong></span> <span class='ocrx_word' id='word_1_284' title='bbox 821 3477 910 3540; x_wconf 89' lang='lat' dir='ltr'><strong>cuius</strong></span> <span class='ocrx_word' id='word_1_285' title='bbox 928 3473 1091 3538; x_wconf 82' lang='lat' dir='ltr'><strong>leniendae</strong></span> <span class='ocrx_word' id='word_1_286' title='bbox 1109 3491 1125 3537; x_wconf 82' lang='lat'>4</span> 
     </span>
     <span class='ocr_line' id='line_1_35' title="bbox 87 3568 1092 3656; baseline 0 -25"><span class='ocrx_word' id='word_1_287' title='bbox 87 3570 331 3636; x_wconf 65' lang='lat' dir='ltr'><strong>attrectentur</strong></span> <span class='ocrx_word' id='word_1_288' title='bbox 348 3572 381 3636; x_wconf 92' lang='lat' dir='ltr'><strong>in</strong></span> <span class='ocrx_word' id='word_1_289' title='bbox 398 3571 547 3650; x_wconf 86' lang='lat' dir='ltr'><strong>Volscos,</strong></span> <span class='ocrx_word' id='word_1_290' title='bbox 572 3594 634 3656; x_wconf 92' lang='lat' dir='ltr'><strong>quo</strong></span> <span class='ocrx_word' id='word_1_291' title='bbox 652 3571 712 3636; x_wconf 86' lang='lat' dir='ltr'><strong>tria</strong></span> <span class='ocrx_word' id='word_1_292' title='bbox 732 3571 819 3635; x_wconf 89' lang='lat' dir='ltr'><strong>milia</strong></span> <span class='ocrx_word' id='word_1_293' title='bbox 841 3570 957 3634; x_wconf 84' lang='lat' dir='ltr'><strong>civium</strong></span> <span class='ocrx_word' id='word_1_294' title='bbox 974 3568 1092 3633; x_wconf 87' lang='lat' dir='ltr'><strong>Roma-</strong></span> 
     </span>
     <span class='ocr_line' id='line_1_36' title="bbox 86 3662 1091 3745; baseline -0.003 -17"><span class='ocrx_word' id='word_1_295' title='bbox 86 3666 174 3728; x_wconf 71' lang='lat' dir='ltr'><strong>taum</strong></span> <span class='ocrx_word' id='word_1_296' title='bbox 191 3666 411 3745; x_wconf 76' lang='lat' dir='ltr'><strong>scriberentur,</strong></span> <span class='ocrx_word' id='word_1_297' title='bbox 428 3666 645 3731; x_wconf 88' lang='lat' dir='ltr'><strong>deducendam</strong></span> <span class='ocrx_word' id='word_1_298' title='bbox 659 3674 858 3742; x_wconf 85' lang='lat' dir='ltr'><strong>censuerant3</strong></span> <span class='ocrx_word' id='word_1_299' title='bbox 876 3662 1091 3744; x_wconf 78' lang='lat' dir='ltr'><strong>triumvirique</strong></span> 
     </span>
     <span class='ocr_line' id='line_1_37' title="bbox 88 3746 1090 3849; baseline -0.004 -26"><span class='ocrx_word' id='word_1_300' title='bbox 88 3746 160 3822; x_wconf 69' lang='lat' dir='ltr'><strong>⁸lid</strong></span> <span class='ocrx_word' id='word_1_301' title='bbox 179 3762 275 3826; x_wconf 86' lang='lat' dir='ltr'><strong>creati</strong></span> <span class='ocrx_word' id='word_1_302' title='bbox 296 3771 385 3826; x_wconf 88' lang='lat' dir='ltr'><strong>terna</strong></span> <span class='ocrx_word' id='word_1_303' title='bbox 405 3762 517 3849; x_wconf 88' lang='lat' dir='ltr'><strong>iugera</strong></span> <span class='ocrx_word' id='word_1_304' title='bbox 539 3771 570 3826; x_wconf 91' lang='lat' dir='ltr'><strong>et</strong></span> <span class='ocrx_word' id='word_1_305' title='bbox 593 3771 758 3847; x_wconf 88' lang='lat' dir='ltr'><strong>septunces</strong></span> <span class='ocrx_word' id='word_1_306' title='bbox 776 3758 893 3824; x_wconf 85' lang='lat' dir='ltr'><strong>viritim</strong></span> <span class='ocrx_word' id='word_1_307' title='bbox 911 3757 1090 3823; x_wconf 85' lang='lat' dir='ltr'><strong>diviserant.</strong></span> 
     </span>
     <span class='ocr_line' id='line_1_38' title="bbox 88 3847 1124 3943; baseline -0.009 -20"><span class='ocrx_word' id='word_1_308' title='bbox 88 3856 115 3906; x_wconf 65' lang='lat'><strong>⁰²</strong></span> <span class='ocrx_word' id='word_1_309' title='bbox 126 3847 241 3942; x_wconf 75' lang='lat' dir='ltr'><strong>largitio</strong></span> <span class='ocrx_word' id='word_1_310' title='bbox 258 3856 365 3942; x_wconf 86' lang='lat' dir='ltr'><strong>sperni</strong></span> <span class='ocrx_word' id='word_1_311' title='bbox 381 3869 504 3943; x_wconf 86' lang='lat' dir='ltr'><strong>coepta,</strong></span> <span class='ocrx_word' id='word_1_312' title='bbox 524 3856 598 3941; x_wconf 89' lang='lat' dir='ltr'><strong>quia</strong></span> <span class='ocrx_word' id='word_1_313' title='bbox 616 3855 684 3942; x_wconf 90' lang='lat' dir='ltr'><strong>spei</strong></span> <span class='ocrx_word' id='word_1_314' title='bbox 701 3854 827 3920; x_wconf 88' lang='lat' dir='ltr'><strong>maioris</strong></span> <span class='ocrx_word' id='word_1_315' title='bbox 842 3851 1027 3919; x_wconf 87' lang='lat' dir='ltr'><strong>avertendae</strong></span> <span class='ocrx_word' id='word_1_316' title='bbox 1042 3870 1092 3913; x_wconf 91' lang='lat' dir='ltr'><strong>so-</strong></span> <span class='ocrx_word' id='word_1_317' title='bbox 1110 3867 1124 3914; x_wconf 86' lang='lat'><strong>5</strong></span> 
     </span>
     <span class='ocr_line' id='line_1_39' title="bbox 89 3927 1093 4035; baseline -0.005 -25"><span class='ocrx_word' id='word_1_318' title='bbox 89 3927 179 4014; x_wconf 72' lang='grc'>1111111</span> <span class='ocrx_word' id='word_1_319' title='bbox 198 3948 358 4016; x_wconf 84' lang='lat' dir='ltr'><strong>obiectum</strong></span> <span class='ocrx_word' id='word_1_320' title='bbox 378 3951 563 4017; x_wconf 87' lang='lat' dir='ltr'><strong>censebant:</strong></span> <span class='ocrx_word' id='word_1_321' title='bbox 590 3972 646 4014; x_wconf 93' lang='lat' dir='ltr'><strong>cur</strong></span> <span class='ocrx_word' id='word_1_322' title='bbox 667 3949 751 4014; x_wconf 90' lang='lat' dir='ltr'><strong>enim</strong></span> <span class='ocrx_word' id='word_1_323' title='bbox 768 3948 901 4035; x_wconf 89' lang='lat' dir='ltr'><strong>relegari</strong></span> <span class='ocrx_word' id='word_1_324' title='bbox 917 3944 1041 4032; x_wconf 89' lang='lat' dir='ltr'><strong>plebem</strong></span> <span class='ocrx_word' id='word_1_325' title='bbox 1058 3940 1093 4005; x_wconf 91' lang='lat' dir='ltr'><strong>in</strong></span> 
     </span>
    </p>
   </div>
   <div class='ocr_carea' id='block_1_3' title="bbox 89 4022 1090 4194">
    <p class='ocr_par' dir='ltr' id='par_1_3' title="bbox 89 4022 1090 4194">
     <span class='ocr_line' id='line_1_40' title="bbox 89 4022 1090 4194; baseline -0.012 -82"><span class='ocrx_word' id='word_1_326' title='bbox 89 4022 213 4125; x_wconf 65' lang='grc'>10111111,</span> <span class='ocrx_word' id='word_1_327' title='bbox 236 4067 309 4112; x_wconf 86' lang='lat' dir='ltr'><strong>cunr</strong></span> <span class='ocrx_word' id='word_1_328' title='bbox 325 4046 535 4134; x_wconf 88' lang='lat' dir='ltr'><strong>pulcherrima</strong></span> <span class='ocrx_word' id='word_1_329' title='bbox 552 4043 630 4111; x_wconf 85' lang='lat' dir='ltr'><strong>urbs</strong></span> <span class='ocrx_word' id='word_1_330' title='bbox 645 4043 719 4112; x_wconf 89' lang='lat' dir='ltr'><strong>Veii</strong></span> <span class='ocrx_word' id='word_1_331' title='bbox 742 4041 1090 4194; x_wconf 55' lang='lat' dir='ltr'><strong>agerqqulleientmus</strong></span> 
     </span>
    </p>
   </div>
   <div class='ocr_carea' id='block_1_4' title="bbox 0 0 1297 4524">
    <p class='ocr_par' dir='ltr' id='par_1_4' title="bbox 0 0 1297 4524">
     <span class='ocr_line' id='line_1_41' title="bbox 0 0 1297 4524; baseline 0 0"><span class='ocrx_word' id='word_1_332' title='bbox 0 0 1297 4524; x_wconf 95' lang='lat' dir='ltr'><strong> </strong></span> 
     </span>
    </p>
   </div>
  </div>
 </body>
</html>
