2566 4524
230 254 291 318 188
484 263 603 318 LIBER
620 263 676 332 111,
695 263 737 317 67.
748 263 793 317 68.
815 261 998 331 [a.u.c.308]

227 445 425 488 communem
442 421 525 487 hanc
544 443 614 486 esse
635 421 770 507 patriam
791 418 917 484 licebit?
943 419 1020 484 victi
1035 441 1094 485 nos
1112 419 1227 505 aequom

177 541 206 588 11
227 519 332 582 animo
350 517 556 600 quiescimus,
575 538 670 600 quam
689 538 746 579 vos
765 514 910 579 victores.
947 514 1067 579 satisne
1084 525 1145 589 est,
1162 511 1230 578 nobis

226 635 284 677 vos
312 610 497 674 metuendos
525 609 614 674 esse?
645 609 797 673 adversus
823 631 882 673 nos
904 606 1103 672 Aventinum
1128 607 1232 693 capitur,

227 707 379 770 adversus
402 727 460 768 nos
490 725 578 768 sacer
603 714 774 788 occupatur
798 725 899 767 mons.
940 701 1104 786 Esquilias
1131 701 1235 786 quidem
1271 778 1273 783 Ι

227 798 267 864 ab
294 799 385 864 hoste
407 820 504 883 prope
531 807 639 883 captas
666 809 697 862 et
720 798 922 863 scandentem
948 797 983 861 in
1008 819 1159 884 aggerem
1178 794 1237 861 Vol·
1269 792 1273 801 ’

227 915 316 958 scum
334 893 457 958 hostem
475 915 568 957 nemo
587 892 754 958 submovit.
789 893 822 956 in
844 914 902 957 nos
920 891 993 970 viri,
1019 891 1055 956 in
1071 914 1132 959 nos
1150 888 1240 957 nmo·

228 987 314 1052 estis.

194 1099 207 1145 1
292 1079 456 1145 LXVIII.
498 1078 687 1166 Agitedum,
718 1078 775 1144 ubi
790 1079 843 1144 hic
860 1079 979 1144 curiam
997 1078 1241 1147 circumsederit‘t

226 1188 257 1238 et
274 1175 378 1240 forum
396 1174 545 1240 infestum
564 1173 701 1239 feceritis
720 1184 751 1238 et
769 1196 925 1239 carcerem
947 1173 1156 1259 impleveritis
1175 1174 1243 1262 prin·

193 1289 208 1336 2
227 1269 359 1354 cipibus,
378 1271 478 1334 isdem
497 1269 565 1334 istis
583 1268 741 1334 ferocibus
760 1269 872 1333 animis
887 1268 1075 1354 egredimini
1087 1282 1243 1356 extrapor·

226 1378 290 1428 tarn
309 1365 509 1449 Esquilinam
527 1374 594 1442 aut,
616 1363 643 1427 si
660 1385 699 1427 ne
718 1363 778 1428 hoc
796 1364 924 1447 quidem
942 1363 1080 1441 audetis,
1105 1386 1147 1429 ex
1163 1364 1258 1429 mulir

227 1461 318 1524 visite
336 1483 429 1546 agros
447 1471 570 1524 vestros
587 1458 670 1522 ferro
688 1458 816 1543 ignique
829 1467 980 1534 vastatos,
998 1459 1152 1542 praedam
1165 1456 1243 1545 abigi,

192 1574 207 1621 3
226 1553 348 1617 fumare
365 1555 493 1617 incensa
510 1552 630 1637 passim
645 1564 739 1616 tecta.
776 1562 808 1615 at
831 1552 913 1615 enirn
936 1553 1115 1618 communis
1138 1576 1188 1619 res
1201 1572 1245 1639 pet

227 1646 305 1710 haec
322 1646 391 1711 loco
409 1660 456 1711 est
470 1647 589 1730 peiore:
608 1668 684 1732 ager
697 1646 804 1722 uritur,
823 1644 899 1710 urbs
913 1645 1086 1725 obsidetur,
1104 1646 1181 1713 belli
1189 1646 1244 1733 glo·

226 1741 273 1803 ria
294 1762 391 1825 penes
414 1740 513 1805 hostis
537 1748 593 1804 est.
630 1739 707 1821 quid
729 1739 874 1803 tandem?
899 1739 1040 1824 privatae
1063 1763 1116 1806 res
1138 1750 1244 1807 vestm

227 1857 290 1917 quo
309 1849 393 1900 statu
411 1835 502 1899 sunt?
527 1835 590 1898 iam
612 1833 781 1916 unicuique
804 1856 843 1897 ex
861 1833 946 1920 agris
965 1857 1023 1899 sua
1046 1835 1166 1901 damna
1180 1856 1245 1899 nm·

193 1953 208 1997 4
227 1930 395 1993 tiabuntur.
432 1929 508 2013 quid
526 1938 574 1993 est
591 1929 717 1992 tandem
735 1929 829 2005 domi,
848 1928 932 1992 unde
950 1950 989 1993 ea
1005 1928 1181 2015 expleatis?
1202 1926 1244 1993 ui·

228 2023 303 2087 buni
321 2022 411 2086 vobis
430 2023 547 2086 amissa
563 2022 695 2086 reddent
712 2044 749 2086 ac
766 2021 949 2087 restituent?
970 2023 1059 2088 vocis
1077 2023 1242 2090 verborum

227 2139 288 2199 que
307 2132 457 2199 quantum
475 2115 586 2180 voletis
604 2116 747 2203 ingerent
764 2126 796 2181 et
813 2117 977 2181 criminum
998 2117 1032 2180 in
1049 2118 1240 2205 principes&

227 2210 333 2296 logum
352 2210 481 2275 aliarum
500 2232 595 2295 super
612 2211 689 2274 alias
708 2220 740 2275 et
757 2211 946 2276 contionum.
976 2211 1034 2276 sed
1051 2234 1092 2276 ex
1109 2212 1172 2279 illis
1184 2232 1250 2277 con·-

227 2305 364 2370 tionibus
382 2328 553 2389 numquam
571 2316 711 2369 vestrum
730 2306 898 2389 quisquam
910 2327 945 2370 re
960 2303 1116 2391 (fortuna)
1130 2308 1238 2372 domum

194 2422 209 2467 5
227 2401 346 2464 auctior
362 2400 462 2465 rediit.
500 2400 606 2484 ecquis
625 2400 729 2464 retulit
747 2400 864 2483 aliquid
882 2400 923 2464 ad
941 2399 1111 2487 coniugem
1129 2423 1167 2467 ac
1179 2398 1239 2465 libc-

227 2518 277 2559 ros
295 2509 417 2580 praeter
435 2495 515 2572 odia,
535 2495 734 2572 offensiones,
755 2495 929 2560 simultates
946 2495 1091 2580 publicas
1106 2497 1239 2582 primu·

227 2591 307 2673 que?
333 2591 487 2674 aquibus
511 2613 635 2676 semper
656 2613 719 2654 non
741 2601 846 2654 vestra
867 2591 981 2655 virtute
1006 2592 1236 2675 innocentisque

193 2706 208 2753 6
228 2685 284 2748 sed
306 2684 421 2747 auxilio
444 2684 545 2749 alieno
568 2685 626 2747 tuti
648 2685 725 2748 sitis.
762 2694 795 2748 at
816 2684 973 2763 hercules,
1002 2708 1076 2751 cum
1103 2680 1235 2774 stipenda

226 2777 318 2841 nobis
337 2776 533 2854 consulibus,
561 2800 625 2841 non
643 2778 774 2843 tribunis
794 2777 926 2843 ducibus
945 2789 977 2844 et
994 2780 1027 2844 in
1046 2783 1171 2861 castris,
1189 2796 1234 2844 uu

226 2871 259 2933 in
286 2870 354 2935 soro
380 2870 558 2949 faciebatis,
586 2884 617 2936 et
638 2873 670 2936 in
693 2874 759 2937 acie
785 2883 925 2939 vestrum
948 2874 1119 2942 clamorem
1140 2877 1232 2947 hosi*

227 2986 290 3028 non
312 2965 345 3027 in
367 2966 509 3030 contione
531 2978 636 3052 patres
653 2968 789 3032 Romani
810 2968 994 3047 horrebant,
1020 2971 1143 3057 praeda
1157 2974 1231 3058 pua.

227 3081 303 3145 agro
326 3081 366 3124 ex
387 3060 477 3127 hoste
500 3073 605 3146 capto,
633 3061 719 3147 pleni
740 3063 937 3128 fortunarum
958 3064 1143 3151 gloriaeque
1163 3052 1231 3131 siud

226 3153 370 3240 publicae
389 3156 482 3220 simul
498 3158 653 3241 privatae,
676 3157 903 3243 triumphantes
922 3159 1052 3223 domum
1070 3161 1112 3225 ad
1128 3164 1231 3248 pente

226 3248 388 3314 redibatis:
407 3273 491 3314 nunc
509 3261 670 3315 oneratum
689 3251 801 3315 vestris
819 3251 953 3316 fortunis
971 3252 1099 3319 hostem
1116 3244 1231 3319 abiud

193 3363 208 3408 7
226 3343 309 3405 nitis.
345 3343 470 3409 haerete
488 3345 583 3409 adfixi
602 3345 798 3410 contionibus
817 3356 848 3410 et
860 3346 894 3409 in
906 3345 975 3411 soro
988 3347 1100 3413 vivite:
1119 3344 1233 3431 aequb!

226 3456 285 3498 vos
302 3437 473 3502 necessitas
492 3439 653 3515 militandi,
673 3461 767 3523 quam
786 3438 906 3526 fugitis.
942 3462 1039 3526 grave
1059 3450 1127 3507 erat
1142 3442 1173 3507 in
1186 3434 1231 3503 lt·-

227 3549 307 3612 quos
325 3539 356 3592 et
374 3529 508 3596 Volscos
526 3533 696 3617 proficisci:
716 3543 788 3598 ante
805 3546 911 3619 portas
926 3543 975 3598 est
987 3534 1117 3601 bellum.
1144 3526 1233 3603 siluit.

226 3645 290 3686 non
306 3623 440 3708 pellitur,
459 3624 522 3689 iam
539 3627 620 3691 intra
637 3628 760 3692 moenia
777 3628 836 3692 erit
853 3638 884 3693 et
901 3649 1005 3694 arcem
1020 3640 1051 3694 et
1066 3627 1231 3717 Capitolia!

193 3717 358 3783 ascendet
383 3727 414 3781 et
439 3719 472 3782 in
499 3720 609 3785 domos
636 3732 757 3786 vestras
785 3744 842 3786 vos
869 3733 1086 3807 persequetur.
1130 3712 1233 3809 bien&

227 3824 299 3873 ante
318 3821 444 3876 senatus
463 3813 610 3878 dilectum
626 3813 734 3880 haberi
757 3826 788 3880 ct
806 3816 897 3880 educi
919 3818 1093 3883 exercitum
1112 3817 1146 3881 in
1161 3804 1233 3897 Atr'a

227 3905 303 3968 dum
325 3904 430 3970 iussit:
458 3909 602 3974 sedemus
626 3910 751 3974 desides
774 3910 873 3988 domi,
900 3911 1068 3977 mulierum
1092 3911 1152 3976 n'tu
1172 3909 1230 3973 intr

227 4020 285 4064 nos
303 3999 498 4080 altercantes,
516 4004 672 4089 praesenti
689 4026 767 4089 pace
785 4004 858 4070 laeti
876 4027 935 4071 nec
948 4015 1119 4083 cernentes,
1137 3994 1233 4071 exol'!

20 4110 26 4119 ’
76 4162 189 4258 -ι
