2566 4524
334 244 451 302 amaa
467 241 496 312 1,
514 241 626 299 54-56.
648 240 889 317 [auset-510]
1086 232 1128 302 et
1219 188 1222 193 .

97 403 213 494 privati
229 400 388 473 commodi
402 421 513 464 sensus
526 399 680 464 malorum
693 399 889 485 publicorum
902 402 1011 481 adimi,
1029 405 1131 471 donec

97 499 174 565 orba
192 495 325 562 coneilio
342 493 521 577 auxilioque
536 489 662 558 Gabina
678 515 729 559 res
747 495 814 580 regi
827 495 971 560 Romano
986 497 1053 562 sine
1065 499 1130 563 ulla

94 590 302 657 demicatione
317 589 353 653 in
369 609 498 652 manum
515 587 656 655 traditur.

163 683 237 751 LV.
275 681 388 750 Gabiis
409 683 544 766 receptis
562 681 752 766 Tarquinius
773 704 884 767 pacem
907 705 979 749 cum
1000 684 1161 770 Aequo-1

96 804 167 845 rum
188 788 286 866 gente
308 776 397 854 feeit,
424 774 537 841 foedus
559 797 633 840 cum
656 775 771 840 Tuscis
792 777 967 855 renovavit,
993 779 1067 844 inde
1089 781 1131 845 ad

95 874 229 961 negotia
249 871 371 937 urbana
392 871 531 938 animum
554 871 714 934 convertit.
750 892 883 954 quorum
902 882 967 936 erat
983 873 1128 957 primum,

94 978 130 1033 ut
152 966 244 1032 Iovis
271 964 422 1050 templum
443 964 476 1031 in
498 972 604 1028 monte
626 963 762 1048 Tarpeio
784 974 1020 1030 monumentum
1040 969 1132 1054 regni

95 1063 145 1128 sui
163 1058 364 1141 nominisque
381 1057 582 1140 relinqueret:
606 1056 794 1141 Tarquinios
812 1079 904 1144 reges
928 1059 1052 1139 ambos,
1073 1083 1132 1146 pa-

95 1165 177 1219 trem
194 1153 338 1230 vovisse,
361 1150 461 1216 filium
479 1149 659 1236 perfecisse.
696 1162 727 1215 et
748 1161 783 1215 ut
799 1151 898 1216 libera
914 1176 935 1218 a
952 1155 1063 1219 ceteris
1081 1178 1130 1221 re-
1148 1175 1165 1222 a

95 1247 270 1335 ligionibus
288 1267 363 1310 area
380 1253 463 1309 esset
485 1253 551 1308 tota
566 1243 653 1309 Iovis
675 1244 845 1329 templique
868 1247 949 1322 eius,
977 1248 1062 1330 quod
1082 1248 1130 1313 in-

99 1342 330 1416 aedificaretur,
362 1359 555 1422 exaugurare
586 1337 661 1402 fana
688 1339 864 1421 sacellaque
892 1342 1013 1419 statuit,
1048 1363 1130 1425 quae

100 1435 218 1520 aliquot
234 1433 280 1499 ibi
298 1456 317 1497 a
335 1431 373 1496 T.
388 1431 481 1497 Tatio
498 1453 573 1517 rege
589 1432 725 1516 primum
742 1432 861 1518 inipso
880 1434 1058 1503 discrimine
1076 1437 1132 1501 ad-

101 1552 209 1601 versus
227 1527 401 1597 Romulum
422 1548 548 1612 pugnae
572 1535 657 1602 vota,
682 1535 862 1591 consecrata
883 1529 1131 1615 inaugurataque

100 1634 209 1712 postea
226 1622 361 1687 fuerant.
392 1620 473 1684 inter
489 1619 643 1706 principia
659 1620 813 1685 condendi
830 1621 923 1686 buius
943 1623 1045 1707 operis
1063 1645 1131 1690 mo-
1148 1644 1166 1692 3

103 1719 182 1785 risse
205 1738 326 1782 numen
348 1715 389 1779 ad
409 1714 610 1778 indicandam
633 1714 710 1778 tanti
728 1715 850 1799 imperii
867 1715 982 1780 molem
1000 1718 1130 1787 traditur

104 1813 191 1890 deos;
218 1834 295 1875 nam
317 1832 391 1874 cum
413 1809 552 1877 omnium
575 1808 760 1873 sacellorum
787 1810 1048 1895 exaugurationes
1074 1812 1130 1879 ad-

102 1907 259 1972 mitterent
276 1925 366 1980 aves,
384 1903 418 1967 in
427 1902 567 1967 Termini
580 1902 655 1967 fano
668 1924 732 1969 non
746 1904 902 1968 addixere.
930 1904 1023 1988 idque
1037 1927 1129 1970 omen
1148 1924 1164 1970 4

102 2000 331 2088 auguriumque
348 1998 393 2062 ita
407 2006 569 2081 acceptum
583 2007 644 2074 est,
663 2020 727 2061 non
739 2007 857 2062 motam
866 1998 1008 2062 Termini
1023 2000 1129 2064 eedem

103 2115 259 2178 unumque
282 2115 355 2157 eum
376 2092 506 2159 deorum
523 2113 587 2155 non
605 2101 769 2156 evocatum
788 2093 916 2158 sacratis
936 2093 996 2158 sibi
1013 2094 1128 2160 finibus

98 2190 192 2254 firma
207 2186 395 2270 stabiliaque
413 2195 525 2250 cunata
542 2186 736 2271 portendere.
763 2186 823 2251 hoa
840 2187 1056 2274 perpetuitatis
1074 2212 1130 2253 au·
1148 2210 1164 2256 c

99 2282 198 2369 spicio
215 2289 361 2366 accepto,
385 2289 527 2344 secutum
545 2279 630 2344 aliud
647 2280 894 2366 magnitudinem
912 2282 1035 2366 imperii
1056 2304 1129 2368 por-

98 2377 230 2442 tendens
261 2373 442 2461 prodigium
472 2383 533 2438 cst:
569 2389 663 2459 caput
694 2373 866 2438 humanum
896 2375 1019 2466 integra
1045 2375 1127 2441 facie

97 2468 311 2557 aperientibus
329 2467 534 2537 fundamenta
556 2468 664 2552 templi
686 2468 800 2533 dicitur
821 2469 1018 2553 apparuisse,
1046 2490 1127 2552 quae
1147 2491 1163 2538 6

96 2566 165 2631 risa
181 2563 308 2650 specics
325 2561 402 2627 haut
418 2584 475 2648 per
491 2561 641 2648 ambages
660 2584 764 2626 arcem
786 2583 856 2626 eam
877 2561 999 2646 imperii
1021 2572 1130 2648 caput-

102 2678 159 2741 que
174 2679 285 2729 rerum
302 2655 371 2721 fore
388 2654 605 2740 portendebat,
624 2655 719 2739 idque
736 2655 780 2719 ita
797 2655 936 2721 cecinere
954 2664 1043 2722 vates
1061 2657 1131 2740 qui-

104 2772 161 2835 que
179 2753 216 2818 in
237 2749 318 2816 urbe
339 2761 427 2814 erant
444 2770 586 2833 quosque
604 2749 645 2815 ad
663 2772 733 2814 eam
749 2771 817 2815 rem
834 2750 1072 2816 consultandam
1091 2773 1130 2816 ax

99 2843 228 2917 Etruria
245 2844 432 2910 acciverant.
468 2842 643 2930 augebatur
659 2844 701 2908 ad
726 2845 877 2929 inpensas
893 2845 977 2931 regis
996 2845 1129 2915 anlmus.

98 2939 205 3024 itaque
222 2937 409 3003 Pometinae
430 2937 611 3014 manubiae,
634 2958 716 3020 quaa
732 2937 930 3022 perducendo
948 2939 989 3003 ad
1007 2938 1130 3005 eulmen
1149 2965 1164 3010 r

100 3035 189 3120 operi
211 3032 387 3098 destinatae
409 3042 511 3110 erant,
533 3032 588 3096 vix
608 3032 642 3095 in
659 3031 863 3096 fundamenta
881 3033 1128 3117 suppeditavere.

101 3149 143 3193 ao
164 3127 266 3214 magis
283 3126 401 3204 Fabio,
426 3135 645 3212 praeterquam
667 3126 752 3208 quod
774 3124 1008 3207 antiquiorem,
1032 3126 1165 3193 credi-s

101 3221 218 3299 deum,
245 3219 455 3307 quadraginta
476 3242 515 3285 ea
537 3219 604 3284 sola
621 3219 737 3284 talenta
758 3217 871 3294 fuisse,
898 3240 993 3302 quam
1010 3218 1129 3297 Pisoni,

102 3317 155 3399 qui
178 3315 388 3401 quadraginta
408 3314 495 3378 milia
512 3314 615 3399 pondo
632 3313 755 3399 argenti
773 3312 908 3397 seposita
926 3313 1047 3379 ineam
1063 3335 1130 3378 rem
1148 3331 1164 3380 e

104 3411 224 3489 scribit,
262 3431 419 3474 summam
448 3409 600 3495 pecuniae
629 3430 731 3491 neque
761 3429 801 3472 ex
831 3407 924 3472 unius
950 3420 1018 3471 tum
1043 3406 1130 3474 urbis

106 3505 218 3589 praeda
240 3503 429 3590 sperandam
450 3512 482 3567 et
503 3502 629 3580 nullius,
651 3523 691 3566 ne
713 3501 825 3566 horum
843 3501 970 3584 quidem
987 3500 1132 3588 magnifi-

107 3597 221 3663 centiae
239 3619 373 3683 operum
389 3596 593 3663 fundamenta
608 3618 673 3660 non
691 3604 955 3680 exsuperaturam.

162 3690 257 3758 LVI.
292 3690 437 3756 Intentus
458 3689 647 3776 perficiendo
665 3689 795 3775 templo,
818 3687 916 3754 fabris
934 3688 1072 3773 undique
1090 3711 1130 3753 ex
1149 3708 1162 3756 1

103 3783 230 3853 Etruria
245 3785 369 3864 accitis,
388 3807 451 3849 non
468 3785 602 3871 pecunia
620 3784 722 3849 solum
740 3783 780 3848 ad
793 3783 826 3846 id
839 3783 966 3869 publica
979 3792 1027 3847 est
1042 3804 1128 3860 usus,

105 3881 157 3947 scd
172 3881 280 3969 operis
298 3879 394 3946 etiam
410 3902 451 3945 ex
467 3877 569 3965 plebe.
604 3879 660 3962 qui
681 3900 753 3944 cum
774 3876 851 3943 haut
872 3899 987 3963 parvus
1011 3884 1043 3941 et
1062 3876 1131 3961 ipse

106 3973 228 4042 militiae
250 3973 420 4041 adderetur
439 3973 540 4052 labor,
568 3972 672 4038 minua
694 3981 799 4037 tamen
820 3970 910 4056 plebs
932 3968 1129 4058 gravabatur,
