2566 4524
369 222 487 280 mans
503 224 530 293 1,
549 223 592 281 53.
614 228 651 293 [a.
662 223 850 296 caat-uo]
1080 216 1126 287 55·

156 384 254 449 LIII.
281 382 362 460 Nec,
381 392 416 445 ut
432 382 566 446 iniustus
583 382 617 445 in
633 403 711 468 pace
728 405 800 461 rex,
817 383 861 447 ita
878 383 943 446 dux
960 383 1035 450 belli
1051 408 1124 472 pra·
1141 410 1156 457 1

93 504 152 544 vus
170 480 247 556 fuit,
271 477 348 561 quin
365 499 403 541 ea
420 485 485 540 arte
504 485 672 559 aequasset
689 476 864 562 superiores
881 499 988 564 reges,
1014 480 1048 543 ni
1070 481 1126 545 de-

92 585 280 662 generatum
313 572 347 635 in
376 571 450 635 aliis
486 569 560 634 hnic
595 592 719 653 quoque
749 571 854 635 decori
884 571 1051 638 offecisset.
1095 575 1122 640 is
1142 597 1161 644 2·

93 669 213 754 primus
240 664 369 731 Volscis
396 663 512 728 bellum
538 664 572 726 in
598 664 748 729 ducentos
776 665 909 749 amphus
935 676 1008 751 post
1034 691 1127 733 suam

94 771 230 827 aetatem
256 782 355 825 annos
381 759 480 823 movit
507 755 721 841 Suessamque
747 758 924 824 Pometiam
950 783 990 825 ex
1016 761 1065 827 his
1092 762 1125 827 vi

94 878 128 921 ce
150 856 185 921 it.

126 878 227 1016 PUbi
249 971 321 1014 cum
343 947 540 1012 divendenda
560 947 677 1032 praeda
702 947 909 1034 quadraginta
934 950 1051 1014 talenta
1076 973 1158 1018 ans

96 1045 179 1132 genti
202 1042 379 1119 refecisset,
407 1041 548 1126 concepit
570 1040 675 1105 animo
697 1063 766 1104 eam
784 1043 1020 1128 amplitudinem
1037 1044 1125 1108 Iovis

98 1138 219 1224 templi,
239 1159 320 1221 quae
334 1136 431 1222 digna
443 1136 536 1200 deum
551 1135 774 1243 hominumque
787 1158 871 1223 rege,
890 1160 971 1221 quae
980 1139 1125 1216 Romano

100 1232 241 1318 imperio,
262 1253 342 1314 quae
360 1231 459 1315 ipsius
478 1229 571 1293 etiam
588 1229 650 1293 loci
667 1230 764 1294 maios
766 1239 830 1294 tate
848 1241 940 1295 esset.
969 1232 1126 1316 captivam

75 1334 77 1369 ³
102 1326 264 1411 pecuniam
281 1325 315 1388 in
332 1323 623 1389 aedificationem
596 1345 664 1388 elus
683 1324 790 1408 templi
809 1326 957 1409 seposuit.

75 1482 77 1493 ,
156 1419 296 1504 Excepit
284 1419 430 1482 tdeinde
453 1439 525 1481 eum
547 1417 620 1481 lent
599 1429 660 1482 trus
684 1439 740 1503 spe
762 1417 893 1496 bellum,
921 1442 984 1503 quo
1003 1417 1159 1486 Gabios4

75 1510 78 1573 l
102 1515 303 1599 propinquam
318 1511 441 1588 urbem,
461 1510 652 1594 nequiquam
665 1534 697 1574 vr
688 1511 853 1590 adortus,
872 1535 944 1577 cum
958 1513 1154 1578 obsidendi

75 1598 219 1692 ¹quoque
251 1604 362 1669 urbem
393 1627 465 1690 spes
495 1604 587 1689 pulso
618 1628 637 1669 a
667 1604 831 1671 moenibus
858 1606 1004 1692 adempta
1031 1617 1125 1685 esset,

101 1711 254 1786 postremo
271 1699 399 1763 minime
412 1708 477 1762 arte
490 1698 648 1775 Romana,
666 1699 778 1763 fraude
795 1721 832 1763 ac
850 1700 936 1778 dolo,
956 1702 1126 1787 adgressus

101 1805 151 1859 est.
191 1817 268 1858 nam
294 1816 380 1871 cum,
411 1792 497 1856 velut
521 1792 624 1876 posito
650 1792 746 1869 bello,
778 1792 990 1859 fundamentis
1016 1796 1158 1880 templis

99 1887 248 1953 faciendis
275 1887 406 1970 aliisque
432 1884 561 1950 urbanis
588 1885 734 1971 operibus
756 1887 909 1951 intentum
933 1910 967 1952 se
990 1890 1126 1953 essesi·

98 1983 241 2067 mularet,
267 1980 385 2046 Sextus
406 1980 489 2044 filius
512 1979 595 2056 eius,
622 1980 677 2063 qui
698 1981 846 2046 minimus
869 1983 1026 2049 extribus
1046 1995 1122 2063 erat,

99 2075 265 2162 transfugit
283 2098 324 2138 ex
341 2074 513 2160 composito
528 2071 663 2151 Gabios,
681 2075 778 2159 patris
792 2076 825 2140 in
844 2098 878 2142 se
897 2079 1059 2143 saevitiam
1076 2080 1126 2143 in-

98 2170 291 2236 tolerabilem
313 2191 520 2252 conquercns:
546 2169 611 2232 iam
633 2169 673 2233 ab
695 2169 805 2233 alienis
830 2170 865 2234 in
892 2194 966 2235 suos
992 2173 1158 2241 vertisses

96 2263 276 2350 superbiam
299 2272 331 2327 et
351 2262 519 2328 liberorum
542 2284 666 2347 quoque
689 2285 760 2326 eum
778 2263 971 2346 frequentiae
989 2267 1123 2345 taedere,

94 2371 244 2444 utquam
260 2357 398 2422 incuria
416 2357 615 2422 solitudinem
633 2357 755 2434 fecerit,
775 2357 859 2421 domi
878 2380 1001 2442 quoque
1019 2359 1125 2438 faciat,

94 2476 248 2543 pequam
266 2451 409 2537 stirpem,
432 2473 472 2515 ne
494 2473 588 2535 quem
609 2451 757 2515 heredem
778 2452 868 2537 regni
889 2452 1052 2535 relinquat
1090 2475 1158 2522 seu

97 2549 222 2631 quidem
245 2548 327 2610 inter
349 2545 411 2610 tela
433 2555 465 2610 et
481 2547 603 2632 gladios
621 2546 718 2631 patris
737 2546 878 2631 elapsum
895 2547 973 2610 nihil
990 2569 1125 2632 usquam

102 2643 154 2708 sibi
169 2653 292 2719 tutum,
310 2641 373 2705 nisi
390 2642 475 2727 apud
491 2641 598 2706 hostes
617 2641 658 2704 L.
674 2640 826 2724 Tarquini
844 2641 1024 2706 credidisse.
1051 2665 1125 2705 nam

103 2758 139 2800 ne
153 2745 307 2813 errarent,
330 2757 455 2800 manere
473 2735 511 2799 iis
529 2734 661 2813 bellum,
685 2736 771 2820 quod
791 2735 928 2820 positum
951 2735 1125 2814 simuletur,

105 2839 131 2892 et
146 2852 199 2916 per
216 2829 417 2896 occasionem
434 2851 507 2893 eum
525 2829 667 2893 incautos
680 2828 872 2894 invasurum.
900 2829 985 2912 quod
1000 2830 1026 2893 si
1039 2830 1126 2915 apud
1142 2848 1159 2897 8

104 2947 149 2992 eos
167 2924 364 3012 supplicibus
381 2925 469 2990 locus
488 2946 552 2988 non
570 2925 624 3002 sit,
646 2934 875 3009 pererraturum
898 2947 932 2989 sc
950 2947 1042 2989 omne
1060 2925 1127 2989 La-

104 3019 187 3098 tium,
209 3019 411 3103 Volscosque
434 3041 468 3083 se
490 3018 562 3082 inde
585 3028 616 3082 et
632 3017 763 3102 Aequos
787 3027 819 3082 et
834 3017 990 3082 Hernicos
1012 3019 1128 3102 petitu-

107 3135 184 3192 rum,
207 3115 309 3180 donec
331 3114 372 3178 ad
393 3134 448 3178 eos
469 3111 646 3198 perveniat,
672 3112 726 3197 qui
752 3135 771 3176 a
795 3121 921 3195 patrum
947 3111 1126 3175 cmdelibus

111 3216 191 3292 atque
222 3208 331 3294 impiis
366 3207 526 3293 suppliciis
558 3216 664 3292 tegere
693 3205 809 3270 liberos
841 3204 949 3268 sciant.
993 3203 1158 3283 forsitane

113 3301 191 3366 etiam
207 3303 327 3367 ardoris
346 3301 463 3386 aliquid
480 3300 522 3365 ad
538 3300 657 3366 bellum
678 3321 827 3381 armaque
846 3321 880 3363 se
903 3297 1054 3362 adversus
1073 3320 1127 3377 su-¹

116 3396 320 3475 perbissimum
353 3418 461 3484 regem
496 3417 533 3462 ac
569 3395 798 3460 ferocissimum
832 3394 984 3480 populum
1014 3394 1125 3473 inven-¹

127 3618 131 3627 ’
168 3583 260 3665 Cum,
298 3585 325 3650 si
350 3583 427 3648 nihil
452 3593 660 3662 morarentur,
695 3584 837 3649 infensus
863 3583 910 3648 ira
933 3605 1026 3669 porro
1052 3583 1125 3647 inde
1145 3603 1176 3650 10

121 3671 237 3746 abiturus
255 3680 426 3758 videretur,
448 3678 584 3766 benigne
602 3678 641 3744 ab
661 3676 794 3745 Gabinis
817 3677 979 3764 excipitur.
1018 3686 1126 3742 vetant

121 3770 216 3853 mari,
239 3776 283 3853 si,
303 3774 406 3858 qualis
423 3774 457 3837 in
474 3774 573 3852 cives,
597 3773 698 3856 qualis
716 3773 749 3836 in
767 3772 884 3850 socios,
906 3771 977 3836 talis
996 3772 1037 3836 ad
1054 3771 1127 3834 ulti·

121 3880 187 3932 mum
206 3870 239 3934 in
260 3869 375 3935 liberos
394 3879 485 3933 esset
521 3869 554 3932 in
572 3890 607 3933 se
624 3869 730 3954 ipsum
745 3877 904 3954 postremo
923 3864 1124 3942 saeviturum,
1144 3883 1182 3929 11·

123 3955 143 4018 d
156 3963 209 4028 alia
230 3965 343 4029 desint
380 3963 440 4028 sibi
460 3986 535 4029 vero
558 3971 683 4050 gratum
705 3963 874 4028 adventum
897 3961 963 4025 eius
987 3981 1056 4024 esse
1074 3957 1125 4022 fu-
