<?xml version="1.0" encoding="UTF-8"?>
<!DOCTYPE html PUBLIC "-//W3C//DTD XHTML 1.0 Transitional//EN"
    "http://www.w3.org/TR/xhtml1/DTD/xhtml1-transitional.dtd">
<html xmlns="http://www.w3.org/1999/xhtml" xml:lang="en" lang="en">
 <head>
  <title>
</title>
<meta http-equiv="Content-Type" content="text/html;charset=utf-8" />
  <meta name='ocr-system' content='tesseract 3.04.00' />
  <meta name='ocr-capabilities' content='ocr_page ocr_carea ocr_par ocr_line ocrx_word'/>
</head>
<body>
  <div class='ocr_page' id='page_1' title='image "./titiliviaburbec01weisgoog_0536.png"; bbox 0 0 2566 4524; ppageno 0'>
   <div class='ocr_carea' id='block_1_1' title="bbox 297 194 1079 305">
    <p class='ocr_par' dir='ltr' id='par_1_1' title="bbox 297 194 1079 305">
     <span class='ocr_line' id='line_1_1' title="bbox 297 194 1079 305; baseline 0.001 -16"><span class='ocrx_word' id='word_1_1' title='bbox 297 234 415 289; x_wconf 80' lang='lat' dir='ltr'>urana</span> <span class='ocrx_word' id='word_1_2' title='bbox 432 233 532 304; x_wconf 84' lang='lat' dir='ltr'>unu,</span> <span class='ocrx_word' id='word_1_3' title='bbox 550 234 575 289; x_wconf 88' lang='lat' dir='ltr'>a</span> <span class='ocrx_word' id='word_1_4' title='bbox 595 232 816 305; x_wconf 67' lang='lat' dir='ltr'>[acanum]</span> <span class='ocrx_word' id='word_1_5' title='bbox 1013 194 1079 290; x_wconf 83' lang='grc'>449</span> 
     </span>
    </p>
   </div>
   <div class='ocr_carea' id='block_1_2' title="bbox 62 389 1219 4144">
    <p class='ocr_par' dir='ltr' id='par_1_2' title="bbox 62 389 1219 4144">
     <span class='ocr_line' id='line_1_2' title="bbox 63 389 1077 480; baseline 0.003 -21"><span class='ocrx_word' id='word_1_6' title='bbox 63 392 102 480; x_wconf 68' lang='lat' dir='ltr'>[ui</span> <span class='ocrx_word' id='word_1_7' title='bbox 117 389 177 458; x_wconf 91' lang='lat' dir='ltr'>ubi</span> <span class='ocrx_word' id='word_1_8' title='bbox 195 391 336 470; x_wconf 83' lang='lat' dir='ltr'>surrexit,</span> <span class='ocrx_word' id='word_1_9' title='bbox 356 391 468 457; x_wconf 90' lang='lat' dir='ltr'>eodem</span> <span class='ocrx_word' id='word_1_10' title='bbox 484 391 538 457; x_wconf 92' lang='lat' dir='ltr'>illo</span> <span class='ocrx_word' id='word_1_11' title='bbox 556 391 654 470; x_wconf 83' lang='lat' dir='ltr'>vultu,</span> <span class='ocrx_word' id='word_1_12' title='bbox 673 414 736 477; x_wconf 91' lang='lat' dir='ltr'>quo</span> <span class='ocrx_word' id='word_1_13' title='bbox 755 390 814 458; x_wconf 92' lang='lat' dir='ltr'>sub</span> <span class='ocrx_word' id='word_1_14' title='bbox 831 392 943 480; x_wconf 88' lang='lat' dir='ltr'>iugum</span> <span class='ocrx_word' id='word_1_15' title='bbox 959 394 1077 462; x_wconf 89' lang='lat' dir='ltr'>missus</span> 
     </span>
     <span class='ocr_line' id='line_1_3' title="bbox 64 485 1109 574; baseline -0.002 -21"><span class='ocrx_word' id='word_1_16' title='bbox 64 496 126 553; x_wconf 84' lang='lat' dir='ltr'>rat:</span> <span class='ocrx_word' id='word_1_17' title='bbox 147 486 248 552; x_wconf 89' lang='lat' dir='ltr'>‘hand</span> <span class='ocrx_word' id='word_1_18' title='bbox 261 509 332 552; x_wconf 92' lang='lat' dir='ltr'>sum</span> <span class='ocrx_word' id='word_1_19' title='bbox 345 485 495 574; x_wconf 89' lang='lat' dir='ltr'>ignarus‚&#39;</span> <span class='ocrx_word' id='word_1_20' title='bbox 512 485 614 571; x_wconf 90' lang='lat' dir='ltr'>inquit</span> <span class='ocrx_word' id='word_1_21' title='bbox 626 486 793 566; x_wconf 70' lang='lat' dir='ltr'>‘consules</span> <span class='ocrx_word' id='word_1_22' title='bbox 802 487 1002 574; x_wconf 80' lang='lat' dir='ltr'>ignominiae,</span> <span class='ocrx_word' id='word_1_23' title='bbox 1012 509 1077 556; x_wconf 93' lang='lat' dir='ltr'>non</span> <span class='ocrx_word' id='word_1_24' title='bbox 1095 504 1109 551; x_wconf 83' lang='lat'><strong>3</strong></span> 
     </span>
     <span class='ocr_line' id='line_1_4' title="bbox 63 580 1077 667; baseline 0.002 -20"><span class='ocrx_word' id='word_1_25' title='bbox 63 582 174 649; x_wconf 65' lang='lat' dir='ltr'>toneris</span> <span class='ocrx_word' id='word_1_26' title='bbox 188 605 285 648; x_wconf 85' lang='lat' dir='ltr'>causa</span> <span class='ocrx_word' id='word_1_27' title='bbox 297 603 348 648; x_wconf 89' lang='lat' dir='ltr'>me</span> <span class='ocrx_word' id='word_1_28' title='bbox 359 580 497 667; x_wconf 90' lang='lat' dir='ltr'>primum</span> <span class='ocrx_word' id='word_1_29' title='bbox 510 581 680 646; x_wconf 86' lang='lat' dir='ltr'>excitatum</span> <span class='ocrx_word' id='word_1_30' title='bbox 691 581 876 667; x_wconf 89' lang='lat' dir='ltr'>iussumque</span> <span class='ocrx_word' id='word_1_31' title='bbox 890 583 1002 663; x_wconf 79' lang='lat' dir='ltr'>dicere,</span> <span class='ocrx_word' id='word_1_32' title='bbox 1011 607 1077 650; x_wconf 92' lang='lat' dir='ltr'>non</span> 
     </span>
     <span class='ocr_line' id='line_1_5' title="bbox 63 675 1078 762; baseline 0.002 -20"><span class='ocrx_word' id='word_1_33' title='bbox 63 698 210 762; x_wconf 86' lang='lat' dir='ltr'>amquam</span> <span class='ocrx_word' id='word_1_34' title='bbox 229 685 415 754; x_wconf 79' lang='lat' dir='ltr'>senatorem,</span> <span class='ocrx_word' id='word_1_35' title='bbox 431 675 488 741; x_wconf 91' lang='lat' dir='ltr'>sed</span> <span class='ocrx_word' id='word_1_36' title='bbox 501 685 662 760; x_wconf 80' lang='lat' dir='ltr'><strong>tamquam</strong></span> <span class='ocrx_word' id='word_1_37' title='bbox 674 698 764 741; x_wconf 93' lang='lat' dir='ltr'>reum</span> <span class='ocrx_word' id='word_1_38' title='bbox 776 698 839 761; x_wconf 92' lang='lat' dir='ltr'>qua</span> <span class='ocrx_word' id='word_1_39' title='bbox 850 676 984 743; x_wconf 84' lang='lat' dir='ltr'>infelicis</span> <span class='ocrx_word' id='word_1_40' title='bbox 1002 676 1078 744; x_wconf 93' lang='lat' dir='ltr'>belli</span> 
     </span>
     <span class='ocr_line' id='line_1_6' title="bbox 63 769 1111 858; baseline 0.002 -22"><span class='ocrx_word' id='word_1_41' title='bbox 63 793 109 856; x_wconf 85' lang='lat' dir='ltr'>¹ua</span> <span class='ocrx_word' id='word_1_42' title='bbox 121 769 352 857; x_wconf 86' lang='lat' dir='ltr'>ignominiosae</span> <span class='ocrx_word' id='word_1_43' title='bbox 364 770 462 858; x_wconf 82' lang='lat' dir='ltr'>pacis.</span> <span class='ocrx_word' id='word_1_44' title='bbox 489 793 549 858; x_wconf 91' lang='lat' dir='ltr'>ego</span> <span class='ocrx_word' id='word_1_45' title='bbox 563 781 677 849; x_wconf 88' lang='lat' dir='ltr'>tamen,</span> <span class='ocrx_word' id='word_1_46' title='bbox 687 770 813 856; x_wconf 90' lang='lat' dir='ltr'>quando</span> <span class='ocrx_word' id='word_1_47' title='bbox 825 792 928 856; x_wconf 90' lang='lat' dir='ltr'>neque</span> <span class='ocrx_word' id='word_1_48' title='bbox 940 772 980 837; x_wconf 91' lang='lat' dir='ltr'>de</span> <span class='ocrx_word' id='word_1_49' title='bbox 993 795 1077 838; x_wconf 85' lang='lat' dir='ltr'>noxa</span> <span class='ocrx_word' id='word_1_50' title='bbox 1093 795 1111 844; x_wconf 82' lang='lat'>4</span> 
     </span>
     <span class='ocr_line' id='line_1_7' title="bbox 63 857 1219 952; baseline 0.003 -24"><span class='ocrx_word' id='word_1_51' title='bbox 63 873 156 930; x_wconf 82' lang='lat' dir='ltr'>ostra</span> <span class='ocrx_word' id='word_1_52' title='bbox 172 885 275 948; x_wconf 92' lang='lat' dir='ltr'>neque</span> <span class='ocrx_word' id='word_1_53' title='bbox 293 865 333 930; x_wconf 93' lang='lat' dir='ltr'>de</span> <span class='ocrx_word' id='word_1_54' title='bbox 349 886 453 952; x_wconf 88' lang='lat' dir='ltr'>poena</span> <span class='ocrx_word' id='word_1_55' title='bbox 469 863 642 942; x_wconf 86' lang='lat' dir='ltr'>rettulistis,</span> <span class='ocrx_word' id='word_1_56' title='bbox 656 864 775 930; x_wconf 90' lang='lat' dir='ltr'>omissa</span> <span class='ocrx_word' id='word_1_57' title='bbox 788 864 981 945; x_wconf 83' lang='lat' dir='ltr'>defensione,</span> <span class='ocrx_word' id='word_1_58' title='bbox 996 887 1077 950; x_wconf 85' lang='lat' dir='ltr'>quae</span> <span class='ocrx_word' id='word_1_59' title='bbox 1215 857 1219 862; x_wconf 67' lang='grc'><strong>’</strong></span> 
     </span>
     <span class='ocr_line' id='line_1_8' title="bbox 63 955 1079 1045; baseline 0.003 -22"><span class='ocrx_word' id='word_1_60' title='bbox 63 982 108 1026; x_wconf 78' lang='lat' dir='ltr'>‚cn</span> <span class='ocrx_word' id='word_1_61' title='bbox 123 958 311 1024; x_wconf 87' lang='lat' dir='ltr'>difficillima</span> <span class='ocrx_word' id='word_1_62' title='bbox 323 967 408 1025; x_wconf 89' lang='lat' dir='ltr'>esset</span> <span class='ocrx_word' id='word_1_63' title='bbox 420 958 505 1045; x_wconf 90' lang='lat' dir='ltr'>apud</span> <span class='ocrx_word' id='word_1_64' title='bbox 517 955 602 1024; x_wconf 86' lang='lat' dir='ltr'>haud</span> <span class='ocrx_word' id='word_1_65' title='bbox 619 958 746 1045; x_wconf 88' lang='lat' dir='ltr'>ignaros</span> <span class='ocrx_word' id='word_1_66' title='bbox 759 957 954 1026; x_wconf 87' lang='lat' dir='ltr'>fortunarum</span> <span class='ocrx_word' id='word_1_67' title='bbox 966 959 1079 1026; x_wconf 92' lang='lat' dir='ltr'>huma-</span> 
     </span>
     <span class='ocr_line' id='line_1_9' title="bbox 63 1052 1079 1139; baseline 0.002 -20"><span class='ocrx_word' id='word_1_68' title='bbox 63 1077 161 1119; x_wconf 90' lang='lat' dir='ltr'>arum</span> <span class='ocrx_word' id='word_1_69' title='bbox 178 1053 490 1139; x_wconf 86' lang='lat' dir='ltr'>necessitatiumque,</span> <span class='ocrx_word' id='word_1_70' title='bbox 511 1052 697 1118; x_wconf 80' lang='lat' dir='ltr'>sententiam</span> <span class='ocrx_word' id='word_1_71' title='bbox 715 1054 754 1120; x_wconf 88' lang='lat' dir='ltr'>de</span> <span class='ocrx_word' id='word_1_72' title='bbox 771 1076 824 1133; x_wconf 90' lang='lat' dir='ltr'>eo,</span> <span class='ocrx_word' id='word_1_73' title='bbox 842 1055 882 1119; x_wconf 90' lang='lat' dir='ltr'>de</span> <span class='ocrx_word' id='word_1_74' title='bbox 899 1076 963 1139; x_wconf 91' lang='lat' dir='ltr'>quo</span> <span class='ocrx_word' id='word_1_75' title='bbox 980 1065 1079 1121; x_wconf 89' lang='lat' dir='ltr'>rettu-</span> 
     </span>
     <span class='ocr_line' id='line_1_10' title="bbox 63 1147 1079 1235; baseline 0.003 -22"><span class='ocrx_word' id='word_1_76' title='bbox 63 1149 143 1228; x_wconf 81' lang='lat' dir='ltr'>istis‚</span> <span class='ocrx_word' id='word_1_77' title='bbox 166 1147 276 1234; x_wconf 92' lang='lat' dir='ltr'>paucis</span> <span class='ocrx_word' id='word_1_78' title='bbox 294 1171 454 1235; x_wconf 81' lang='lat' dir='ltr'>peragam.</span> <span class='ocrx_word' id='word_1_79' title='bbox 490 1168 573 1232; x_wconf 92' lang='lat' dir='ltr'>quae</span> <span class='ocrx_word' id='word_1_80' title='bbox 591 1148 746 1214; x_wconf 86' lang='lat' dir='ltr'>sententia</span> <span class='ocrx_word' id='word_1_81' title='bbox 763 1148 852 1215; x_wconf 88' lang='lat' dir='ltr'>testis</span> <span class='ocrx_word' id='word_1_82' title='bbox 871 1149 942 1230; x_wconf 90' lang='lat' dir='ltr'>erit,</span> <span class='ocrx_word' id='word_1_83' title='bbox 959 1149 1079 1216; x_wconf 90' lang='lat' dir='ltr'>mihine</span> 
     </span>
     <span class='ocr_line' id='line_1_11' title="bbox 63 1241 1077 1331; baseline 0.003 -23"><span class='ocrx_word' id='word_1_84' title='bbox 63 1241 286 1328; x_wconf 86' lang='lat' dir='ltr'>mlegionibus</span> <span class='ocrx_word' id='word_1_85' title='bbox 305 1242 417 1307; x_wconf 86' lang='lat' dir='ltr'>vestris</span> <span class='ocrx_word' id='word_1_86' title='bbox 439 1241 646 1328; x_wconf 85' lang='lat' dir='ltr'>pepercerim,</span> <span class='ocrx_word' id='word_1_87' title='bbox 669 1264 743 1308; x_wconf 90' lang='lat' dir='ltr'>cum</span> <span class='ocrx_word' id='word_1_88' title='bbox 763 1265 814 1309; x_wconf 90' lang='lat' dir='ltr'>me</span> <span class='ocrx_word' id='word_1_89' title='bbox 837 1265 894 1311; x_wconf 92' lang='lat' dir='ltr'>seu</span> <span class='ocrx_word' id='word_1_90' title='bbox 914 1245 997 1331; x_wconf 82' lang='lat' dir='ltr'>turpi</span> <span class='ocrx_word' id='word_1_91' title='bbox 1020 1266 1077 1311; x_wconf 92' lang='lat' dir='ltr'>seu</span> 
     </span>
     <span class='ocr_line' id='line_1_12' title="bbox 63 1329 1111 1423; baseline 0.007 -22"><span class='ocrx_word' id='word_1_92' title='bbox 63 1336 227 1403; x_wconf 61' lang='lat' dir='ltr'>iecessaria</span> <span class='ocrx_word' id='word_1_93' title='bbox 244 1336 412 1423; x_wconf 89' lang='lat' dir='ltr'>sponsione</span> <span class='ocrx_word' id='word_1_94' title='bbox 426 1335 592 1416; x_wconf 81' lang='lat' dir='ltr'>obstrinxi;</span> <span class='ocrx_word' id='word_1_95' title='bbox 606 1359 670 1422; x_wconf 90' lang='lat' dir='ltr'>qua</span> <span class='ocrx_word' id='word_1_96' title='bbox 681 1347 796 1416; x_wconf 90' lang='lat' dir='ltr'>tamen,</span> <span class='ocrx_word' id='word_1_97' title='bbox 811 1337 937 1423; x_wconf 90' lang='lat' dir='ltr'>quaudo</span> <span class='ocrx_word' id='word_1_98' title='bbox 954 1329 1078 1405; x_wconf 89' lang='lat' dir='ltr'>iniussu</span> <span class='ocrx_word' id='word_1_99' title='bbox 1095 1362 1111 1410; x_wconf 86' lang='lat'><strong>5</strong></span> 
     </span>
     <span class='ocr_line' id='line_1_13' title="bbox 63 1430 1079 1519; baseline 0 -20"><span class='ocrx_word' id='word_1_100' title='bbox 63 1432 157 1519; x_wconf 86' lang='lat' dir='ltr'>opuli</span> <span class='ocrx_word' id='word_1_101' title='bbox 173 1430 259 1498; x_wconf 83' lang='lat' dir='ltr'>facta</span> <span class='ocrx_word' id='word_1_102' title='bbox 276 1441 333 1512; x_wconf 87' lang='lat' dir='ltr'>est,</span> <span class='ocrx_word' id='word_1_103' title='bbox 351 1454 416 1498; x_wconf 89' lang='lat' dir='ltr'>non</span> <span class='ocrx_word' id='word_1_104' title='bbox 433 1441 555 1498; x_wconf 89' lang='lat' dir='ltr'>tenetur</span> <span class='ocrx_word' id='word_1_105' title='bbox 572 1431 707 1518; x_wconf 87' lang='lat' dir='ltr'>populus</span> <span class='ocrx_word' id='word_1_106' title='bbox 721 1431 895 1512; x_wconf 87' lang='lat' dir='ltr'>Romanus,</span> <span class='ocrx_word' id='word_1_107' title='bbox 914 1455 974 1499; x_wconf 90' lang='lat' dir='ltr'>nec</span> <span class='ocrx_word' id='word_1_108' title='bbox 989 1434 1079 1518; x_wconf 87' lang='lat' dir='ltr'>quic·</span> 
     </span>
     <span class='ocr_line' id='line_1_14' title="bbox 63 1525 1080 1614; baseline 0.002 -22"><span class='ocrx_word' id='word_1_109' title='bbox 63 1550 143 1612; x_wconf 57' lang='lat' dir='ltr'>,uam</span> <span class='ocrx_word' id='word_1_110' title='bbox 162 1550 203 1593; x_wconf 87' lang='lat' dir='ltr'>ex</span> <span class='ocrx_word' id='word_1_111' title='bbox 220 1549 258 1592; x_wconf 91' lang='lat' dir='ltr'>ea</span> <span class='ocrx_word' id='word_1_112' title='bbox 273 1536 493 1614; x_wconf 83' lang='lat' dir='ltr'>praeterquam</span> <span class='ocrx_word' id='word_1_113' title='bbox 509 1548 642 1613; x_wconf 88' lang='lat' dir='ltr'>corpora</span> <span class='ocrx_word' id='word_1_114' title='bbox 657 1535 766 1593; x_wconf 89' lang='lat' dir='ltr'>nostra</span> <span class='ocrx_word' id='word_1_115' title='bbox 783 1526 935 1594; x_wconf 87' lang='lat' dir='ltr'>debentur</span> <span class='ocrx_word' id='word_1_116' title='bbox 953 1525 1080 1594; x_wconf 88' lang='lat' dir='ltr'>Samni-</span> 
     </span>
     <span class='ocr_line' id='line_1_15' title="bbox 63 1620 1111 1708; baseline 0.005 -21"><span class='ocrx_word' id='word_1_117' title='bbox 63 1620 143 1687; x_wconf 78' lang='lat' dir='ltr'>drus.</span> <span class='ocrx_word' id='word_1_118' title='bbox 185 1621 338 1688; x_wconf 85' lang='lat' dir='ltr'>dedamur</span> <span class='ocrx_word' id='word_1_119' title='bbox 357 1645 415 1708; x_wconf 92' lang='lat' dir='ltr'>per</span> <span class='ocrx_word' id='word_1_120' title='bbox 436 1621 559 1688; x_wconf 82' lang='lat' dir='ltr'>fetiales</span> <span class='ocrx_word' id='word_1_121' title='bbox 581 1620 659 1686; x_wconf 94' lang='lat' dir='ltr'>nudi</span> <span class='ocrx_word' id='word_1_122' title='bbox 680 1621 853 1708; x_wconf 87' lang='lat' dir='ltr'>vinctique,</span> <span class='ocrx_word' id='word_1_123' title='bbox 876 1621 1111 1692; x_wconf 86' lang='lat' dir='ltr'>exsolvamusc</span> 
     </span>
     <span class='ocr_line' id='line_1_16' title="bbox 63 1715 1078 1803; baseline 0.002 -23"><span class='ocrx_word' id='word_1_124' title='bbox 63 1715 199 1802; x_wconf 85' lang='lat' dir='ltr'>eligione</span> <span class='ocrx_word' id='word_1_125' title='bbox 216 1716 377 1802; x_wconf 91' lang='lat' dir='ltr'>populum,</span> <span class='ocrx_word' id='word_1_126' title='bbox 398 1717 424 1781; x_wconf 91' lang='lat' dir='ltr'>si</span> <span class='ocrx_word' id='word_1_127' title='bbox 443 1738 506 1800; x_wconf 89' lang='lat' dir='ltr'>qua</span> <span class='ocrx_word' id='word_1_128' title='bbox 519 1715 739 1803; x_wconf 86' lang='lat' dir='ltr'>obligavimus,</span> <span class='ocrx_word' id='word_1_129' title='bbox 757 1738 797 1781; x_wconf 92' lang='lat' dir='ltr'>ne</span> <span class='ocrx_word' id='word_1_130' title='bbox 811 1717 887 1800; x_wconf 91' lang='lat' dir='ltr'>quid</span> <span class='ocrx_word' id='word_1_131' title='bbox 905 1716 1002 1782; x_wconf 86' lang='lat' dir='ltr'>divini</span> <span class='ocrx_word' id='word_1_132' title='bbox 1018 1715 1078 1782; x_wconf 94' lang='lat' dir='ltr'>hu-</span> 
     </span>
     <span class='ocr_line' id='line_1_17' title="bbox 63 1809 1077 1918; baseline 0 -43"><span class='ocrx_word' id='word_1_133' title='bbox 63 1810 175 1875; x_wconf 85' lang='lat' dir='ltr'>nanive</span> <span class='ocrx_word' id='word_1_134' title='bbox 201 1810 318 1888; x_wconf 87' lang='lat' dir='ltr'>obstet,</span> <span class='ocrx_word' id='word_1_135' title='bbox 345 1832 409 1918; x_wconf 87' lang='lat' dir='ltr'>quo</span> <span class='ocrx_word' id='word_1_136' title='bbox 435 1809 540 1876; x_wconf 91' lang='lat' dir='ltr'>minus</span> <span class='ocrx_word' id='word_1_137' title='bbox 566 1811 630 1875; x_wconf 92' lang='lat' dir='ltr'>iust</span> <span class='ocrx_word' id='word_1_138' title='bbox 618 1819 685 1874; x_wconf 93' lang='lat' dir='ltr'>tum</span> <span class='ocrx_word' id='word_1_139' title='bbox 713 1810 863 1896; x_wconf 89' lang='lat' dir='ltr'>piumque</span> <span class='ocrx_word' id='word_1_140' title='bbox 890 1810 1001 1875; x_wconf 85' lang='lat' dir='ltr'>det</span> <span class='ocrx_word' id='word_1_141' title='bbox 954 1833 988 1874; x_wconf 91' lang='grc' dir='ltr'>ιιι</span> <span class='ocrx_word' id='word_1_142' title='bbox 988 1817 1077 1896; x_wconf 90' lang='lat' dir='ltr'>tegro</span> 
     </span>
     <span class='ocr_line' id='line_1_18' title="bbox 63 1902 1111 1986; baseline -0.002 -18"><span class='ocrx_word' id='word_1_143' title='bbox 63 1912 172 1969; x_wconf 86' lang='lat' dir='ltr'>neatur</span> <span class='ocrx_word' id='word_1_144' title='bbox 187 1902 361 1969; x_wconf 90' lang='lat' dir='ltr'>bellum.</span> <span class='ocrx_word' id='word_1_145' title='bbox 349 1926 385 1986; x_wconf 88' lang='lat' dir='ltr'>m</span> <span class='ocrx_word' id='word_1_146' title='bbox 385 1912 471 1968; x_wconf 87' lang='lat' dir='ltr'>terea</span> <span class='ocrx_word' id='word_1_147' title='bbox 492 1902 638 1969; x_wconf 89' lang='lat' dir='ltr'>consules</span> <span class='ocrx_word' id='word_1_148' title='bbox 663 1903 834 1970; x_wconf 88' lang='lat' dir='ltr'>exercitum</span> <span class='ocrx_word' id='word_1_149' title='bbox 856 1902 1005 1982; x_wconf 89' lang='lat' dir='ltr'>scribere,</span> <span class='ocrx_word' id='word_1_150' title='bbox 1028 1926 1078 1967; x_wconf 88' lang='lat' dir='ltr'>ar·</span> <span class='ocrx_word' id='word_1_151' title='bbox 1096 1917 1111 1966; x_wconf 79' lang='grc' dir='ltr'>ι</span> 
     </span>
     <span class='ocr_line' id='line_1_19' title="bbox 63 1996 1079 2086; baseline 0.003 -25"><span class='ocrx_word' id='word_1_152' title='bbox 63 2018 148 2076; x_wconf 85' lang='lat' dir='ltr'>nare,</span> <span class='ocrx_word' id='word_1_153' title='bbox 165 1998 297 2063; x_wconf 84' lang='lat' dir='ltr'>educere</span> <span class='ocrx_word' id='word_1_154' title='bbox 313 1996 418 2084; x_wconf 89' lang='lat' dir='ltr'>placet</span> <span class='ocrx_word' id='word_1_155' title='bbox 430 2019 489 2064; x_wconf 90' lang='lat' dir='ltr'>nec</span> <span class='ocrx_word' id='word_1_156' title='bbox 500 1998 588 2085; x_wconf 91' lang='lat' dir='ltr'>prius</span> <span class='ocrx_word' id='word_1_157' title='bbox 601 1998 726 2086; x_wconf 89' lang='lat' dir='ltr'>ingredi</span> <span class='ocrx_word' id='word_1_158' title='bbox 739 1998 878 2064; x_wconf 89' lang='lat' dir='ltr'>hostium</span> <span class='ocrx_word' id='word_1_159' title='bbox 889 1999 969 2065; x_wconf 90' lang='lat' dir='ltr'>fines</span> <span class='ocrx_word' id='word_1_160' title='bbox 982 2020 1079 2084; x_wconf 91' lang='lat' dir='ltr'>qnam</span> 
     </span>
     <span class='ocr_line' id='line_1_20' title="bbox 63 2091 1112 2179; baseline 0.006 -24"><span class='ocrx_word' id='word_1_161' title='bbox 63 2091 157 2157; x_wconf 73' lang='lat' dir='ltr'>»mnia</span> <span class='ocrx_word' id='word_1_162' title='bbox 176 2092 261 2158; x_wconf 89' lang='lat' dir='ltr'>iusta</span> <span class='ocrx_word' id='word_1_163' title='bbox 281 2092 315 2157; x_wconf 92' lang='lat' dir='ltr'>in</span> <span class='ocrx_word' id='word_1_164' title='bbox 336 2092 432 2157; x_wconf 89' lang='lat' dir='ltr'>dedit</span> <span class='ocrx_word' id='word_1_165' title='bbox 411 2101 529 2159; x_wconf 85' lang='lat' dir='ltr'>tranem</span> <span class='ocrx_word' id='word_1_166' title='bbox 550 2102 691 2159; x_wconf 86' lang='lat' dir='ltr'>nostram</span> <span class='ocrx_word' id='word_1_167' title='bbox 712 2094 853 2179; x_wconf 84' lang='lat' dir='ltr'>perfecta</span> <span class='ocrx_word' id='word_1_168' title='bbox 875 2104 974 2160; x_wconf 89' lang='lat' dir='ltr'>erunt.</span> <span class='ocrx_word' id='word_1_169' title='bbox 1009 2117 1077 2173; x_wconf 87' lang='lat' dir='ltr'>vos,</span> <span class='ocrx_word' id='word_1_170' title='bbox 1095 2103 1112 2153; x_wconf 90' lang='lat'>8</span> 
     </span>
     <span class='ocr_line' id='line_1_21' title="bbox 63 2185 1077 2274; baseline 0.003 -23"><span class='ocrx_word' id='word_1_171' title='bbox 63 2185 93 2252; x_wconf 93' lang='lat' dir='ltr'>ln</span> <span class='ocrx_word' id='word_1_172' title='bbox 109 2185 291 2252; x_wconf 83' lang='lat' dir='ltr'>mmortales</span> <span class='ocrx_word' id='word_1_173' title='bbox 296 2233 305 2264; x_wconf 94' lang='lat'>,</span> <span class='ocrx_word' id='word_1_174' title='bbox 327 2209 440 2274; x_wconf 89' lang='lat' dir='ltr'>precor</span> <span class='ocrx_word' id='word_1_175' title='bbox 456 2209 649 2272; x_wconf 87' lang='lat' dir='ltr'>quaesoque,</span> <span class='ocrx_word' id='word_1_176' title='bbox 669 2211 696 2252; x_wconf 74' lang='grc' dir='ltr'>ει</span> <span class='ocrx_word' id='word_1_177' title='bbox 686 2187 804 2253; x_wconf 89' lang='lat' dir='ltr'>vobis</span> <span class='ocrx_word' id='word_1_178' title='bbox 822 2211 886 2252; x_wconf 93' lang='lat' dir='ltr'>non</span> <span class='ocrx_word' id='word_1_179' title='bbox 903 2188 963 2252; x_wconf 86' lang='lat' dir='ltr'>fuit</span> <span class='ocrx_word' id='word_1_180' title='bbox 951 2189 1077 2267; x_wconf 91' lang='lat' dir='ltr'>tcordi,</span> 
     </span>
     <span class='ocr_line' id='line_1_22' title="bbox 63 2279 1077 2368; baseline -0.001 -20"><span class='ocrx_word' id='word_1_181' title='bbox 63 2279 322 2368; x_wconf 80' lang='lat' dir='ltr'>lpPostumium,</span> <span class='ocrx_word' id='word_1_182' title='bbox 332 2280 371 2346; x_wconf 88' lang='grc' dir='ltr'>Τ.</span> <span class='ocrx_word' id='word_1_183' title='bbox 377 2280 544 2346; x_wconf 89' lang='lat' dir='ltr'>Veturium</span> <span class='ocrx_word' id='word_1_184' title='bbox 554 2280 698 2347; x_wconf 90' lang='lat' dir='ltr'>consules</span> <span class='ocrx_word' id='word_1_185' title='bbox 713 2303 785 2345; x_wconf 91' lang='lat' dir='ltr'>cum</span> <span class='ocrx_word' id='word_1_186' title='bbox 796 2279 990 2347; x_wconf 89' lang='lat' dir='ltr'>Samnitibus</span> <span class='ocrx_word' id='word_1_187' title='bbox 1003 2303 1077 2367; x_wconf 91' lang='lat' dir='ltr'>pro-</span> 
     </span>
     <span class='ocr_line' id='line_1_23' title="bbox 63 2374 1110 2463; baseline -0.006 -21"><span class='ocrx_word' id='word_1_188' title='bbox 63 2397 140 2463; x_wconf 88' lang='lat' dir='ltr'>pere</span> <span class='ocrx_word' id='word_1_189' title='bbox 157 2374 277 2442; x_wconf 89' lang='lat' dir='ltr'>bellum</span> <span class='ocrx_word' id='word_1_190' title='bbox 292 2397 411 2462; x_wconf 86' lang='lat' dir='ltr'>gerere,</span> <span class='ocrx_word' id='word_1_191' title='bbox 427 2384 459 2440; x_wconf 89' lang='lat' dir='ltr'>at</span> <span class='ocrx_word' id='word_1_192' title='bbox 472 2397 530 2441; x_wconf 88' lang='lat' dir='ltr'>vos</span> <span class='ocrx_word' id='word_1_193' title='bbox 544 2375 620 2441; x_wconf 88' lang='lat' dir='ltr'>satis</span> <span class='ocrx_word' id='word_1_194' title='bbox 637 2374 790 2455; x_wconf 89' lang='lat' dir='ltr'>habeatis,</span> <span class='ocrx_word' id='word_1_195' title='bbox 804 2375 922 2441; x_wconf 86' lang='lat' dir='ltr'>vidisse</span> <span class='ocrx_word' id='word_1_196' title='bbox 939 2397 997 2442; x_wconf 90' lang='lat' dir='ltr'>nos</span> <span class='ocrx_word' id='word_1_197' title='bbox 1016 2375 1075 2441; x_wconf 90' lang='lat' dir='ltr'>sub</span> <span class='ocrx_word' id='word_1_198' title='bbox 1095 2387 1110 2435; x_wconf 82' lang='lat' dir='ltr'>e</span> 
     </span>
     <span class='ocr_line' id='line_1_24' title="bbox 63 2470 1077 2558; baseline 0.003 -24"><span class='ocrx_word' id='word_1_199' title='bbox 63 2492 160 2558; x_wconf 88' lang='lat' dir='ltr'>ngum</span> <span class='ocrx_word' id='word_1_200' title='bbox 176 2470 307 2548; x_wconf 88' lang='lat' dir='ltr'>missos,</span> <span class='ocrx_word' id='word_1_201' title='bbox 325 2470 444 2536; x_wconf 91' lang='lat' dir='ltr'>vidisse</span> <span class='ocrx_word' id='word_1_202' title='bbox 462 2470 631 2557; x_wconf 86' lang='lat' dir='ltr'>sponsione</span> <span class='ocrx_word' id='word_1_203' title='bbox 652 2470 764 2536; x_wconf 87' lang='lat' dir='ltr'>infami</span> <span class='ocrx_word' id='word_1_204' title='bbox 781 2470 951 2558; x_wconf 80' lang='lat' dir='ltr'>obligatae,</span> <span class='ocrx_word' id='word_1_205' title='bbox 969 2471 1077 2537; x_wconf 84' lang='lat' dir='ltr'>videre</span> 
     </span>
     <span class='ocr_line' id='line_1_25' title="bbox 63 2564 1077 2649; baseline 0 -18"><span class='ocrx_word' id='word_1_206' title='bbox 63 2564 150 2633; x_wconf 81' lang='lat' dir='ltr'>rudos</span> <span class='ocrx_word' id='word_1_207' title='bbox 169 2566 354 2649; x_wconf 85' lang='lat' dir='ltr'>vinctosque</span> <span class='ocrx_word' id='word_1_208' title='bbox 371 2564 516 2631; x_wconf 87' lang='lat' dir='ltr'>hostibus</span> <span class='ocrx_word' id='word_1_209' title='bbox 535 2565 672 2644; x_wconf 87' lang='lat' dir='ltr'>deditos,</span> <span class='ocrx_word' id='word_1_210' title='bbox 696 2588 821 2632; x_wconf 90' lang='lat' dir='ltr'>omnem</span> <span class='ocrx_word' id='word_1_211' title='bbox 841 2566 921 2632; x_wconf 91' lang='lat' dir='ltr'>iram</span> <span class='ocrx_word' id='word_1_212' title='bbox 938 2565 1077 2632; x_wconf 88' lang='lat' dir='ltr'>hostium</span> 
     </span>
     <span class='ocr_line' id='line_1_26' title="bbox 63 2659 1128 2748; baseline 0 -21"><span class='ocrx_word' id='word_1_213' title='bbox 63 2660 163 2728; x_wconf 73' lang='lat' dir='ltr'>uanis</span> <span class='ocrx_word' id='word_1_214' title='bbox 182 2659 337 2745; x_wconf 86' lang='lat' dir='ltr'>capitibus</span> <span class='ocrx_word' id='word_1_215' title='bbox 355 2660 557 2747; x_wconf 86' lang='lat' dir='ltr'>excipientes.</span> <span class='ocrx_word' id='word_1_216' title='bbox 592 2683 693 2726; x_wconf 89' lang='lat' dir='ltr'>novos</span> <span class='ocrx_word' id='word_1_217' title='bbox 711 2660 855 2727; x_wconf 89' lang='lat' dir='ltr'>consules</span> <span class='ocrx_word' id='word_1_218' title='bbox 873 2660 1076 2748; x_wconf 88' lang='lat' dir='ltr'>legionesque</span> <span class='ocrx_word' id='word_1_219' title='bbox 1096 2678 1128 2727; x_wconf 92' lang='lat'>10</span> 
     </span>
     <span class='ocr_line' id='line_1_27' title="bbox 63 2751 1078 2842; baseline 0 -21"><span class='ocrx_word' id='word_1_220' title='bbox 63 2754 209 2821; x_wconf 65' lang='lat' dir='ltr'>Romanas</span> <span class='ocrx_word' id='word_1_221' title='bbox 226 2755 271 2819; x_wconf 87' lang='lat' dir='ltr'>ita</span> <span class='ocrx_word' id='word_1_222' title='bbox 288 2775 362 2819; x_wconf 93' lang='lat' dir='ltr'>cum</span> <span class='ocrx_word' id='word_1_223' title='bbox 371 2751 514 2820; x_wconf 87' lang='lat' dir='ltr'>Samnite</span> <span class='ocrx_word' id='word_1_224' title='bbox 530 2777 640 2842; x_wconf 88' lang='lat' dir='ltr'>gerere</span> <span class='ocrx_word' id='word_1_225' title='bbox 658 2754 777 2822; x_wconf 89' lang='lat' dir='ltr'>bellum</span> <span class='ocrx_word' id='word_1_226' title='bbox 793 2755 906 2834; x_wconf 82' lang='lat' dir='ltr'>velitis,</span> <span class='ocrx_word' id='word_1_227' title='bbox 920 2764 955 2822; x_wconf 90' lang='lat' dir='ltr'>ut</span> <span class='ocrx_word' id='word_1_228' title='bbox 972 2755 1078 2832; x_wconf 86' lang='lat' dir='ltr'>omnia</span> 
     </span>
     <span class='ocr_line' id='line_1_28' title="bbox 63 2847 1128 2937; baseline 0.003 -23"><span class='ocrx_word' id='word_1_229' title='bbox 63 2858 119 2915; x_wconf 81' lang='lat' dir='ltr'>nte</span> <span class='ocrx_word' id='word_1_230' title='bbox 136 2871 196 2914; x_wconf 93' lang='lat' dir='ltr'>nos</span> <span class='ocrx_word' id='word_1_231' title='bbox 215 2847 359 2914; x_wconf 86' lang='lat' dir='ltr'>consules</span> <span class='ocrx_word' id='word_1_232' title='bbox 376 2847 461 2915; x_wconf 92' lang='lat' dir='ltr'>bella</span> <span class='ocrx_word' id='word_1_233' title='bbox 477 2859 568 2937; x_wconf 86' lang='lat' dir='ltr'>gesta</span> <span class='ocrx_word' id='word_1_234' title='bbox 586 2849 678 2915; x_wconf 71' lang='lat' dir='ltr'>sunt!</span> <span class='ocrx_word' id='word_1_235' title='bbox 713 2871 794 2934; x_wconf 90' lang='lat' dir='ltr'>quae</span> <span class='ocrx_word' id='word_1_236' title='bbox 811 2848 867 2916; x_wconf 92' lang='lat' dir='ltr'>ubi</span> <span class='ocrx_word' id='word_1_237' title='bbox 884 2849 972 2930; x_wconf 87' lang='lat' dir='ltr'>dixit,</span> <span class='ocrx_word' id='word_1_238' title='bbox 991 2858 1078 2916; x_wconf 88' lang='lat' dir='ltr'>tanta</span> <span class='ocrx_word' id='word_1_239' title='bbox 1096 2869 1128 2917; x_wconf 91' lang='grc' dir='ltr'>ιι</span> 
     </span>
     <span class='ocr_line' id='line_1_29' title="bbox 62 2941 1078 3028; baseline 0.002 -19"><span class='ocrx_word' id='word_1_240' title='bbox 62 2941 142 3009; x_wconf 90' lang='lat' dir='ltr'>imnl</span> <span class='ocrx_word' id='word_1_241' title='bbox 159 2942 327 3009; x_wconf 84' lang='lat' dir='ltr'>admiratio</span> <span class='ocrx_word' id='word_1_242' title='bbox 344 2943 567 3028; x_wconf 89' lang='lat' dir='ltr'>miseratioque</span> <span class='ocrx_word' id='word_1_243' title='bbox 580 2944 639 3008; x_wconf 88' lang='lat' dir='ltr'>viri</span> <span class='ocrx_word' id='word_1_244' title='bbox 655 2944 785 3010; x_wconf 87' lang='lat' dir='ltr'>incessit</span> <span class='ocrx_word' id='word_1_245' title='bbox 802 2967 922 3024; x_wconf 90' lang='lat' dir='ltr'>omnes,</span> <span class='ocrx_word' id='word_1_246' title='bbox 935 2953 971 3009; x_wconf 92' lang='lat' dir='ltr'>ut</span> <span class='ocrx_word' id='word_1_247' title='bbox 983 2945 1078 3011; x_wconf 90' lang='lat' dir='ltr'>modo</span> 
     </span>
     <span class='ocr_line' id='line_1_30' title="bbox 63 3036 1078 3125; baseline 0 -22"><span class='ocrx_word' id='word_1_248' title='bbox 63 3037 102 3103; x_wconf 83' lang='lat' dir='ltr'>ix</span> <span class='ocrx_word' id='word_1_249' title='bbox 115 3037 289 3115; x_wconf 87' lang='lat' dir='ltr'>crederent,</span> <span class='ocrx_word' id='word_1_250' title='bbox 302 3036 391 3103; x_wconf 90' lang='lat' dir='ltr'>illum</span> <span class='ocrx_word' id='word_1_251' title='bbox 404 3038 540 3103; x_wconf 88' lang='lat' dir='ltr'>eundem</span> <span class='ocrx_word' id='word_1_252' title='bbox 553 3060 624 3104; x_wconf 88' lang='lat' dir='ltr'>esse</span> <span class='ocrx_word' id='word_1_253' title='bbox 638 3036 696 3125; x_wconf 85' lang='lat' dir='ltr'>sp.</span> <span class='ocrx_word' id='word_1_254' title='bbox 704 3038 914 3118; x_wconf 87' lang='lat' dir='ltr'>Postumium,</span> <span class='ocrx_word' id='word_1_255' title='bbox 932 3038 987 3122; x_wconf 93' lang='lat' dir='ltr'>qui</span> <span class='ocrx_word' id='word_1_256' title='bbox 1003 3060 1078 3103; x_wconf 89' lang='lat' dir='ltr'>auc·</span> 
     </span>
     <span class='ocr_line' id='line_1_31' title="bbox 63 3130 1128 3217; baseline -0.001 -20"><span class='ocrx_word' id='word_1_257' title='bbox 63 3140 174 3199; x_wconf 80' lang='lat' dir='ltr'>ortem</span> <span class='ocrx_word' id='word_1_258' title='bbox 190 3131 305 3197; x_wconf 83' lang='lat' dir='ltr'>foedae</span> <span class='ocrx_word' id='word_1_259' title='bbox 321 3130 409 3217; x_wconf 87' lang='lat' dir='ltr'>pacis</span> <span class='ocrx_word' id='word_1_260' title='bbox 428 3131 552 3211; x_wconf 88' lang='lat' dir='ltr'>fuisset,</span> <span class='ocrx_word' id='word_1_261' title='bbox 570 3132 664 3199; x_wconf 90' lang='lat' dir='ltr'>modo</span> <span class='ocrx_word' id='word_1_262' title='bbox 683 3133 912 3209; x_wconf 89' lang='lat' dir='ltr'>miserarentur,</span> <span class='ocrx_word' id='word_1_263' title='bbox 926 3130 1011 3214; x_wconf 91' lang='lat' dir='ltr'>quod</span> <span class='ocrx_word' id='word_1_264' title='bbox 1028 3131 1077 3195; x_wconf 88' lang='lat' dir='ltr'>vir</span> <span class='ocrx_word' id='word_1_265' title='bbox 1095 3150 1128 3198; x_wconf 76' lang='grc' dir='ltr'>ιι</span> 
     </span>
     <span class='ocr_line' id='line_1_32' title="bbox 63 3223 1074 3313; baseline -0.003 -22"><span class='ocrx_word' id='word_1_266' title='bbox 63 3223 120 3291; x_wconf 85' lang='lat' dir='ltr'>nlis</span> <span class='ocrx_word' id='word_1_267' title='bbox 134 3225 231 3293; x_wconf 87' lang='lat' dir='ltr'>etiam</span> <span class='ocrx_word' id='word_1_268' title='bbox 252 3226 457 3313; x_wconf 89' lang='lat' dir='ltr'>praecipuum</span> <span class='ocrx_word' id='word_1_269' title='bbox 479 3227 565 3313; x_wconf 90' lang='lat' dir='ltr'>apud</span> <span class='ocrx_word' id='word_1_270' title='bbox 585 3225 694 3292; x_wconf 89' lang='lat' dir='ltr'>hostes</span> <span class='ocrx_word' id='word_1_271' title='bbox 714 3225 901 3313; x_wconf 88' lang='lat' dir='ltr'>supplicium</span> <span class='ocrx_word' id='word_1_272' title='bbox 922 3245 1074 3310; x_wconf 88' lang='lat' dir='ltr'>passurus</span> 
     </span>
     <span class='ocr_line' id='line_1_33' title="bbox 63 3317 1126 3407; baseline -0.002 -20"><span class='ocrx_word' id='word_1_273' title='bbox 63 3328 131 3387; x_wconf 84' lang='lat' dir='ltr'>sset</span> <span class='ocrx_word' id='word_1_274' title='bbox 146 3319 190 3387; x_wconf 94' lang='lat' dir='ltr'>ob</span> <span class='ocrx_word' id='word_1_275' title='bbox 207 3321 288 3386; x_wconf 91' lang='lat' dir='ltr'>iram</span> <span class='ocrx_word' id='word_1_276' title='bbox 306 3320 478 3406; x_wconf 88' lang='lat' dir='ltr'>diremptae</span> <span class='ocrx_word' id='word_1_277' title='bbox 496 3320 593 3407; x_wconf 86' lang='lat' dir='ltr'>pacis.</span> <span class='ocrx_word' id='word_1_278' title='bbox 626 3343 699 3386; x_wconf 91' lang='lat' dir='ltr'>cum</span> <span class='ocrx_word' id='word_1_279' title='bbox 716 3342 824 3386; x_wconf 90' lang='lat' dir='ltr'>omnes</span> <span class='ocrx_word' id='word_1_280' title='bbox 841 3317 989 3385; x_wconf 91' lang='lat' dir='ltr'>laudibus</span> <span class='ocrx_word' id='word_1_281' title='bbox 1005 3339 1074 3385; x_wconf 93' lang='lat' dir='ltr'>mo·</span> <span class='ocrx_word' id='word_1_282' title='bbox 1093 3329 1126 3378; x_wconf 83' lang='grc'>13</span> 
     </span>
     <span class='ocr_line' id='line_1_34' title="bbox 63 3412 1076 3501; baseline -0.004 -19"><span class='ocrx_word' id='word_1_283' title='bbox 63 3436 84 3482; x_wconf 86' lang='lat' dir='ltr'>o</span> <span class='ocrx_word' id='word_1_284' title='bbox 106 3422 338 3501; x_wconf 89' lang='lat' dir='ltr'>prosequentes</span> <span class='ocrx_word' id='word_1_285' title='bbox 356 3413 459 3480; x_wconf 89' lang='lat' dir='ltr'>virum</span> <span class='ocrx_word' id='word_1_286' title='bbox 480 3415 514 3480; x_wconf 92' lang='lat' dir='ltr'>in</span> <span class='ocrx_word' id='word_1_287' title='bbox 536 3416 723 3481; x_wconf 89' lang='lat' dir='ltr'>sententiam</span> <span class='ocrx_word' id='word_1_288' title='bbox 744 3415 813 3480; x_wconf 89' lang='lat' dir='ltr'>eius</span> <span class='ocrx_word' id='word_1_289' title='bbox 833 3412 967 3500; x_wconf 89' lang='lat' dir='ltr'>pedibus</span> <span class='ocrx_word' id='word_1_290' title='bbox 984 3412 1076 3492; x_wconf 89' lang='lat' dir='ltr'>irent,</span> 
     </span>
     <span class='ocr_line' id='line_1_35' title="bbox 63 3506 1077 3595; baseline -0.002 -20"><span class='ocrx_word' id='word_1_291' title='bbox 63 3516 200 3595; x_wconf 72' lang='lat' dir='ltr'>emptata</span> <span class='ocrx_word' id='word_1_292' title='bbox 215 3507 377 3594; x_wconf 88' lang='lat' dir='ltr'>paulisper</span> <span class='ocrx_word' id='word_1_293' title='bbox 392 3509 575 3576; x_wconf 88' lang='lat' dir='ltr'>intercessio</span> <span class='ocrx_word' id='word_1_294' title='bbox 593 3519 642 3576; x_wconf 91' lang='lat' dir='ltr'>est</span> <span class='ocrx_word' id='word_1_295' title='bbox 659 3509 700 3576; x_wconf 90' lang='lat' dir='ltr'>ab</span> <span class='ocrx_word' id='word_1_296' title='bbox 716 3510 759 3575; x_wconf 91' lang='lat' dir='ltr'>L.</span> <span class='ocrx_word' id='word_1_297' title='bbox 772 3509 868 3575; x_wconf 84' lang='lat' dir='ltr'>Livio</span> <span class='ocrx_word' id='word_1_298' title='bbox 886 3517 917 3575; x_wconf 90' lang='lat' dir='ltr'>et</span> <span class='ocrx_word' id='word_1_299' title='bbox 931 3506 972 3592; x_wconf 84' lang='lat' dir='ltr'>Q.</span> <span class='ocrx_word' id='word_1_300' title='bbox 984 3506 1077 3574; x_wconf 89' lang='lat' dir='ltr'>Mae-</span> 
     </span>
     <span class='ocr_line' id='line_1_36' title="bbox 63 3602 1127 3693; baseline 0.001 -22"><span class='ocrx_word' id='word_1_301' title='bbox 63 3624 83 3671; x_wconf 93' lang='lat' dir='ltr'>o</span> <span class='ocrx_word' id='word_1_302' title='bbox 106 3602 245 3669; x_wconf 88' lang='lat' dir='ltr'>tribunis</span> <span class='ocrx_word' id='word_1_303' title='bbox 266 3602 383 3688; x_wconf 90' lang='lat' dir='ltr'>plebis,</span> <span class='ocrx_word' id='word_1_304' title='bbox 406 3605 461 3688; x_wconf 93' lang='lat' dir='ltr'>qui</span> <span class='ocrx_word' id='word_1_305' title='bbox 482 3627 585 3690; x_wconf 91' lang='lat' dir='ltr'>neque</span> <span class='ocrx_word' id='word_1_306' title='bbox 606 3605 729 3672; x_wconf 86' lang='lat' dir='ltr'>exsolvi</span> <span class='ocrx_word' id='word_1_307' title='bbox 749 3605 901 3693; x_wconf 89' lang='lat' dir='ltr'>religione</span> <span class='ocrx_word' id='word_1_308' title='bbox 922 3605 1127 3693; x_wconf 67' lang='lat' dir='ltr'>populumne</span> 
     </span>
     <span class='ocr_line' id='line_1_37' title="bbox 63 3696 1076 3785; baseline 0.002 -20"><span class='ocrx_word' id='word_1_309' title='bbox 63 3696 174 3765; x_wconf 77' lang='lat' dir='ltr'>iebant</span> <span class='ocrx_word' id='word_1_310' title='bbox 204 3697 364 3764; x_wconf 83' lang='lat' dir='ltr'>deditione</span> <span class='ocrx_word' id='word_1_311' title='bbox 395 3722 468 3778; x_wconf 86' lang='lat' dir='ltr'>sua,</span> <span class='ocrx_word' id='word_1_312' title='bbox 499 3700 561 3765; x_wconf 90' lang='lat' dir='ltr'>nisi</span> <span class='ocrx_word' id='word_1_313' title='bbox 591 3701 697 3767; x_wconf 91' lang='lat' dir='ltr'>omnia</span> <span class='ocrx_word' id='word_1_314' title='bbox 724 3698 848 3767; x_wconf 86' lang='lat' dir='ltr'>Samnit</span> <span class='ocrx_word' id='word_1_315' title='bbox 836 3700 939 3779; x_wconf 90' lang='lat' dir='ltr'>tibus,</span> <span class='ocrx_word' id='word_1_316' title='bbox 970 3700 1076 3785; x_wconf 87' lang='lat' dir='ltr'>qualia</span> 
     </span>
     <span class='ocr_line' id='line_1_38' title="bbox 63 3793 1125 3906; baseline 0 -46"><span class='ocrx_word' id='word_1_317' title='bbox 63 3793 132 3883; x_wconf 87' lang='lat' dir='ltr'>pud</span> <span class='ocrx_word' id='word_1_318' title='bbox 150 3793 313 3861; x_wconf 84' lang='lat' dir='ltr'>Caudium</span> <span class='ocrx_word' id='word_1_319' title='bbox 329 3793 479 3874; x_wconf 83' lang='lat' dir='ltr'>fuissent,</span> <span class='ocrx_word' id='word_1_320' title='bbox 452 3796 746 3876; x_wconf 88' lang='lat' dir='ltr'>trestituerentur,</span> <span class='ocrx_word' id='word_1_321' title='bbox 768 3818 871 3906; x_wconf 81' lang='lat' dir='ltr'>neque</span> <span class='ocrx_word' id='word_1_322' title='bbox 894 3818 928 3861; x_wconf 90' lang='lat' dir='ltr'>se</span> <span class='ocrx_word' id='word_1_323' title='bbox 949 3816 1072 3881; x_wconf 90' lang='lat' dir='ltr'>proco,</span> <span class='ocrx_word' id='word_1_324' title='bbox 1094 3812 1125 3860; x_wconf 87' lang='lat'>15</span> 
     </span>
     <span class='ocr_line' id='line_1_39' title="bbox 63 3887 1076 3976; baseline -0.002 -21"><span class='ocrx_word' id='word_1_325' title='bbox 63 3888 132 3971; x_wconf 82' lang='lat' dir='ltr'>uod</span> <span class='ocrx_word' id='word_1_326' title='bbox 168 3888 354 3975; x_wconf 82' lang='lat' dir='ltr'>spondendo</span> <span class='ocrx_word' id='word_1_327' title='bbox 388 3912 500 3976; x_wconf 89' lang='lat' dir='ltr'>pacem</span> <span class='ocrx_word' id='word_1_328' title='bbox 539 3899 717 3957; x_wconf 86' lang='lat' dir='ltr'>servassent</span> <span class='ocrx_word' id='word_1_329' title='bbox 755 3891 872 3957; x_wconf 88' lang='lat' dir='ltr'>exercit</span> <span class='ocrx_word' id='word_1_330' title='bbox 872 3913 927 3955; x_wconf 91' lang='lat' dir='ltr'>um</span> <span class='ocrx_word' id='word_1_331' title='bbox 965 3887 1076 3975; x_wconf 91' lang='lat' dir='ltr'>populi</span> 
     </span>
     <span class='ocr_line' id='line_1_40' title="bbox 63 3964 1076 4070; baseline 0 -22"><span class='ocrx_word' id='word_1_332' title='bbox 63 3964 200 4060; x_wconf 78' lang='lat' dir='ltr'>lamani,</span> <span class='ocrx_word' id='word_1_333' title='bbox 227 4002 364 4069; x_wconf 87' lang='lat' dir='ltr'>poenam</span> <span class='ocrx_word' id='word_1_334' title='bbox 388 3983 487 4050; x_wconf 89' lang='lat' dir='ltr'>ullam</span> <span class='ocrx_word' id='word_1_335' title='bbox 513 3985 604 4051; x_wconf 89' lang='lat' dir='ltr'>merit</span> <span class='ocrx_word' id='word_1_336' title='bbox 605 4007 641 4052; x_wconf 91' lang='lat' dir='ltr'>os</span> <span class='ocrx_word' id='word_1_337' title='bbox 667 4006 752 4065; x_wconf 87' lang='lat' dir='ltr'>esse,</span> <span class='ocrx_word' id='word_1_338' title='bbox 779 4005 881 4070; x_wconf 88' lang='lat' dir='ltr'>neque</span> <span class='ocrx_word' id='word_1_339' title='bbox 906 3981 949 4049; x_wconf 92' lang='lat' dir='ltr'>ad</span> <span class='ocrx_word' id='word_1_340' title='bbox 973 3989 1076 4048; x_wconf 89' lang='lat' dir='ltr'>extre-</span> 
     </span>
     <span class='ocr_line' id='line_1_41' title="bbox 94 4083 903 4144; baseline -0.006 -1"><span class='ocrx_word' id='word_1_341' title='bbox 94 4097 150 4144; x_wconf 71' lang='lat' dir='ltr'>nra</span> <span class='ocrx_word' id='word_1_342' title='bbox 163 4097 208 4143; x_wconf 81' lang='lat' dir='ltr'>cot</span> <span class='ocrx_word' id='word_1_343' title='bbox 216 4095 237 4143; x_wconf 85' lang='lat'>1.</span> <span class='ocrx_word' id='word_1_344' title='bbox 869 4083 903 4138; x_wconf 79' lang='lat'>29</span> 
     </span>
    </p>
   </div>
   <div class='ocr_carea' id='block_1_3' title="bbox 0 0 1288 4524">
    <p class='ocr_par' dir='ltr' id='par_1_3' title="bbox 0 0 1288 4524">
     <span class='ocr_line' id='line_1_42' title="bbox 0 0 1288 4524; baseline 0 0"><span class='ocrx_word' id='word_1_345' title='bbox 0 0 1288 4524; x_wconf 95' lang='lat' dir='ltr'> </span> 
     </span>
    </p>
   </div>
  </div>
 </body>
</html>
