2566 4524
152 252 218 321 344
411 261 529 319 uranu
547 260 718 334 v1,3s.39.
738 264 812 330 [au.
823 260 920 331 essa]

121 423 255 495 etr-ibus
278 422 431 499 dicerent,
458 429 526 484 tum
545 418 714 485 Camillus:
743 418 883 503 ‘quaudo
905 419 1061 503 quidem,’
1086 420 1174 506 inquit

154 517 324 602 6Quirites,
342 517 407 581 iam
423 537 481 580 vos
499 513 666 580 tribunicia
681 511 789 590 libido,
806 535 872 578 non
883 523 1027 598 potestas
1039 516 1132 603 regit,
1146 524 1170 580 et

152 611 408 679 intercessionem
431 609 609 675 secessione
629 608 790 692 quondam
814 607 917 692 plebis
943 618 1069 694 partam
1093 609 1166 676 vobis

153 707 264 773 eadem
281 705 314 768 vi
330 703 434 769 facitis
452 703 590 780 inritam,
609 723 675 786 qua
689 702 870 788 peperistis,
892 724 958 766 non
974 703 1164 789 reipublicae

152 800 256 887 magis
278 798 444 863 universae
466 818 562 883 quam
579 805 684 862 vestra
701 818 799 861 causa
816 795 950 861 dictator
965 796 1161 864 intercessioni
1185 816 1188 823 ·

120 917 134 964 r
154 894 247 961 adero
266 913 473 974 eversumque
490 901 630 957 vestrum
648 890 800 956 auxilium
817 890 949 976 imperio
962 891 1095 958 tutabor.
1114 892 1159 956 ita·

154 1009 230 1072 que,
250 986 278 1052 si
292 984 330 1053 (l.
339 986 486 1051 Licinius
500 995 532 1050 et
543 986 585 1050 L.
601 982 730 1051 Sextius
747 984 964 1050 intercessioni
981 986 1156 1073 conlegarum

153 1082 281 1158 cedunt,
300 1080 378 1147 nihil
390 1079 557 1165 patricium
574 1079 793 1165 magistratum
810 1079 949 1144 inseram
966 1079 1096 1144 concilio
1108 1077 1156 1164 ple·

152 1174 217 1242 bis:
244 1175 272 1241 si
294 1175 501 1241 adversusm
468 1173 476 1188 ’
501 1173 723 1238 tercessionem
744 1181 906 1257 tamquam
927 1182 1038 1282 captas
1063 1170 1155 1238 ciuitati

151 1269 266 1356 leges
256 1290 408 1388 mponere
421 1268 562 1346 tendent,
580 1268 646 1331 vim
658 1266 856 1332 tribuniciam
873 1291 893 1331 a
910 1289 945 1332 se
962 1267 1035 1352 ipsa
1051 1262 1156 1333 dissolri

117 1381 134 1430 8
152 1385 216 1429 nou
237 1362 357 1449 patiar!
392 1362 544 1428 adversus
567 1383 605 1427 ea
625 1382 699 1426 cum
720 1361 924 1446 contemptim
945 1356 1155 1445 tribuniplebis

150 1479 219 1523 rem
235 1456 332 1521 nihilo
352 1456 481 1542 segnius
498 1464 698 1542 peragerent,
720 1463 789 1519 tum
804 1455 942 1540 percitus
959 1455 1008 1520 ira
1026 1453 1154 1520 Camillus

151 1551 206 1615 lict
194 1559 291 1626 t,ores
310 1571 364 1632 qm
354 1549 418 1613 dc
435 1550 539 1615 medio
556 1549 683 1634 plebem
701 1557 895 1626 emoverem,
913 1549 1000 1613 misit
1018 1560 1049 1614 st
1061 1545 1156 1614 addidit
1179 1618 1184 1623 ,

152 1643 267 1721 minas,
296 1643 324 1708 si
344 1653 524 1730 pergerent,
552 1652 747 1709 sacramento
768 1665 879 1709 omnes
895 1643 1034 1709 iuniores
1052 1644 1156 1709 adauct·

117 1757 133 1807 a
150 1760 223 1804 rum
240 1737 474 1822 exercitumque
492 1737 649 1822 extemplo
663 1759 703 1802 ex
715 1735 794 1803 urbe
810 1737 1005 1802 educturum.
1032 1746 1158 1803 terrorem

150 1832 312 1919 ingentem
333 1833 508 1898 incusserat
523 1830 622 1916 plebi;
645 1830 779 1898 ducibus
798 1829 899 1917 plebis
917 1831 1062 1896 accendit
1077 1828 1159 1915 magia

151 1927 320 1991 certamine
342 1926 463 1991 animos
486 1947 581 2008 quam
602 1925 728 2003 minuit;
756 1925 813 1991 sed
833 1947 868 1990 re
892 1933 1005 1990 neutro
1030 1924 1159 1990 inclinate

150 2020 339 2105 magistratu
360 2040 395 2083 se
417 2018 588 2096 abdicavit,
616 2041 673 2085 seu
694 2019 770 2102 quia
791 2019 868 2084 vitio
893 2029 1016 2086 creatus
1039 2027 1116 2096 erat,
1136 2024 1162 2080 ut

152 2113 305 2198 scripsere
322 2113 465 2198 quidam,
485 2135 542 2179 seu
554 2113 630 2199 quia
646 2113 762 2179 tribuni
779 2112 882 2198 plebis
897 2113 1035 2177 tulerunt
1056 2113 1098 2177 ad
1111 2110 1164 2198 ple·

152 2205 226 2271 bem
251 2205 347 2290 idque
367 2205 459 2292 plebs
482 2207 586 2285 scivit,
613 2215 663 2284 ut,
691 2208 719 2272 si
739 2207 787 2271 M.
809 2207 926 2272 Furius
946 2228 1012 2293 pro.
1028 2207 1162 2272 deuote
1196 2270 1199 2277 .

101 2321 133 2369 ιο
151 2302 228 2386 quid
245 2303 375 2389 egisset,
394 2303 599 2389 quingentum
616 2301 740 2367 milium
756 2303 786 2367 ei
802 2302 902 2366 multa
918 2311 1012 2366 esset.
1048 2303 1105 2367 sed
1120 2322 1163 2366 an-
1196 2348 1199 2355 -

151 2397 258 2480 spiciis
280 2397 382 2484 magis
406 2419 501 2480 quam
519 2397 594 2462 novi
611 2397 748 2481 exempli
763 2397 925 2482 rogatione
943 2397 1122 2462 deterritum
1136 2405 1163 2459 ut

148 2492 255 2577 potius
274 2492 412 2568 credam,
436 2513 508 2557 cum
524 2491 625 2576 ipsius
643 2490 702 2555 viri
719 2491 795 2556 facit
811 2491 986 2577 ingenium,
1006 2501 1076 2557 tum
1092 2488 1164 2575 quod

100 2606 130 2652 11
150 2587 179 2650 ei
197 2586 348 2653 suffectus
367 2596 415 2652 cst
428 2584 636 2671 extemploP.
646 2584 787 2651 Manlius
801 2586 1089 2668 dictator—quem
1100 2583 1165 2669 quid

149 2681 306 2746 crearit
274 2678 425 2745 attinebat
450 2681 490 2744 ad
516 2680 550 2744 id
576 2688 745 2756 certamen,
773 2701 835 2762 quo
861 2678 908 2751 Μ.
930 2679 1048 2745 Furius
1077 2680 1165 2744 victus

149 2775 253 2840 esset?
273 2774 478 2857 -etquod
499 2774 634 2841 eundem
656 2774 704 2840 Μ.
725 2774 858 2840 Furium
884 2774 1102 2840 dictatorem
1093 2794 1166 2837 mse·

148 2888 257 2975 quens·
262 2888 363 2932 annus
376 2865 496 2945 habuit,
515 2868 639 2933 haud
615 2891 682 2934 sme
695 2869 814 2954 pudore
828 2877 911 2933 certe
923 2869 1061 2933 fractum
1072 2868 1165 2953 priore

98 2979 131 3028 ιι
150 2982 232 3025 anno
249 2961 281 3025 in
300 2982 334 3026 se
351 2961 517 3047 imperium
530 2964 734 3049 repetiturum
739 2988 749 3042 3
769 2963 960 3046 simulquod
973 2985 1012 3028 eo
1026 2972 1164 3048 tempore,

147 3076 210 3138 quo
232 3055 467 3143 promulgatum
489 3057 528 3123 de
550 3057 649 3123 multa
666 3057 734 3123 eius
752 3057 892 3133 traditur,
916 3066 970 3122 aut
987 3066 1020 3121 et
1036 3057 1110 3121 huic
1124 3076 1165 3120 ro

146 3149 279 3236 gationi,
299 3171 363 3236 qua
381 3173 415 3218 se
432 3152 466 3217 in
483 3153 625 3218 ordinem
642 3153 714 3238 cogi
731 3152 872 3229 videbat,
891 3151 1047 3218 obsistere
1065 3151 1164 3237 potuit,

147 3255 201 3309 aut
218 3268 257 3311 ne
275 3245 345 3311 illas
363 3246 505 3330 quidem,
532 3255 660 3333 propter
682 3267 760 3330 quas
783 3255 815 3311 et
835 3245 914 3310 haec
934 3245 1000 3311 lata
1023 3257 1102 3323 erat,
1125 3244 1165 3307 ir·

96 3355 128 3402 13
145 3339 266 3423 pedire,
294 3349 325 3405 et
346 3342 433 3425 quod
453 3363 555 3427 usquc
576 3342 617 3407 ad
638 3341 822 3405 memoriam
842 3349 983 3405 nostram
1000 3338 1162 3406 tribuniciis

146 3431 426 3517 consudaribusquc
449 3444 600 3501 certatum
622 3435 742 3500 viribus
765 3444 826 3513 est,
855 3435 1029 3499 dictaturae
1052 3453 1163 3518 semper

146 3524 239 3591 altius
257 3524 422 3612 fastigium
440 3528 508 3595 fuit.

114 3640 127 3687 1
209 3617 434 3687 XXXVIIII.
461 3621 549 3688 Inter
564 3625 700 3709 priorem
718 3624 904 3691 dictaturam
924 3623 1103 3692 abdicatam
1117 3641 1162 3684 no

144 3734 280 3796 samque
293 3712 443 3781 aManlio
456 3716 567 3785 initam
580 3716 620 3784 ab
633 3717 767 3784 tribunis
780 3717 868 3783 velut
888 3739 946 3803 per
962 3718 1161 3802 interregnum

144 3806 276 3876 concilio
292 3807 394 3894 plebis
412 3809 521 3878 habito
534 3813 687 3897 apparuit,
706 3834 787 3896 quae
800 3834 841 3877 ex
859 3813 1068 3900 promulgatis
1079 3807 1158 3896 plebi,

109 3920 125 3969 2
144 3922 225 3987 quae
242 3901 393 3969 latoribus
407 3905 543 3990 gratiora
560 3915 675 3973 essent.
697 3929 772 3971 nam
786 3906 826 3971 de
843 3905 972 3972 faenore
986 3917 1079 3990 atqua
1095 3920 1159 3988 agro

142 3997 322 4084 rogationes
343 3997 507 4078 iubebant,
535 4001 574 4066 de
595 4001 720 4086 plebeio
745 4000 874 4067 consule
892 4000 1102 4087 antiquabant
1133 3999 1158 4056 et
