2566 4524
342 282 460 337 LIBER
472 283 529 354 111,
547 283 589 338 48.
603 282 645 339 49.
666 287 703 353 [a.
714 281 817 354 otto]
1032 274 1094 340 169

91 466 143 510 cem
157 463 252 530 prope
271 439 440 507 Cloacinae
463 442 504 506 ad
521 441 677 519 tabernas,
696 441 810 526 quibus
833 465 917 508 nunc
939 445 1030 510 notis
1048 453 1097 510 est

92 561 192 614 nonen,
210 548 305 621 atque
322 535 367 601 ibi
385 536 424 601 ab
442 535 525 600 lanio
544 536 642 601 cultro
660 548 782 622 arrepto
801 537 875 603 ‘hoc
893 548 923 602 te
941 562 1014 617 uno,
1032 561 1096 624 quo

91 630 221 712 possum,'
248 631 293 695 ait
311 631 434 707 ‘modo,
462 630 540 707 tilia,
563 630 596 694 in
613 630 789 695 libertatem
807 632 958 698 vindico’:
984 645 1095 720 pectus

91 726 180 790 deinde
201 724 326 810 puellae
353 725 509 811 transfigit
534 738 777 809 respectansque
803 727 844 790 ad
869 727 1006 792 tribunal
1033 728 1096 806 ‘te‚'

87 819 168 904 inquit
186 818 299 904 ‘Appi,
318 828 468 902 tuumque
487 829 581 904 caput
599 820 751 905 sanguine
769 819 829 884 hoc
844 822 1011 887 consecro?
1034 821 1097 886 cla-
1115 842 1131 890 6

83 935 154 978 nore
170 913 211 977 ad
229 924 295 976 tam
313 923 403 976 atrox
419 913 542 978 facinus
561 924 629 976 orto
647 915 767 977 excitus
783 912 909 1000 Appius
928 917 1098 1000 conprendi

82 1005 254 1094 Verginium
272 1007 368 1072 iubet.
407 1007 459 1071 ille
477 1007 560 1071 ferro
578 1029 775 1090 quacumque
793 1008 858 1072 ibat
881 1009 964 1073 viam
982 1011 1095 1088 facere,

80 1101 165 1166 donec
182 1101 385 1165 multitudine
403 1102 496 1165 etiam
514 1103 769 1186 prosequentium
788 1112 894 1166 tuente
917 1105 957 1167 ad
974 1117 1096 1188 portam

77 1197 210 1283 perrexit.
239 1196 348 1260 Icilius
361 1195 617 1279 Numitoriusque
636 1219 797 1282 exsangue
812 1219 924 1282 corpus
939 1198 1096 1263 sublatum
1116 1216 1131 1264 7

77 1300 222 1354 ostentant
241 1290 373 1375 populo;
397 1289 500 1353 scelus
517 1290 618 1374 Appi,
637 1290 760 1374 puellae
777 1290 934 1355 infelicem
952 1292 1096 1371 formam,

77 1384 285 1449 necessitatem
303 1385 399 1468 patris
418 1384 589 1469 deplorant.
622 1397 787 1467 sequentes
806 1384 966 1450 clamitant
983 1398 1098 1452 matro-
1114 1392 1131 1441 8

77 1501 136 1556 nae,
153 1501 266 1544 eamne
283 1477 451 1543 liberorum
468 1479 730 1564 procreandorum
749 1478 971 1557 condicionem,
990 1502 1027 1544 ea
1038 1503 1098 1566 pu-

77 1573 189 1638 dicitiae
215 1573 357 1658 praemia
383 1595 467 1649 esse,
495 1584 610 1650 cetera,
639 1595 719 1656 quae
745 1573 778 1637 in
800 1573 855 1637 tali
877 1597 910 1638 re
936 1574 1097 1642 muliebris

77 1666 165 1744 lolor,
199 1689 263 1750 quo
291 1676 339 1730 est
361 1667 509 1732 maestior
530 1667 675 1731 inbecillo
698 1667 815 1746 animo,
843 1690 880 1733 eo
906 1669 1098 1734 miserabilia

77 1761 164 1847 uagis
190 1759 393 1844 querentibus
417 1760 539 1824 subicit.
576 1761 713 1825 virorum
737 1771 767 1825 et
789 1761 925 1825 maxime
943 1762 1013 1826 Icili
1034 1785 1132 1834 voxo

77 1864 126 1921 ota
153 1853 342 1919 tribuniciae
367 1854 531 1938 potestatis
558 1876 594 1918 ac
619 1855 848 1940 provocationis
875 1854 916 1918 ad
945 1855 1097 1941 populum

77 1961 192 2035 septae
208 1947 468 2032 publicarumque
486 1948 737 2034 indignationum
754 1959 830 2013 erat.

129 2039 392 2106 XXXXVIIII.
420 2039 604 2107 Concitatur
620 2043 786 2107 multitudo
803 2042 917 2128 partim
936 2043 1096 2110 atrocitate
1116 2065 1128 2113 1

77 2134 196 2202 tceleris
215 2134 331 2220 partim
355 2157 410 2219 spe
432 2158 488 2220 per
510 2136 706 2200 occasionem
723 2137 910 2221 repetendae
932 2137 1094 2204 libertatis.

77 2228 193 2316 lppius
210 2251 297 2293 nunc
314 2229 419 2293 vocari
432 2229 567 2306 Icilium,
585 2253 669 2293 nunc
686 2240 904 2294 retractantem
918 2232 1021 2316 arripi,
1039 2255 1097 2318 po·
1114 2251 1131 2298 2

79 2336 195 2399 tremo,
214 2344 288 2387 cum
301 2322 389 2387 locus
404 2324 539 2387 adcundi
554 2323 781 2408 apparitoribus
799 2347 862 2388 non
875 2325 1009 2401 daretur,
1028 2325 1096 2410 ipse

77 2442 136 2482 um
154 2417 283 2504 agmine
306 2418 506 2500 patriciorum
528 2418 677 2482 iuvenum
699 2440 756 2503 per
777 2417 901 2482 turbam
922 2419 1041 2482 vadens
1063 2420 1098 2482 in

77 2511 192 2577 incula
209 2513 283 2576 duci
296 2511 390 2576 iubet.
418 2512 481 2575 iam
495 2513 577 2577 circa
589 2511 714 2577 Icilium
727 2535 790 2576 non
803 2511 906 2575 solum
919 2512 1095 2589 multitud0,
1115 2532 1130 2578 3

77 2606 122 2670 ted
133 2605 234 2669 duces
248 2626 374 2687 quoque
387 2605 594 2670 multitudinis
613 2616 700 2670 erant
713 2607 754 2670 1..
764 2604 911 2670 Valerius
926 2616 956 2668 et
969 2604 1016 2668 M.
1027 2605 1097 2669 Ho-

77 2698 177 2777 ratius,
202 2698 257 2783 qui
274 2700 401 2783 repulso
419 2699 540 2778 lictore,
564 2702 591 2764 si
609 2701 678 2765 iure
694 2709 815 2786 ageret,
842 2699 1000 2763 vindicare
1024 2718 1057 2763 se
1076 2724 1095 2764 a

77 2793 187 2878 privato
201 2793 326 2859 Icilium
340 2793 473 2869 aiebant,
491 2795 518 2858 si
532 2794 596 2857 vim
610 2794 732 2858 adferre
748 2805 942 2870 conarentur,
960 2793 1005 2858 ibi
1017 2815 1096 2877 quo-

77 2889 232 2972 1nehaud
249 2888 375 2973 inpares
398 2888 475 2953 fore.
511 2888 584 2953 hinc
602 2901 692 2953 atrox
708 2889 777 2954 rixa
795 2890 901 2954 oritur.
932 2887 1130 2954 Valeriumt

77 2982 299 3068 Horatiumque
317 2985 407 3048 lictor
423 2984 592 3048 decemviri
610 2979 743 3049 invadit:
771 2985 959 3070 franguntur
976 3007 995 3047 a
1016 2983 1097 3047 mul-

77 3074 200 3142 titudine
220 3079 336 3143 fasces.
371 3080 405 3143 in
428 3081 603 3144 contionem
621 3079 746 3165 Appius
766 3080 919 3155 escendit,
949 3091 1097 3142 secuntur

78 3165 217 3240 Horatius
232 3174 456 3259 Valeriusque3
476 3199 530 3241 eos
549 3176 766 3251 commandit,
786 3174 963 3238 decemviro
977 3172 1097 3237 obstre-

77 3265 161 3349 pitur.
187 3268 251 3333 iam
267 3292 325 3353 pro
342 3270 474 3354 imperio
488 3269 634 3335 Valerius
653 3269 813 3334 discedere
832 3291 850 3331 a
868 3267 990 3352 privato
1007 3265 1096 3330 licto·
1114 3284 1130 3331 5

80 3378 122 3423 res
135 3360 271 3440 iubebat,
292 3384 363 3426 cum
381 3364 488 3428 fractis
508 3365 618 3428 animis
637 3363 773 3448 Appius,
792 3363 875 3426 vitae
892 3371 1045 3438 metuens,
1064 3360 1097 3424 in

83 3451 195 3519 domum
214 3479 249 3521 se
266 3458 474 3541 propinquam
492 3458 560 3522 foro
577 3459 686 3523 insciis
705 3456 901 3533 adversariis,
921 3455 1022 3540 capite
1041 3454 1097 3520 ob-

86 3546 175 3613 voluto
195 3551 315 3636 recipit.
354 3550 409 3638 Sp.
430 3549 555 3637 Oppius
579 3563 613 3615 ut
636 3552 751 3615 auxilio
774 3551 913 3636 collegae
937 3559 1032 3626 esset,
1062 3549 1129 3616 ino

89 3633 173 3706 forum
190 3667 229 3709 ex
247 3644 344 3709 altera
360 3658 449 3730 parte
463 3646 620 3730 inrumpit.
644 3646 729 3708 videt
742 3645 907 3729 imperium
921 3644 953 3708 vi
966 3644 1094 3708 victum.

90 3731 203 3815 tg‘tatus
222 3739 335 3804 deinde
354 3740 490 3805 consiliis
509 3753 602 3824 atque
621 3762 661 3804 ex
679 3739 763 3804 omni
781 3751 868 3824 parte
891 3738 1095 3803 adsentiendo

92 3827 176 3894 multis
193 3834 372 3899 auctoribus
394 3834 616 3918 trepidaverat:
645 3846 788 3898 senatum
809 3844 968 3919 postremo
990 3831 1096 3896 vocari

95 3911 171 3989 lusit,
205 3949 243 3992 ea
259 3951 324 4006 res,
347 3930 432 4012 quod
450 3951 584 4015 magnae
600 3930 683 4014 parti
700 3943 823 4015 patrum
842 3928 1006 4012 displicere
1024 3933 1095 3988 acta
1113 3945 1128 3992 7

97 4003 314 4088 decemvirorum
344 4023 544 4103 videbantur,
581 4046 637 4110 spe
670 4046 728 4110 per
763 4033 905 4088 senatum
940 4017 1095 4084 finiendae
