2566 4524
173 259 216 325 30
408 269 527 325 amsa
543 269 572 341 1,
591 270 634 325 ac.
648 270 691 324 aa
711 268 962 339 [nassa-114]

123 452 154 498 12
236 428 310 496 Non
321 429 392 495 tulit
408 427 545 515 populus
559 449 619 493 nec
630 428 729 514 patris
747 427 892 492 lacrimas
906 448 965 492 nec
976 426 1078 512 ipsius
1095 442 1183 513 paren
1221 440 1229 481 Ξ

168 526 303 592 inomni
320 524 459 611 periotdo
472 523 622 601 animum,
637 522 902 606 absolveruntque
920 521 1184 587 admirationem
1221 536 1229 575 ἓ

170 621 224 709 ¹gis
235 620 360 685 virtutis
379 642 475 703 quam
491 619 559 682 iure
573 639 698 682 causae.
725 617 842 701 itaque,
855 626 891 680 ut
905 617 1019 681 caedes
1037 616 1184 683 manitas
1221 630 1229 653 ³

173 715 280 798 aliquo
298 724 404 779 tamen
421 712 546 799 piaculo
563 712 710 789 lueretur,
729 711 917 797 imperatum
933 711 1029 797 patri,
1052 720 1089 777 ut
1101 710 1185 777 ¹lilituc
1223 722 1229 761 ἰ

124 827 155 874 13
174 809 313 893 expiaret
325 807 460 894 pecunia
472 806 607 892 publica.
633 806 662 871 is
676 805 866 889 quibusdam
878 804 1091 891 piacularibus
1108 804 1186 871 sani·
1224 814 1229 855 :

169 902 252 967 'ficiis
270 902 373 979 sactis,
388 923 468 985 quae
482 901 595 964 deinde
608 901 696 987 genti
704 898 857 964 Horatiae
875 899 989 964 tradita
1006 910 1090 979 sunt,
1104 909 1188 965 trans·

173 997 272 1062 misso
289 1019 346 1082 per
363 997 447 1060 mam
469 995 583 1083 tigillo,
600 994 709 1080 capite
731 995 881 1080 adoperto
902 993 990 1059 velut
1010 993 1189 1082 subiugum

173 1091 261 1155 misit
276 1092 432 1155 iuvenem.
459 1090 493 1154 id
510 1089 604 1154 hodie
622 1112 748 1174 quoque
765 1089 892 1174 publice
910 1110 1036 1175 semper
1051 1089 1189 1155 relectum

124 1207 157 1252 14
173 1196 294 1251 manet:
307 1186 468 1251 sororium
480 1185 616 1271 tigillum
628 1194 751 1249 vocant.
771 1183 928 1248 [Horatiae
941 1183 1189 1268 sepulcrum-'quo

173 1280 243 1346 loco
262 1289 419 1345 corruerat
436 1280 507 1356 iota,
527 1288 742 1344 constructum
759 1288 808 1342 est
818 1300 904 1344 saxo
921 1278 1086 1362 quadrato.

141 1397 154 1442 1
238 1373 389 1439 XXVII.
425 1373 492 1438 Nec
510 1373 565 1437 diu
582 1397 646 1459 pax
663 1372 791 1437 lblbana
804 1372 933 1437 mansit.
968 1372 1088 1437 invidia
1101 1371 1189 1459 *vulgi
1214 1384 1217 1389 '

174 1470 261 1554 quod
277 1468 377 1533 tribus
395 1467 547 1532 militibus
565 1467 692 1532 fortuna
709 1466 836 1553 publica
860 1466 1018 1532 conmissa
1028 1466 1135 1545 luerit,
1149 1488 1192 1531 va·

175 1584 252 1627 num
270 1563 432 1648 ingenium
449 1562 609 1626 dictatoris
632 1563 771 1647 oomupit
792 1570 838 1639 et,
852 1561 1010 1645 quoniam
1026 1571 1115 1627 recta
1129 1576 1192 1626 cou-

177 1657 247 1720 silia
263 1656 341 1721 haut
366 1656 446 1721 bene
465 1667 642 1734 evenerant,
663 1658 768 1742 pravis
786 1655 987 1722 reconciliare
1003 1656 1192 1742 popularium

141 1771 157 1817 a
175 1752 296 1816 culmos
306 1751 426 1836 eoepit.
447 1751 549 1836 igitur
566 1760 602 1814 ut
618 1752 706 1836 prius
725 1752 758 1814 in
775 1750 858 1815 bello
875 1773 997 1836 pacem,
1012 1750 1059 1815 sic
1075 1751 1111 1815 iu
1121 1754 1193 1837 pace

173 1845 291 1911 bellum
309 1858 478 1928 quaereus,
496 1846 571 1928 quia
588 1868 665 1909 suae
684 1845 802 1909 civitati
820 1845 996 1908 animorum
1012 1844 1087 1930 plus
1106 1860 1190 1930 quam

174 1940 289 2003 virium
311 1939 459 2003 cernebat
481 1962 564 2017 esse,
593 1941 633 2004 ad
654 1939 773 2005 bellum
795 1939 900 2024 palam
922 1948 1015 2022 atque
1039 1956 1080 2004 ex
1102 1939 1191 2005 edicto

175 2033 352 2119 gerundum
370 2032 449 2098 alios
468 2034 602 2098 concitat
613 2034 767 2120 populos,
788 2034 853 2097 suis
871 2054 928 2118 per
946 2032 1086 2117 speciem
1102 2032 1192 2099 so'oic·

143 2148 158 2194 3
176 2128 250 2192 tatis
272 2126 481 2213 proditionem
501 2137 650 2193 reservat
694 2129 877 2204 Fidenates,
905 2127 1027 2192 colonia
1045 2127 1191 2203 'Romana

174 2212 362 2287 Veientibus
381 2222 474 2286 sociis
488 2223 611 2287 consilii
628 2223 814 2308 adsumptis,
828 2231 921 2308 pacto
938 2222 1131 2288 transitionis
1143 2218 1191 2287 Al·

174 2315 328 2382 banorum
346 2317 387 2380 ad
404 2316 522 2381 bellum
540 2328 634 2402 atque
652 2341 740 2382 arma
756 2318 934 2381 incitantur.

140 2435 157 2479 4
240 2410 323 2476 Cum
341 2411 480 2477 Fidenae
502 2423 608 2497 aperte
627 2413 816 2489 descissent,
835 2411 963 2487 Tullus,
981 2410 1192 2477 Mettioexer·

174 2506 300 2590 cituque
315 2506 382 2571 eius
397 2507 436 2572 ab
446 2506 532 2572 Alba
549 2508 659 2584 accito,
675 2516 783 2572 contra
796 2506 903 2572 hostes
917 2505 1012 2569 ducit.
1039 2504 1192 2571 ubiAnic·

173 2603 395 2679 nem'transiit,
414 2602 455 2666 ad
474 2602 657 2668 confluentis
676 2603 809 2667 collocat
827 2611 938 2666 castra.
968 2601 1053 2665 inter
1070 2600 1192 2666 eumlc·

142 2719 156 2763 a
175 2716 248 2761 cum
262 2706 293 2760 et
305 2697 443 2761 Fidenas
452 2696 633 2761 Veientium
648 2698 802 2762 exercitus
814 2696 955 2761 Tiberim
968 2696 1145 2762 transierat.
1167 2690 1192 2759 bi

176 2799 207 2854 et
223 2790 257 2853 in
269 2790 337 2854 acie
354 2812 452 2875 prope
469 2790 587 2855 flumen
604 2802 731 2857 tenuere
750 2793 896 2856 dextrum
910 2804 1016 2868 coma,
1030 2790 1066 2855 in
1079 2791 1192 2857 slnis'trt

174 2883 345 2949 Fidenates
367 2884 504 2970 'propius
531 2895 654 2952 montes
681 2888 865 2952 consistunt.
910 2884 1024 2950 Tullus
1052 2886 1191 2950 adverettt

175 2975 342 3042 Veientem
364 2979 615 3067 hostamderigit
637 3004 725 3058 suos,
749 2979 894 3046 Albanos
917 2987 1026 3044 contra
1046 2978 1192 3067 legionem

173 3071 376 3138 Fidenatium
388 3073 539 3139 conlocat.
583 3075 711 3140 Albano
728 3098 792 3140 non
814 3076 885 3160 plus
904 3073 1001 3138 ammi
1022 3082 1191 3157 erat-'quan

174 3165 260 3232 fidei.
296 3190 355 3233 neo
376 3190 502 3233 manere
525 3190 600 3255 ergo
618 3170 825 3234 nec'transire
843 3178 949 3255 aperte
967 3189 1066 3233 ausus
1080 3164 1192 3233 sensim

141 3284 155 3331 6
172 3262 216 3328 ad
232 3272 355 3327 montes
374 3265 522 3328 succedit.
554 3265 636 3341 inde,
650 3264 707 3329 ubi
725 3265 800 3329 satis
813 3264 943 3329 ‘subisse
960 3264 1191 3335 sese'ratnscst

175 3355 268 3441 cfi'gtt
284 3365 382 3421 totam
400 3359 508 3435 aciem,
523 3358 741 3442 fluctuansque
760 3359 873 3437 animo,
887 3368 923 3422 ut
936 3365 1191 3443 tereret²tempub

176 3448 300 3514 ordines
320 3450 463 3535 explieat.
500 3452 665 3517 consilium
684 3463 763 3530 erat,
787 3470 850 3537 qu'a
862 3453 998 3517 'fortuna
1016 3468 1089 3515 'rem
1104 3450 1192 3523 'daret

142 3564 156 3609 7
175 3536 379 3608 eaindliuare
397 3545 489 3610 vires.
516 3547 666 3612 miraculo
683 3549 785 3634 primo
803 3546 1046 3623 esse'Romunis,
1061 3546 1194 3632 quipse

174 3638 264 3703 nunti
274 3648 438 3717 steterant,
452 3649 487 3704 ut
500 3642 611 3706 nudari
619 3642 717 3707 latera
731 3643 960 3708 sua-socierum
972 3641 1127 3728 digressu·
1133 3652 1195 3705 sen·

175 3743 297 3811 seruut3
311 3734 388 3799 inde
407 3752 503 3819 aquus
521 3738 615 3802 citato
631 3760 712 3822 equo
726 3739 848 3803 nuntiat
860 3738 938 3824 regi,
953 3736 1040 3802 abire
1047 3735 1194 3802 albara.
1227 3790 1229 3811 ÷

174 3826 288 3894 uoltus
297 3829 391 3894 finire
408 3826 529 3918 trepida
543 3834 708 3898 duodecim
722 3826 924 3900 vovlt'Salios
933 3834 1078 3917 ¹sanaque
1086 3824 1197 3897 Penni

140 3922 351 3992 swcsvcu.
383 3927 519 4010 euntem
538 3928 621 3993 clara
637 3929 803 4015 increpans
822 3951 909 4008 vose,
925 3937 964 3993 ut
981 3927 1198 3992 horrescam

175 4016 291 4099 dirent,
314 4020 414 4086 redire
436 4022 470 4086 iu
490 4022 643 4109 proelium
664 4025 766 4105 iubet3
793 4024 871 4090 nihil
895 4023 1103 4111 trepidatione
1125 4032 1198 4107 opus
