2566 4524
176 243 294 298 rnnna
310 243 481 314 V1‚29.30.
501 243 725 316 [acescere]
904 234 968 302 335

78 401 204 468 moenia
222 423 256 466 se
274 401 475 487 recepissent,
494 402 652 489 extemplo
669 411 811 471 ureretur
823 427 900 493 ager
913 406 968 472 de-

77 520 154 583 sque
178 496 323 563 omnibus
347 496 470 562 obsidio
492 497 564 562 cubi
585 497 761 564 inferretur.
802 501 859 566 sed
880 511 1002 587 post-5

77 592 176 678 reptis
195 591 235 656 ad
248 590 356 656 Aliam
375 591 485 656 castris
503 592 604 657 victor
615 592 780 659 Romanus
798 593 915 674 aderat,
933 595 967 661 id
1060 623 1064 628 ’

77 687 306 752 munimentum
323 685 465 750 relictum
470 711 480 765 ;
495 694 530 751 et
546 685 601 751 vix
618 687 742 753 moenia
760 697 828 754 tuta
839 690 900 754 rati
912 712 968 776 op-

77 781 250 847 Praeneste
267 779 441 845 includunt.
477 797 549 845 octo
566 790 729 867 praeterea
746 783 863 869 oppida
880 791 968 850 erant
986 805 1002 854 a

77 898 138 941 one
160 875 444 941 Praenestinorum.
481 876 522 939 ad
543 897 582 940 ea
599 876 816 943 circumlatum
838 878 966 958 bcllum,

77 994 143 1056 ‚que
166 970 251 1035 haud
273 992 389 1057 magno
411 969 581 1035 certamine
599 970 699 1056 captis
716 969 856 1037 Velitras
878 996 968 1039 excr-

77 1076 155 1131 ctus.
184 1087 239 1130 eae
257 1087 381 1149 quoque
399 1073 607 1151 expugnatae.
635 1075 702 1130 tum
721 1064 762 1130 ad
778 1077 874 1152 capnt
891 1066 966 1133 belli
985 1090 999 1136 r

77 1170 103 1226 ':e
120 1170 260 1226 ventum.
296 1161 329 1224 id
347 1182 411 1226 non
428 1160 474 1239 vi,
503 1161 560 1226 sed
576 1183 634 1249 per
651 1161 841 1229 deditionem
858 1185 967 1250 recep-

77 1305 79 1316 ,
126 1254 166 1319 T.
187 1253 369 1337 Quinctius,
397 1254 495 1319 semel
517 1255 584 1320 acic
607 1255 721 1336 victor,
748 1257 831 1324 binis
854 1259 964 1324 castris
984 1279 1001 1327 8
1109 1303 1116 1316 ·

77 1403 79 1417 ,
97 1373 213 1415 novem
232 1350 355 1435 oppidis
369 1350 402 1414 vi
415 1350 525 1435 captis,
543 1349 714 1417 Praeneste
727 1351 762 1417 in
776 1352 967 1418 deditionem

91 1445 228 1510 Romam
241 1444 367 1510 revertit
382 1444 641 1531 triumphansque
655 1445 783 1533 signum
793 1444 967 1512 Praeneste

77 1561 99 1604 n
120 1539 208 1605 Iovis
230 1539 434 1625 Imperatoris
455 1539 489 1603 in
512 1537 704 1625 Capitolium
726 1540 805 1607 tulit.
841 1540 968 1608 dedica-
986 1562 1023 1623 9ζ

84 1635 164 1700 inter
182 1634 293 1699 cellam
310 1633 396 1699 lovis
415 1655 453 1699 ac
469 1633 635 1701 Minervae
657 1634 827 1721 tabulaque
849 1635 909 1701 sub
928 1659 966 1702 eo

77 1739 276 1795 onumentum
293 1752 398 1795 rerum
415 1738 590 1815 gestarum,
617 1728 667 1794 his
685 1730 784 1796 ferme
800 1728 900 1795 incisa
916 1730 968 1794 lit-

77 1832 99 1888 t:
118 1825 274 1910 ‘Iuppitcr
292 1833 385 1908 atque
403 1824 469 1889 divi
486 1846 595 1889 omnes
613 1822 674 1890 hoc
691 1823 854 1903 dederunt,
872 1832 908 1888 ut
926 1823 965 1888 T.

77 1940 103 1984 is
121 1920 253 1985 dictator
270 1920 386 2005 oppida
402 1941 517 1986 novem
536 1918 680 2005 caperet?
720 1919 771 1986 die
792 1919 965 1984 vicensimo
985 1938 1018 1986 10

77 2024 170 2079 catus
189 2024 255 2079 erat
273 2016 426 2079 dictatura
445 2037 479 2081 se
497 2012 663 2079 abdicavit.

77 2108 119 2173 X.
156 2107 294 2174 Comitia
310 2109 384 2173 inde
401 2108 509 2173 habita
526 2107 723 2174 tribunorum
740 2108 874 2174 militum
892 2130 967 2173 con·
986 2129 999 2176 1

77 2213 214 2281 ctestate,
234 2202 349 2289 quibus
368 2212 521 2288 aequatus
539 2204 740 2288 patriciorum
757 2203 967 2289 plebeiorum·
1074 2237 1077 2251 ·

77 2322 172 2365 serus.
210 2322 249 2365 ex
266 2299 408 2386 patribus
427 2298 522 2364 creati
539 2298 577 2363 P.
597 2310 628 2365 ct
647 2297 685 2364 O.
698 2297 813 2364 Manlii
831 2319 904 2362 cum
921 2298 963 2362 L.
984 2317 1001 2364 2

77 2394 165 2460 lebes
189 2393 228 2460 O.
249 2392 431 2473 Sextilium,
457 2392 505 2458 M.
524 2391 704 2471 Albinium,
729 2392 772 2457 L.
790 2390 967 2456 Antistium

77 2489 198 2568 lanliis,
217 2491 302 2573 quod
319 2511 434 2576 genere
451 2488 604 2575 plebeios,
622 2487 725 2576 gratia
736 2486 855 2552 Iulium
869 2486 967 2552 antei·
985 2505 1000 2552 3

77 2584 154 2648 olsci
171 2585 332 2669 provincia
350 2585 417 2649 sine
436 2592 533 2663 sorte,
557 2583 624 2649 sine
643 2581 862 2669 conparatione
880 2589 968 2646 extra

95 2679 181 2756 data,
201 2679 290 2743 cuius
309 2689 339 2743 et
356 2679 443 2764 ipsos
461 2677 629 2765 postmodo
648 2686 679 2743 et
695 2686 815 2764 patres,
838 2675 895 2761 qui
913 2674 968 2740 de-

77 2773 235 2860 paenituit.
262 2773 457 2860 inexplorato
474 2771 658 2859 pabulatum
676 2772 819 2839 cohortes
838 2771 966 2849 misere3
985 2790 1002 2838 4

77 2867 155 2932 uelut
173 2867 407 2947 circumventis,
434 2889 508 2932 cum
524 2867 558 2932 id
575 2867 657 2934 falso
679 2867 857 2932 nuntiatum
875 2873 967 2944 esset,

77 2962 191 3028 aesidio
213 2972 248 3027 ut
270 2970 376 3028 essent
398 2963 483 3028 citati
505 2963 660 3042 feruntur,
687 2986 728 3029 ne
750 2971 877 3029 auctore
898 2962 969 3045 qui-

77 3067 203 3137 servato,
223 3057 278 3142 qui
296 3080 349 3123 eos
367 3056 468 3122 hostis
481 3058 617 3123 Latinus
636 3079 693 3144 pro
711 3057 809 3121 milite
822 3057 967 3122 Romano

77 3175 105 3218 rs
128 3162 208 3231 erat,
235 3152 297 3237 ipsi
317 3152 351 3216 in
371 3151 502 3218 insidias
528 3150 782 3238 praecipitavere.
820 3149 866 3214 ibi
891 3148 967 3212 dum
986 3165 1001 3212 5

77 3269 131 3314 oco
150 3248 219 3313 sola
235 3247 349 3312 virtute
366 3247 501 3312 militum
514 3255 667 3312 restantes
681 3244 816 3311 caedunt
832 3242 968 3308 caedun-

78 3351 182 3408 castra
198 3342 322 3407 interim
335 3341 479 3407 Romana
495 3342 630 3407 iacentia
645 3341 679 3406 in
691 3361 803 3426 campo
816 3337 857 3404 ab
871 3336 969 3403 ultera

77 3447 151 3504 >stes
168 3439 321 3504 invasere.
357 3437 397 3504 ab
416 3437 550 3504 ducibus
567 3436 735 3522 utrubique
756 3435 900 3524 proditae
922 3443 968 3500 te·
987 3453 1001 3500 6

77 3541 198 3617 =atque
219 3531 344 3598 inscitia
364 3554 425 3597 res.
466 3531 619 3617 quidquid
645 3530 800 3618 superfuit
825 3529 970 3596 samanae

77 3627 215 3706 tomani,
233 3626 266 3693 id
284 3626 418 3692 militum
435 3626 529 3691 etiam
547 3624 615 3692 sine
631 3634 752 3692 rectore
770 3623 890 3691 stabilis
908 3623 971 3688 vir·

77 3730 111 3787 ta
128 3731 186 3787 est.
222 3743 303 3806 quae
321 3721 376 3787 ubi
387 3719 524 3786 Romam
542 3729 616 3786 sunt
628 3719 736 3799 relata,
754 3717 971 3808 primumdio-
989 3735 1003 3782 a

96 3816 158 3881 dici
179 3816 338 3903 placebat3
364 3815 491 3895 deinde,
518 3824 688 3902 postquam
710 3813 835 3900 quietae
856 3834 908 3879 res
930 3831 971 3875 cx

87 3910 322 3991 adferebantur,
346 3921 378 3976 et
398 3911 555 3998 apparuit,
581 3911 702 3976 nescire
720 3931 776 3976 cos
792 3903 924 3974 victoria
938 3910 971 3968 ct

77 4033 80 4068 ι
95 4004 148 4084 uti,
168 4007 306 4072 revocati
319 4007 416 4072 etiam
427 4005 500 4071 inde
514 4004 667 4072 exercitus
681 4025 720 4070 ac
732 4003 840 4082 duces,
857 3997 971 4064 otium-
