2566 4524
294 271 414 330 mun
429 272 515 344 vm,
532 272 574 328 sa.
588 272 631 329 as.
651 270 829 344 [adessa]
1014 261 1077 330 431

65 448 154 500 amen
174 429 234 498 tibi
255 429 298 497 ed
318 428 489 498 voluntatis
506 430 793 519 interpretationem
810 453 900 497 meae
917 431 1081 520 dirigenda

65 537 104 594 tua
120 525 276 595 sententia
292 524 401 592 fuerit:
418 563 462 575 -
479 525 556 612 quin
573 534 608 591 tu
624 526 811 613 respondes,
833 526 1026 597 vetuerimne
1049 536 1080 594 te
1098 549 1115 598 6

64 622 218 709 ιιιίιιιιιιιιι
241 619 289 688 rei
314 642 366 687 me
391 619 522 688 absente
543 641 652 708 agere,
678 620 872 686 vetuerimne
894 620 986 709 signa
1007 643 1081 688 cum

64 715 192 784 restibus
215 713 378 782 consensi
401 736 466 801 quo
491 723 527 780 tu
551 714 683 801 imperio
708 736 780 781 meo
807 724 926 802 spreto,
954 715 1115 785 incertis?

64 810 212 899 auspiciis,
234 807 368 877 turbatis
384 808 590 897 religionibus
607 809 759 876 adversus
777 830 898 877 morem
914 810 1080 878 militarem

64 905 309 994 lisciplinamque
330 904 486 971 maiorum
507 912 540 970 et
555 926 674 970 numen
690 903 822 970 deorum
839 926 937 971 ausus
955 927 990 972 es
1008 928 1081 972 cum

64 1011 138 1069 roste
160 1000 338 1090 confligere.
373 1000 415 1066 ad
435 999 516 1067 haec
531 1021 614 1086 quae
630 1000 841 1088 interrogatus
860 1022 895 1068 es
912 1002 1080 1089 responde,
1098 1021 1129 1070 8.

63 1105 188 1163 tutta
204 1117 244 1162 ea
261 1117 337 1162 cave
354 1117 466 1162 vocem
482 1095 599 1174 mittas.
635 1095 764 1176 accede,
781 1095 892 1163 lictor?
926 1096 1079 1164 adversus
1098 1119 1116 1166 s

63 1190 176 1280 iugula
200 1187 376 1279 quae[que]
403 1213 476 1257 cum
501 1190 692 1278 respondere
717 1190 804 1256 haud
827 1191 922 1258 facile
943 1201 1028 1258 esset
1049 1202 1083 1258 et

63 1307 134 1352 tunc
150 1295 343 1370 quereretur,
365 1285 499 1351 eundem
517 1295 732 1353 accusatorem
750 1285 861 1374 capitis
879 1285 930 1352 sni
946 1308 985 1353 ac
1000 1286 1083 1352 iudi-

63 1399 119 1447 rem
140 1401 228 1459 esse,
255 1380 350 1446 modo
370 1380 470 1446 vitam
487 1379 548 1446 sibi
565 1381 644 1467 eripi
660 1380 752 1448 citius
769 1401 866 1466 quam
882 1380 1016 1469 gloriam
1032 1403 1082 1447 re-

63 1496 120 1541 um
134 1484 297 1563 gestarum
313 1495 408 1562 posse
425 1474 649 1542 vociferaretur
664 1485 875 1564 purgaretque
893 1498 929 1543 se
945 1475 1082 1542 invicem
1100 1495 1135 1546 10

62 1579 144 1655 atquo
162 1569 245 1636 ultro
262 1578 438 1648 accusaret,
456 1579 533 1636 tuno
549 1568 696 1657 Papirius
713 1570 926 1659 redintegrata
941 1570 990 1638 ira
1007 1593 1081 1658 spc-

62 1662 118 1730 iari
146 1663 335 1752 magistrum
365 1665 506 1750 equitum
532 1687 570 1731 ac
595 1664 701 1753 virgas
729 1674 760 1731 et
786 1686 912 1734 secures
939 1665 1081 1753 expediri

62 1757 149 1825 ussit
175 1757 297 1826 Fabius
309 1758 406 1826 fidem
418 1759 552 1824 militum
564 1760 722 1846 inplorans
736 1758 945 1826 lacerantibus
957 1769 1080 1825 vestem
1100 1780 1130 1826 11

62 1851 212 1920 ictoribus
232 1853 275 1919 ad
296 1853 419 1921 triarios
441 1854 610 1919 tumultum
633 1851 773 1942 [ultima]
795 1854 859 1920 iam
880 1854 914 1920 in
935 1854 1080 1920 contione

61 1947 218 2015 niscentes
240 1969 312 2014 sese
332 1948 459 2035 recepit.
496 1949 569 2016 inde
590 1949 709 2016 clamor
729 1949 764 2013 in
784 1958 883 2016 totam
905 1949 1134 2016 contionem1a

61 2052 101 2111 at
119 2042 274 2154 perlatus.
300 2041 376 2110 alibi
396 2065 520 2130 preces,
547 2043 624 2112 alibi
644 2044 749 2111 minae
770 2043 940 2112 audiebant
926 2053 986 2111 t.ur
1026 2043 1083 2129 qui

61 2137 185 2225 auximi
205 2137 288 2204 forte
309 2136 457 2205 tribunali
479 2147 641 2217 steterant,
663 2138 739 2224 quia
756 2137 890 2205 subiecti
906 2137 1084 2206 oculisim-

61 2232 203 2320 paratoria
220 2232 368 2300 noscitari
383 2241 542 2342 poterant,
559 2231 704 2311 orabant,
678 2241 758 2297 tut
770 2240 913 2320 parceret
929 2232 1081 2320 magistro

61 2326 191 2414 equitnm
208 2349 272 2399 neu
288 2349 362 2394 cum
379 2349 417 2394 eo
435 2326 607 2393 exercitum
624 2327 802 2393 damnaret.
820 2335 961 2393 extrema
977 2325 1082 2394 contio
1100 2347 1134 2395 ιι

60 2430 82 2489 ιι
102 2422 187 2489 circa
202 2421 340 2489 Fabium
360 2421 475 2510 globus
492 2419 697 2508 increpabant
713 2419 934 2489 inclementem
951 2420 1083 2488 dictato-

60 2536 118 2585 rem
142 2539 202 2584 nec
227 2515 338 2605 procul
364 2516 516 2584 seditione
542 2515 681 2583 aberant.
725 2537 766 2582 ne
791 2515 929 2583 tribunal
954 2515 1081 2602 quidem

60 2610 129 2678 ratis
149 2612 291 2698 quietum
313 2621 388 2678 erat
432 2610 529 2698 legati
550 2609 787 2677 circumstantes
809 2610 920 2678 sellam
941 2609 1081 2689 orabant,
1101 2628 1134 2676 ιι

60 2713 170 2773 utrem
186 2706 221 2772 in
237 2715 399 2793 posterum
416 2705 501 2772 diem
518 2704 658 2772 differret
675 2714 707 2772 et
722 2706 788 2773 irae
805 2728 882 2773 suae
896 2705 1032 2793 spatium
1050 2714 1082 2770 et

59 2801 182 2867 unsilia
194 2811 320 2887 tempus
332 2800 430 2867 daret.
450 2799 527 2868 satis
540 2801 726 2888 castigatam
736 2800 981 2868 adulescentiam
989 2797 1083 2866 Fabii
1101 2818 1133 2868 la

59 2915 134 2974 asse,
159 2895 237 2962 satis
254 2895 462 2961 deformatam
479 2895 656 2963 victoriam:
678 2917 719 2960 ne
736 2895 778 2961 ad
795 2904 971 2962 extremum
987 2893 1082 2960 finem

59 2989 198 3077 rupplicii
211 2989 352 3057 tenderet
363 3012 427 3056 neu
439 2989 533 3056 unico
545 2987 652 3055 iuveni
664 3009 726 3053 neu
733 2988 816 3074 patri
829 2988 896 3053 eins
908 2988 1083 3054 clarissimo

59 3083 119 3150 siro
139 3104 203 3149 neu
220 3082 340 3150 Fabiae
361 3083 448 3171 genti
469 3105 540 3152 eam
560 3082 738 3168 iniungeret
758 3080 974 3168 ignominiam.
1009 3101 1135 3151 cum1e

59 3198 164 3264 aarum
179 3177 341 3265 precibus,
359 3199 472 3264 parum
489 3199 585 3244 causa
597 3175 797 3264 proficerent,
814 3173 928 3240 intueri
941 3172 1084 3240 saevien-

58 3292 116 3339 em
132 3271 312 3338 contionem
328 3271 488 3339 iubebant.
514 3273 558 3339 ita
574 3271 707 3340 inritatis
725 3269 859 3335 militum
876 3266 989 3335 animis
1008 3266 1083 3334 sub-

58 3364 124 3435 lsre
148 3366 258 3454 ignem
279 3388 317 3434 ac
338 3368 501 3433 materiam
523 3367 668 3434 seditioni
689 3389 753 3433 non
774 3386 845 3433 esse
866 3363 992 3443 aetatis,
1018 3385 1083 3430 non

58 3461 237 3548 ¹nurdentiae
255 3461 333 3528 eius.
359 3461 517 3528 neminem
534 3462 568 3528 id
582 3461 623 3546 Q.
637 3461 738 3529 Fabio
749 3483 884 3549 poenam
901 3458 1083 3547 deprecanti
1101 3480 1133 3527 ιι

58 3578 141 3625 mam
173 3555 251 3622 vitio
281 3578 460 3636 versurum,
493 3557 550 3623 sed
574 3556 732 3636 dictatori,
768 3554 797 3623 si
826 3563 1010 3623 occaecatus
1034 3554 1083 3620 ira

58 3650 200 3719 ιιΐοιιιιιιι
225 3651 458 3718 multitudinem
482 3651 516 3718 in
541 3674 577 3719 se
601 3674 700 3739 pravo
725 3651 895 3718 certamine
920 3649 1081 3718 movisset

57 3758 227 3835 ιοιιιειιιο,
245 3768 286 3813 ue
303 3746 337 3813 id
354 3769 389 3813 se
406 3746 526 3835 gratiae
544 3746 618 3813 dare
637 3743 678 3830 Q.
696 3744 790 3813 Fabii
806 3745 960 3824 mederet,
979 3766 1014 3812 se
1030 3745 1081 3810 ius
1101 3763 1133 3813 ιι

57 3842 220 3909 usandum
246 3841 320 3908 dare
341 3852 467 3930 paratos
490 3863 575 3921 esse,
602 3864 665 3907 non
686 3841 786 3907 videri
807 3864 825 3908 e
845 3864 880 3909 re
901 3839 1029 3928 publica
1048 3837 1082 3902 in

57 3936 92 4023 2.
110 3936 250 4006 Fabium
269 3961 307 4005 eo
324 3947 463 4025 tempore
481 3937 696 4005 animadverti.

115 4033 293 4101 XXXHI.
332 4033 396 4101 His
422 4032 553 4101 vocibus
579 4055 652 4101 cum
677 4033 711 4098 in
738 4053 772 4099 se
793 4030 895 4117 magis
917 4028 1114 4095 incitarentr
