2566 4524
139 213 208 280 392·
392 223 512 280 LIBER
527 221 599 293 Vll,
616 222 659 279 39.
671 221 714 278 40.
735 225 772 293 [a
781 239 809 278 n.
820 238 844 278 c.
853 219 918 294 412]
937 290 946 294 -

108 407 123 456 ⁷
141 384 254 452 cohors
276 405 340 449 una
362 405 436 448 oum
452 380 538 447 haud
554 379 665 468 procul
681 377 815 447 Anxure
833 389 932 460 esset,
955 380 997 447 ad
1012 379 1149 450 Lautulae

142 479 224 546 saltu
246 486 381 567 angusto
403 477 485 543 inter
501 497 588 543 mare
605 497 643 541 ao
660 475 775 541 montis
794 475 938 541 consedit
954 476 997 543 ad
1013 476 1148 566 excipien-

141 575 200 641 dos
217 595 298 658 quos
315 571 427 638 consul
444 570 513 636 aliis
532 579 626 655 atque
644 569 728 647 aliis,
748 579 784 634 ut
797 578 870 636 ante
884 570 1075 653 dictumest,
1091 594 1149 638 rau·

107 692 123 741 a
141 669 186 736 sis
209 665 360 733 mittebat
404 666 468 730 iam
490 665 595 730 valida
617 663 788 729 admodum
809 686 942 730 numero
964 676 1147 743 manuscrit,

140 762 390 847 necquicquam
412 759 452 824 ad
473 758 548 824 iusti
571 758 726 824 exercitus
747 758 882 825 formam
907 769 1035 846 praeter
1058 760 1151 827 ducem

122 854 126 860 ’
141 857 258 922 deerat
296 852 484 940 inconpositi
500 852 606 938 itaque
623 853 811 940 praedantes
827 853 861 919 in
878 876 995 941 agrum
1011 851 1151 920 Albanum

74 994 77 998 ι
140 948 328 1038 perveniunt
346 957 378 1013 et
395 946 455 1014 snb
472 947 548 1035 iugo
562 946 666 1014 Albae
683 947 797 1035 longae
815 957 920 1014 castra
932 948 1148 1036 valloeingunt

1 1115 4 1120 ,
108 1043 281 1134 sperfeoto
299 1043 372 1108 inde
390 1064 484 1133 opere
501 1042 655 1128 reliquum
673 1043 737 1108 diei
754 1043 793 1108 de
810 1043 1001 1130 imperatore
1020 1043 1153 1109 sumendo

142 1138 305 1207 sententiis
328 1137 500 1216 decertant,
527 1136 606 1202 nulli
627 1159 667 1202 ex
688 1136 906 1224 praesentibus
929 1137 1008 1203 satis
1026 1135 1157 1203 fidentes:

92 1257 125 1306 10
142 1257 237 1321 quem
263 1242 369 1300 autem
395 1231 435 1298 ab
457 1232 562 1298 Roma
582 1254 678 1320 posse
700 1232 816 1298 exciri?
845 1254 942 1318 quem
967 1241 1090 1320 patrum
1112 1238 1153 1297 aut

140 1330 243 1420 plebis
265 1351 350 1406 esse,
378 1328 432 1412 qui
454 1337 508 1392 aut
531 1350 565 1392 se
587 1336 673 1393 tanto
694 1328 834 1416 periculo
856 1328 959 1393 sciens
981 1327 1092 1394 offerat
1112 1334 1154 1391 aut

143 1425 194 1490 oui
216 1446 256 1488 ex
276 1422 390 1487 iniuria
406 1421 589 1487 insanientis
608 1422 763 1488 exercitus
782 1443 879 1487 causa
894 1431 980 1487 recte
998 1420 1153 1488 committa·

92 1543 123 1591 11
143 1519 212 1584 tur?
238 1529 364 1604 postero
382 1517 433 1583 die
451 1539 523 1582 oum
541 1517 651 1583 eadem
669 1517 851 1584 deliberatio
869 1525 1003 1597 teneret,
1028 1539 1068 1584 ex
1082 1536 1155 1604 prae-

143 1612 304 1679 datoribus
326 1611 417 1698 vagis
439 1612 568 1696 quidam
586 1621 768 1698 conpertum
787 1611 971 1691 attulerunt,
995 1611 1036 1678 Τ.
1055 1611 1158 1696 Quino-

143 1709 220 1773 tium
242 1707 277 1772 in
294 1706 476 1771 Tusculano
498 1729 609 1793 agrum
632 1706 748 1786 colere,
777 1706 863 1772 urbis
886 1706 1103 1793 honorumque
1119 1705 1155 1770 in-
1181 1720 1185 1727 '

93 1825 126 1874 12
143 1825 324 1868 memorem.
360 1801 508 1889 patriciae
526 1801 578 1866 hio
595 1801 644 1866 vir
660 1801 763 1889 gentis
782 1811 861 1882 erat3
886 1803 937 1867 eui
955 1823 1030 1867 cum
1046 1799 1156 1866 militiae

142 1921 259 1985 magna
277 1918 350 1962 eum
362 1896 462 1984 gloria
475 1905 563 1963 actae
575 1897 671 1962 finem
685 1919 743 1982 pes
755 1897 834 1962 alter
847 1919 887 1961 ex
896 1896 1029 1962 vulnere
1044 1894 1158 1962 claudus

142 1992 284 2067 fecisset,
302 1990 368 2055 ruri
384 2012 479 2077 agere
497 1991 593 2056 vitam
611 1991 720 2076 procul
738 1990 907 2056 ambitione
925 2012 964 2057 ac
976 1991 1048 2058 foro
1061 1987 1158 2056 consti-

92 2108 125 2156 13
144 2085 212 2150 tuit.
257 2083 381 2149 nomine
404 2084 511 2150 audito
533 2084 690 2170 extemplo
712 2107 870 2172 agnovere
891 2085 996 2150 virum
1018 2093 1064 2165 et,
1089 2081 1160 2171 quod

143 2179 225 2247 bene
244 2186 391 2258 verteret,
410 2180 504 2245 acciri
520 2181 688 2247 iusserunt.
730 2182 786 2246 sed
803 2203 914 2266 pamm
934 2180 1004 2268 spei
1023 2189 1100 2258 erat,
1115 2199 1159 2243 vo

144 2274 264 2340 luntate
282 2274 450 2359 quicquam
467 2274 639 2341 facturum:
662 2275 728 2340 vim
746 2275 887 2342 adhiberi
905 2297 943 2341 ao
964 2284 1086 2341 metum
1105 2272 1158 2361 pln-

94 2394 126 2441 14
144 2371 217 2436 cuit.
261 2370 368 2455 itaque
391 2370 514 2434 silentio
536 2370 638 2434 noetis
661 2393 733 2436 oum
755 2380 873 2436 tectum
895 2369 989 2436 villae
1013 2371 1068 2456 qui
1085 2365 1161 2434 adid
1196 2406 1198 2417 ·

144 2465 234 2531 missi
251 2475 339 2531 erant
356 2465 539 2543 intrassent,
560 2487 670 2530 somno
683 2489 813 2552 gravem
828 2463 1015 2547 Quinctium
1034 2463 1162 2551 (oppres-

145 2561 244 2649 sum),
271 2561 349 2625 nihil
370 2561 522 2639 medium,
551 2568 604 2624 aut
625 2560 791 2647 imperium
813 2568 906 2643 atque
932 2559 1086 2627 honorem
1110 2566 1162 2632 aut,

143 2657 199 2722 ubi
224 2657 393 2734 restitaret,
420 2665 553 2721 mortem
580 2653 627 2739 (ni
654 2656 848 2739 sequeretur)
875 2654 1110 2730 denuntiantes,
1136 2651 1164 2716 in

94 2773 126 2820 15
145 2760 247 2817 castra
264 2758 489 2835 pertraxerunt.
515 2750 684 2834 imperator
702 2748 859 2835 extemplo
878 2749 1052 2815 adveniens
1071 2744 1163 2834 appel·

143 2846 241 2921 latus,
267 2843 466 2930 insigniaque
487 2844 615 2908 honoris
638 2843 784 2909 exterrito
808 2842 930 2910 subitae
952 2844 1000 2909 rei
1026 2839 1164 2908 miraculo

93 2939 290 3007 1odefer1mt
316 2947 347 3003 et
372 2939 412 3003 ad
439 2938 549 3004 urbem
576 2938 689 3003 duoere
715 2937 833 3003 iubent.
878 2960 937 3003 suo
969 2939 1074 3026 magis
1103 2935 1165 3001 inde

144 3033 264 3120 impetu
276 3054 372 3116 quam
386 3033 515 3099 oonsilio
528 3033 617 3098 ducis
633 3032 791 3097 convulsis
807 3032 906 3119 signis
919 3033 1038 3098 infesto
1053 3031 1164 3119 agmine

123 3128 186 3220 ’ad
202 3128 339 3215 lapidem
360 3127 507 3194 octavum
529 3128 614 3205 viae,
641 3149 721 3210 quae
743 3149 827 3193 nuno
844 3126 955 3215 Appia
977 3138 1042 3207 est,
1068 3145 1167 3215 perve-

94 3245 125 3292 17
145 3223 248 3303 niunt3
279 3224 441 3308 issentque
468 3222 635 3289 confestim
660 3221 702 3287 ad
726 3221 852 3300 urbem,
879 3223 913 3285 ni
934 3222 1045 3287 venire
1073 3228 1165 3286 contra

145 3318 316 3383 exercitum
330 3318 576 3400 dictatoremque
590 3316 740 3382 adversus
758 3337 792 3381 se
800 3313 849 3379 M.
859 3313 1027 3379 Valerium
1037 3313 1165 3381 corvum

145 3411 264 3476 diotum
294 3413 457 3477 audissent
487 3421 519 3477 et
548 3410 734 3497 magistrum
765 3408 906 3493 equitum
930 3408 974 3474 L.
1002 3408 1164 3475 Aemilium

144 3504 352 3570 Mamercum.

112 3620 126 3666 1
209 3598 367 3667 XXXX.
411 3599 479 3666 Ubi
503 3600 640 3686 primum
666 3599 700 3663 in
727 3606 931 3685 conspectum
960 3606 1093 3664 ventum
1116 3600 1164 3669 est,

145 3716 232 3759 arma
266 3694 419 3782 signaque
449 3716 621 3782 agnovere,
658 3692 828 3782 extemplo·
846 3691 996 3759 omnibus
1027 3687 1164 3758 memoria

110 3811 125 3858 2
143 3789 262 3877 patriae
279 3790 341 3856 iras
364 3789 537 3876 permulsit.
581 3789 721 3854 nondum
740 3795 828 3854 erant
845 3795 910 3852 tam
928 3787 1029 3853 fortes
1048 3787 1089 3853 ad
1105 3805 1163 3850 san·

144 3885 272 3972 guinem
294 3884 417 3950 civilem
439 3903 498 3947 nec
519 3891 642 3969 praeter
665 3891 793 3948 externa
814 3890 970 3947 noverant
996 3881 1082 3948 bella
1104 3875 1163 3942 ulti·

127 3973 257 4063 maque
282 3977 386 4044 rabies
414 3977 551 4043 secessio
579 3975 618 4043 ab
646 3977 712 4044 suis
743 3975 928 4043 habebatur.
975 3976 1083 4061 itaque
1110 3972 1165 4037 iam
