2566 4524
143 240 209 306 442
398 249 517 306 ursus
534 248 635 320 vnn,
653 248 678 304 1.
691 249 718 304 ι.
739 246 924 321 [suasae]
1047 219 1052 229 “

144 412 207 478 iras
226 433 300 478 suas
314 418 436 476 vertant
448 409 482 474 in
495 429 563 487 eos,
582 407 697 494 quibus
712 429 775 474 non
789 428 867 474 suae
878 406 1023 476 redditae
1035 428 1099 490 res,
1116 432 1173 478 uon

143 505 265 572 alienae
279 503 498 571 adcumulatae
512 502 589 568 satis
604 502 677 582 sint,
692 524 826 588 quorum
840 502 1009 570 saevitiam
1020 526 1085 571 non
1096 527 1170 572 mors

145 599 326 678 noxiorum,
343 621 407 664 non
425 596 542 664 deditio
555 596 805 664 exanimatorum
818 618 1003 684 corporum,
1021 621 1087 666 non
1097 596 1170 666 bona

146 694 311 781 sequentia
331 692 450 758 domini
471 691 663 758 deditionem
686 692 855 772 exsatient,
881 692 1006 779 placari
1026 703 1167 781 nequeant

145 788 207 854 nisi
236 786 446 854 hauriendum
477 786 664 874 sanguinem
689 784 898 872 laniandaque
924 786 1052 855 viscera
1075 798 1167 856 nostra

96 886 128 956 ιο
145 881 393 972 praebuerimus.
427 882 548 949 iustum
570 892 619 948 est
639 879 772 961 bellum,
792 879 969 963 Samnites,
993 882 1105 969 quibus
1118 904 1166 949 ne-

146 978 334 1058 cessarium,
356 988 388 1044 et
408 977 462 1066 pia
484 1000 585 1056 arma,
608 976 724 1063 quibus
742 976 829 1043 nulla
845 977 907 1044 nisi
922 978 959 1044 iu
974 978 1072 1047 armis
1085 977 1162 1046 reliu-

96 1098 126 1145 11
146 1074 252 1157 quitur
274 1095 358 1160 spes.
402 1072 534 1159 proinde
555 1093 627 1138 cum
648 1094 753 1137 rerum
775 1071 987 1138 humanarum
1009 1073 1164 1140 maximum

145 1177 341 1235 momentum
359 1167 413 1246 sit,
432 1189 528 1252 quam
548 1166 692 1253 propitiis
708 1189 790 1245 rem,
809 1187 905 1251 quam
923 1167 1068 1234 adversis
1084 1175 1211 1277 agaut
1208 1190 1211 1197 ·

146 1262 221 1342 diis,
247 1284 306 1349 pro
327 1269 413 1328 certo
433 1259 563 1339 habete,
584 1261 690 1348 priora
711 1259 795 1326 bella
811 1260 964 1329 adversus
983 1262 1061 1329 deos
1075 1261 1211 1373 magu

146 1379 243 1442 quam
255 1355 398 1422 homines
411 1354 567 1443 gessisse,
585 1354 645 1421 hoc
659 1355 766 1441 quod
756 1365 854 1422 mstat
870 1354 1035 1423 ducibus
1024 1357 1100 1444 rpsis
1115 1354 1211 1421 diis'
1207 1380 1211 1427 ι,

147 1449 319 1538 gesturos!

113 1571 127 1619 1
210 1546 256 1611 IL
282 1543 546 1611 Haecuoulaeta
559 1543 661 1632 magis
674 1566 771 1629 quam
784 1567 859 1611 vera
870 1545 1074 1626 vatrcmatus,
1091 1567 1165 1612 exer·
1202 1598 1205 1605 .

146 1641 189 1706 cit
190 1663 211 1705 u
177 1640 318 1705 tteduc
305 1648 338 1705 to
353 1638 435 1705 circa
450 1638 609 1705 Caudium
623 1649 725 1706 castra
738 1663 834 1726 quam
846 1650 952 1727 potest
969 1641 1164 1708 occultissime

111 1757 128 1806 a
145 1734 236 1801 locat.
264 1734 338 1800 inde
350 1733 392 1799 ad
403 1731 567 1812 Calatiam,
587 1732 642 1799 ubi
653 1733 718 1799 iam
732 1734 1051 1803 consulesRomanos
1064 1744 1164 1803 castra·

146 1850 208 1915 que
232 1850 302 1895 esse
325 1827 486 1906 audiebat,
508 1828 623 1894 milites
641 1827 752 1893 decem
768 1837 932 1914 pastorum
954 1829 1067 1896 habitu
1086 1827 1166 1895 mittit

145 1945 323 2011 pecoraque
345 1924 486 1989 diversos
509 1923 606 1988 alium
628 1922 703 1989 alibi
724 1922 810 1990 haud
826 1924 938 2010 procul
954 1924 1108 1992 Romanis
1122 1946 1166 2011 ps·

111 2041 128 2089 a
148 2040 235 2085 scere
257 2017 345 2083 iubet
364 2017 544 2104 praesidiis:
571 2016 627 2083 ubi
652 2018 818 2084 inciderint
842 2019 876 2083 in
902 2019 1118 2106 praedatores,
1140 2024 1166 2083 ut

146 2112 231 2178 idem
249 2110 395 2178 omnibus
413 2133 516 2178 sermo
529 2122 666 2192 constet,
684 2113 825 2201 legiones
840 2111 1033 2181 Samnitium
1045 2115 1078 2180 in
1089 2113 1168 2201 Apu·

146 2206 222 2272 liam
244 2227 330 2286 esse,
355 2206 526 2273 Luceriam
553 2206 699 2273 omnibus
725 2208 824 2295 copiis
851 2208 1095 2289 circumsedere,
1120 2227 1167 2274 nee

111 2326 129 2373 ι
147 2302 256 2388 procul
278 2300 406 2380 abesse,
433 2302 510 2387 quin
531 2302 564 2368 vi
587 2303 721 2388 capiant.
756 2303 821 2368 iam
843 2302 903 2369 iste
923 2326 1035 2370 rumor
1051 2313 1122 2370 ante
1135 2300 1165 2367 de

146 2398 300 2464 industria
317 2397 464 2486 volgatus
483 2407 611 2463 venerat
629 2397 670 2463 ad
683 2397 860 2478 Romanos,
880 2398 938 2464 sed
951 2397 1049 2464 fidem
1066 2416 1168 2465 auxere

24 2552 29 2557 .
147 2493 262 2578 captivi
284 2515 322 2558 eo
344 2493 495 2571 maxime,
518 2492 605 2577 quod
627 2515 730 2559 sermo
748 2493 956 2560 interamnae
975 2491 1166 2582 congruebat

110 2587 223 2653 ehaut
242 2599 307 2654 erat
325 2588 470 2666 dubium,
493 2588 571 2674 quin
587 2586 755 2653 Lucerinis
774 2610 868 2674 opem
887 2587 1054 2655 Romanus
1076 2588 1168 2665 serra

145 2681 237 2748 bonis
256 2704 293 2748 ac
310 2682 456 2748 fidelibus
475 2683 583 2761 sociis,
603 2682 697 2748 simul
714 2704 755 2747 ne
772 2681 893 2768 Apulia
911 2683 1017 2750 omnis
1034 2683 1076 2749 ad
1091 2703 1169 2770 prae·

146 2788 268 2842 sentem
285 2788 435 2842 terrorem
453 2777 608 2842 deficeret.
645 2799 683 2842 ea
699 2778 808 2856 modo,
827 2799 892 2862 qua
908 2777 1005 2857 irent,
1025 2777 1169 2844 consulta·

110 2886 127 2932 e
146 2870 189 2936 tio
208 2871 276 2934 fuit.
313 2871 393 2936 duae
411 2871 452 2935 ad
470 2870 641 2936 Luceriam
658 2869 802 2937 ferebant
823 2872 908 2950 viae,
936 2872 1037 2938 altera
1058 2881 1170 2960 praeter

146 2987 233 3029 oram
261 2965 366 3052 superi
392 2966 487 3031 maris
509 2977 620 3052 patens
643 2976 826 3052 apertaque,
854 2967 912 3033 sed
932 2979 1054 3052 quanto
1076 2967 1167 3044 tutior,

145 3068 233 3125 tauto
255 3059 322 3125 fere
343 3060 476 3148 longior,
504 3061 601 3127 altera
622 3083 679 3146 per
700 3061 839 3127 furculas
858 3060 1024 3129 Caudinas
1046 3061 1166 3129 brevior.

112 3177 127 3224 ι
146 3155 203 3221 sed
223 3156 268 3221 ita
289 3166 382 3222 natus
399 3157 488 3223 locus
507 3167 569 3222 est:
592 3155 690 3222 saltus
709 3157 772 3223 duo
790 3156 846 3222 alti
863 3158 992 3244 angusti
1010 3157 1168 3243 silvosique

145 3259 231 3330 sunt,
251 3250 410 3318 montibus
429 3252 512 3317 circa
528 3262 638 3337 perpet
626 3251 753 3316 tuisint
706 3260 788 3318 mter
805 3272 839 3318 se
856 3251 964 3318 iuncti
1001 3253 1085 3320 iacet
1100 3253 1168 3319 inter

145 3366 199 3410 eos
219 3347 294 3411 satis
312 3357 424 3433 patens
444 3347 598 3413 clausus
589 3369 623 3411 ιιι
639 3346 744 3412 medio
763 3369 893 3434 campus
910 3346 1065 3415 herbidus
1083 3368 1168 3433 aquo·

109 3458 126 3506 8
145 3461 277 3522 susque,
295 3463 352 3526 per
369 3463 464 3527 quem
481 3441 646 3507 medium
636 3451 697 3506 rter
714 3452 771 3507 est.
808 3441 865 3507 sed
882 3451 1054 3528 antequam
1072 3440 1211 3509 venia:

145 3533 186 3597 ad
209 3537 485 3642 eum3m1ntrandae
507 3536 625 3623 primae
648 3536 812 3622 angustiae
835 3545 909 3602 sunt
931 3547 963 3602 et
984 3547 1043 3604 aut
1060 3518 1211 3619 eadem

144 3636 260 3710 quate
282 3627 504 3717 insinuaveris,
526 3640 609 3696 retro
626 3630 679 3696 via
695 3631 866 3717 repetenda
883 3641 953 3710 aut,
978 3633 1008 3698 si
1025 3634 1072 3699 ire
1087 3634 1211 3720 porro*

144 3743 274 3808 pergas,
301 3744 359 3810 per
380 3724 477 3790 alium
499 3724 614 3790 salttum
636 3725 782 3791 artiorem
804 3725 1088 3813 inpeditioremque
1105 3740 1211 3791 eva·

109 3828 125 3877 e
144 3817 338 3883 dendumst
328 3842 362 3883 sn
379 3841 452 3884 eum
470 3841 617 3907 campum
633 3821 686 3885 via
703 3820 765 3886 alia
781 3842 839 3906 per
856 3842 968 3887 cavam
985 3844 1097 3910 rupem
1112 3819 1166 3887 Rc

144 3913 230 3978 mani
252 3914 390 3982 demisso
412 3915 551 4003 agmine,
580 3938 653 3981 cum
675 3915 717 3981 ad
739 3915 817 3981 alias
844 3917 1010 4004 angustias
1037 3916 1167 4005 protinus

141 4020 320 4095 pergerent,
340 4020 464 4098 saeptas
479 4010 601 4078 deiectu
615 4010 762 4076 arborum
777 4032 989 4098 saxorumque
1003 4010 1165 4101 ingentium
