2566 4524
82 236 84 240 ’
144 261 210 329 386
401 271 519 328 umen
535 266 605 342 vu,
624 270 724 327 msc.
742 269 926 342 [auam]

147 444 216 499 tum
234 454 339 499 serva:
362 453 465 516 neque
483 431 567 497 enim
584 428 705 496 moveri
720 428 822 497 hostis
841 428 1003 499 subiectus
1023 429 1109 499 nobis
1124 432 1156 498 sd

113 548 258 601 somnes
283 525 366 592 ictus
393 524 461 592 sine
488 547 547 591 sua
571 523 709 611 pernicie
734 523 858 612 poterit.
903 546 964 593 uos
990 524 1101 594 deiude
1116 536 1156 593 sut

112 648 127 695 t
146 621 273 689 fortuna
288 619 398 708 populi
414 617 552 686 Romani
569 628 624 684 aut
644 627 752 685 nostra
773 618 874 687 virtus
896 619 1063 708 expedin’
1102 642 1158 689 con·
1199 616 1203 691 i

146 716 293 783 laudatus
316 713 357 780 ab
380 713 510 780 consule
531 721 661 799 accepto
682 712 840 800 praesidio
857 713 947 781 vadit
964 714 1160 804 occultusper
1201 710 1203 719 ’

148 811 278 888 saltum3
304 829 364 875 nec
384 809 472 895 prius
495 807 536 875 ab
557 808 650 875 hoste
671 818 721 875 est
741 807 831 876 visus
852 830 952 894 quam
972 808 1059 891 loco,
1083 832 1160 897 quen
1193 870 1203 897 Ι.

112 928 129 979 s
146 904 283 993 petebat,
297 901 568 991 adpropinquavit.
586 902 660 968 inde
669 901 876 971 admiratione
883 903 1075 992 paventibus
1082 925 1161 975 cmc
1200 948 1203 955 ·

146 1001 187 1066 tis
205 1021 279 1066 cum
296 999 437 1066 omnium
453 997 488 1063 in
505 1019 540 1064 se
558 997 704 1083 vertisset
721 997 844 1077 oculos,
862 1008 895 1065 et
907 998 1050 1087 spatium
1061 997 1162 1068 consuli
1200 992 1203 1059 s

147 1094 234 1160 dedit
250 1093 293 1159 ad
310 1091 549 1159 subducendum
567 1113 681 1179 agmen
697 1091 733 1158 iu
749 1092 931 1178 aequiorem
947 1092 1057 1161 locum
1068 1093 1164 1182 etipse
1199 1090 1203 1155 ἔ

113 1212 129 1261 s
146 1190 181 1257 in
198 1210 323 1256 summo
336 1187 474 1254 constitit
486 1187 613 1254 vertice.
642 1185 816 1268 Samnites,
835 1188 912 1255 dum
924 1188 991 1257 huo
1001 1189 1080 1258 illuc
1089 1188 1164 1279 ugus
1198 1184 1203 1205 '

146 1292 287 1362 vertunt,
306 1283 469 1368 utriusque
482 1283 528 1348 rei
541 1282 659 1349 amissa
672 1282 838 1351 occasione
850 1304 956 1369 neque
968 1284 1096 1371 insequi
1105 1306 1165 1352 cou-

149 1378 250 1446 sulcm
267 1378 329 1444 nisi
346 1399 403 1464 per
420 1377 553 1443 eandem
570 1376 699 1456 vollem,
721 1377 756 1444 in
773 1398 836 1463 qua
851 1377 948 1465 paulo
966 1389 1043 1447 ante
1061 1377 1165 1447 subice·

147 1484 216 1539 tum
233 1495 306 1539 eum
324 1472 394 1538 telis
413 1472 479 1538 suis
492 1471 680 1551 habuerant,
698 1482 834 1559 possunt
848 1494 909 1540 nec
926 1473 1052 1562 erigere
1068 1494 1164 1563 agmen

97 1591 131 1641 10
146 1569 182 1633 in
198 1575 326 1654 captum
345 1587 440 1653 super
457 1588 492 1632 se
510 1564 551 1633 ab
568 1565 671 1633 Decio
693 1565 859 1634 tumulum.
904 1567 964 1635 sed
984 1590 1062 1635 cum
1081 1567 1164 1636 iraiu

147 1662 207 1728 hos
229 1661 346 1749 magis,
373 1661 429 1746 qui
454 1661 613 1728 fortunam
637 1660 795 1749 gerendae
819 1661 866 1728 rei
892 1661 1088 1750 eripuerant,
1111 1671 1165 1729 tm

98 1780 128 1829 ιι
147 1756 364 1844 propinquitas
386 1755 448 1823 loci
465 1766 560 1842 atque
576 1755 648 1843 ipsa
663 1756 806 1842 paucitas
823 1755 949 1837 incitst3
970 1766 1006 1825 st
1021 1778 1104 1825 nunc
1118 1756 1164 1823 cir·

149 1851 297 1918 cumdars
328 1850 468 1935 undique
495 1849 607 1916 collem
633 1848 761 1917 armatis
787 1849 912 1930 volunt,
944 1860 981 1918 ut
1006 1874 1030 1920 a
1054 1846 1165 1919 consult

148 1945 286 2014 Decium
302 1945 524 2024 intercludant,
542 1965 628 2011 nunc
644 1943 730 2011 viam
745 1944 940 2033 patefacere,
959 1954 995 2012 ut
1012 1946 1163 2037 degressos

147 2041 182 2106 in
199 2040 314 2106 vallem
332 2039 522 2106 adoriantur.
549 2040 698 2119 incertos,
717 2039 795 2126 quid
807 2050 951 2130 agerent,
968 2063 1038 2109 nox
1054 2060 1164 2130 oppres·

98 2157 131 2208 rs
149 2135 199 2202 sit.
243 2134 381 2201 Decium
406 2135 544 2221 primum
570 2156 643 2222 spes
669 2134 785 2215 tenuit,
812 2156 885 2203 cum
910 2132 1165 2205 subeuntibusir

149 2231 319 2298 adversum
336 2228 448 2297 collem
462 2252 502 2296 ex
515 2229 675 2316 superiore
687 2229 759 2297 loco
772 2251 808 2297 se
819 2240 1053 2319 pugnaturum
1069 2226 1165 2299 usuc

149 2325 314 2393 admiratio
331 2323 474 2403 incessit,
493 2325 579 2410 quod
595 2346 655 2391 nec
670 2346 813 2413 pugnam
825 2324 941 2391 inirent
952 2347 1030 2407 nec,
1049 2326 1077 2394 si
1088 2320 1124 2392 ab
1134 2340 1165 2389 ee

150 2421 280 2489 consilio
305 2421 469 2507 iniquitate
495 2420 556 2496 loci
582 2419 823 2500 deterrerentur,
855 2441 951 2508 opere
977 2443 1016 2490 se
1037 2421 1164 2506 valloque

99 2538 131 2587 re
150 2517 389 2583 circumdarent.
417 2526 484 2582 tum
501 2514 736 2583 centurionibus
753 2516 796 2582 ed
809 2538 844 2583 se
856 2516 993 2584 vocatis:
1012 2522 1164 2604 ‘quaenam

148 2612 203 2678 illa
219 2610 344 2678 inscitia
360 2611 436 2678 belli
453 2632 491 2677 ac
507 2609 635 2698 pigritia
652 2620 715 2689 est,
734 2619 788 2677 aut
801 2631 941 2696 quonam
955 2612 1056 2680 modo
1071 2610 1121 2678 isti
1133 2628 1163 2675 cx

150 2704 300 2774 Sidicinis
324 2705 560 2793 Campanisque
582 2705 744 2773 victoriam
765 2705 973 2793 pepererunt?
1003 2706 1068 2774 huc
1086 2714 1163 2790 aquo

148 2801 225 2866 illuc
243 2801 334 2887 signa
350 2801 471 2867 moveri
487 2822 526 2867 ac
542 2800 637 2868 modo
654 2800 688 2866 iu
705 2822 805 2867 unum
822 2799 959 2868 conferri
974 2801 1074 2869 modo
1089 2792 1162 2868 edud

149 2895 278 2961 videtis:
305 2917 385 2981 opus
408 2895 537 2980 quidem
557 2896 668 2984 incipit
688 2918 797 2975 nemo,
820 2918 893 2963 cum
909 2896 975 2963 iam
997 2886 1162 2965 euomuit

99 3011 133 3061 14
150 2989 234 3058 vallo
250 2989 445 3078 potuerimus
467 3013 548 3059 esse.
592 3000 661 3058 tum
681 3013 756 3059 vere
773 3013 832 3058 nos
850 2989 971 3058 similes
987 2984 1162 3059 istorumsi·

148 3109 236 3167 mus,
255 3087 283 3153 si
300 3086 417 3154 diutius
435 3086 488 3153 hic
504 3108 664 3154 moremur
680 3108 778 3173 quam
790 3085 993 3154 commodum
1007 3086 1059 3154 sit
1081 3082 1161 3173 opit

149 3182 240 3263 dum,
263 3183 306 3250 ite
323 3204 448 3250 mecum
466 3191 511 3261 et,
539 3181 615 3249 dum
636 3181 717 3249 lucis
739 3181 859 3267 aliquid
879 3190 1041 3269 superest,
1066 3174 1160 3267 quid!

148 3277 227 3346 locis
248 3278 406 3367 praesidia
426 3286 559 3366 ponant,
586 3299 650 3362 qua
669 3285 777 3364 pateat
796 3275 871 3342 hinc
892 3276 1015 3357 exitus,
1040 3272 1159 3362 upote

100 3394 132 3442 15
149 3373 241 3439 mus?
284 3374 364 3440 haec
381 3372 487 3440 omnia
504 3371 616 3460 sagulo
633 3371 756 3460 gregali
772 3370 921 3451 amictus,
945 3364 1157 3439 contuimur·

149 3467 225 3534 item
246 3469 488 3556 manipularium
509 3468 643 3535 militum
664 3466 775 3534 habitu
792 3466 910 3547 ductis,
933 3488 975 3535 ue
992 3467 1103 3535 ducem
1115 3458 1158 3529 dr

150 3561 269 3628 cumirc
285 3560 394 3630 hostes
412 3572 569 3643 notarent,
587 3561 797 3650 perlustravit.

117 3678 131 3727 1
214 3655 368 3724 XXXV.
412 3657 539 3747 Vigilirs
570 3658 684 3724 deinde
710 3656 871 3745 dispositis
896 3656 1011 3725 ceteris
1036 3648 1156 3724 omnibu

150 3761 302 3818 tesseram
324 3753 392 3820 dari
413 3753 513 3833 iubet,
537 3752 593 3821 ubi
610 3753 768 3822 secundae
784 3750 912 3842 vigiliae
933 3750 1053 3820 bucino
1071 3749 1154 3816 datm

115 3866 131 3914 2
150 3846 276 3935 siguum
295 3857 393 3929 esset,
411 3848 524 3915 mmati
541 3871 614 3915 cum
631 3848 756 3916 silentio
773 3847 864 3914 adse
877 3847 1088 3916 convenirent.
1109 3852 1155 3924 qv

149 3941 218 4021 ubi,
238 3943 319 4010 sicut
333 3944 470 4010 edictum
484 3952 559 4023 erat,
577 3943 664 4010 taciti
676 3951 904 4023 convenerunt,
924 3942 1001 4009 ‘hoc
1013 3934 1155 4009 sumtus

149 4036 290 4118 milites,’
314 4039 418 4126 inquit
440 4038 571 4105 ‘omisso
594 4039 720 4107 militari
741 4039 881 4107 adsensu
901 4038 938 4106 in
958 4058 1012 4106 me
1028 4022 1157 4105 audini·
