2566 4524
147 271 212 340 364
424 278 892 350 LIBERVH,1a[au.e.sse]

113 463 128 512 1
210 439 327 506 XIIII.
353 438 500 503 Dictator
513 458 704 520 quamquam
717 457 784 500 rem
796 434 915 501 bonam
929 436 1072 525 exemplo
1084 435 1152 503 haud

146 533 301 622 probabili
323 541 425 598 actam
448 530 608 608 cernebat,
635 538 740 595 tamen
765 528 924 595 facturum
948 531 1037 614 quod
1059 531 1153 597 milites

146 629 264 694 vellent
281 650 316 692 se
332 626 464 712 recepit,
484 624 686 709 Tulliumque
700 632 836 702 secreto,
854 645 1013 710 quaenam
1029 624 1102 691 haec
1115 646 1154 691 res

114 744 130 792 a
149 722 189 789 sit
206 731 261 789 aut
277 743 341 806 quo
359 729 429 786 acta
445 741 546 798 more,
564 726 773 806 percontatur.
809 717 936 788 Tullius
950 742 1067 808 magno
1078 741 1153 807 opere

148 841 168 883 a
185 816 336 881 dictatore
352 823 472 901 petere,
494 835 536 880 ne
554 835 588 880 se
606 812 738 880 oblitum
754 813 939 900 disciplinae
956 814 1107 894 militaris,
1125 836 1154 880 ne

150 910 200 977 sui
229 931 309 976 neve
339 907 557 995 imperatoriae
586 906 758 973 maiestatis
790 906 948 975 crederet:
985 907 1153 974 multitudini

150 1004 336 1082 concitatae,
354 1024 435 1088 quae
452 1001 552 1068 ferme
569 1000 749 1067 auctoribus
768 1000 878 1067 similis
896 1010 997 1082 esset,
1020 1024 1082 1069 non
1096 1000 1153 1068 sub

149 1098 282 1164 traxisse
313 1119 349 1163 se
374 1097 501 1176 ducem,
536 1095 674 1178 nequis
700 1095 795 1174 alius,
830 1095 1047 1180 qualismata
1070 1117 1154 1162 mean

116 1191 317 1260 smultitudo
343 1191 471 1269 soleret,
501 1189 658 1256 existeret
693 1212 768 1254 nam
793 1211 829 1255 se
854 1189 984 1274 quidem
1008 1190 1085 1256 nihil
1105 1211 1155 1256 non

149 1286 276 1352 arbitrio
292 1286 488 1372 imperatoris
507 1294 663 1363 acturum3
681 1284 726 1348 illi
738 1305 864 1369 quoque
881 1293 989 1351 tamen
1005 1286 1156 1352 videndum

149 1402 265 1467 magno
292 1402 387 1467 opere
413 1401 498 1458 esse,
533 1388 569 1444 ut
599 1378 771 1444 exercitum
796 1379 830 1442 in
854 1387 1011 1464 potestate
1036 1378 1156 1445 haberet

148 1474 267 1539 differri
289 1497 354 1540 non
373 1497 470 1560 posse
491 1474 571 1540 adeo
588 1472 760 1539 concitatos
778 1472 910 1539 animos.
946 1474 1035 1560 ipsos
1053 1474 1110 1541 sibi
1122 1472 1157 1539 lo·

149 1589 222 1632 cum
247 1589 285 1633 ac
311 1578 435 1655 tempus
461 1567 623 1655 pugnandi
650 1576 845 1654 sumpturos,
872 1567 899 1633 si
921 1567 961 1634 ab
988 1569 1158 1655 imperatore

113 1680 212 1728 anon
230 1662 329 1727 detur.
366 1663 442 1728 dum
459 1662 538 1727 haec
554 1663 738 1746 loquuntur,
759 1662 899 1727 iumenta
915 1661 997 1727 forte
1014 1661 1158 1750 pascenda

148 1767 238 1823 extra
259 1756 376 1823 vallum
395 1755 490 1824 Gallo
511 1756 651 1844 abigenti
672 1756 735 1822 duo
758 1757 872 1822 milites
893 1756 1031 1823 Romani
1051 1759 1159 1825 ademe-

148 1860 231 1916 runt.
266 1851 300 1915 in
322 1874 377 1917 eos
400 1874 478 1916 saxa
499 1852 640 1917 coniecta
662 1875 682 1916 a
700 1848 816 1930 Gallis,
839 1851 951 1917 deinde
974 1851 1015 1918 ab
1032 1852 1159 1918 Romam

116 1964 131 2012 5
149 1945 283 2010 statione
301 1944 419 2010 clamor
436 1953 521 2010 omns
540 1965 577 2008 ac
593 1967 780 2030 procursum
795 1945 953 2030 utrimque
965 1955 1024 2012 est.
1051 1946 1160 2030 iamque

148 2036 234 2101 haud
250 2039 360 2124 procul
376 2039 460 2103 iusto
472 2038 654 2124 proelio'res
668 2049 770 2119 erant,
788 2040 821 2104 ni
834 2040 976 2105 celeriter
987 2040 1160 2127 diremptum

151 2143 310 2197 certarnen
330 2154 387 2218 per
409 2133 605 2199 centuriones
628 2143 722 2200 esset.
757 2134 922 2200 adfirmata
942 2144 1027 2201 certe
1044 2157 1082 2200 eo
1099 2154 1160 2200 casu

150 2223 237 2290 Tulli
257 2227 343 2314 apud
364 2226 547 2294 dictatorem
567 2228 647 2293 fides
671 2237 733 2306 est,
755 2249 814 2294 nec
830 2228 1001 2315 recipiente
1018 2229 1082 2315 iam
1097 2227 1161 2293 dila·

150 2319 267 2385 tionem
296 2344 331 2386 re
360 2322 395 2386 in
423 2331 585 2409 posterum
611 2322 694 2388 diem
721 2322 851 2388 edicitur
876 2324 943 2388 acie
968 2332 1159 2411 pugnaturos

116 2430 131 2480 6
150 2412 281 2480 dictator
303 2425 421 2494 tamen,
446 2425 480 2481 ut
501 2417 557 2500 qui
573 2417 675 2503 magis
694 2416 806 2481 animis
823 2439 920 2501 quam
936 2417 1058 2483 viribus
1076 2417 1160 2482 fretus

149 2509 191 2575 ad
208 2520 366 2576 certamen
383 2510 599 2589 descenderet,
618 2511 724 2577 omnia
742 2511 980 2597 circumspicere
998 2521 1092 2596 atque
1108 2509 1161 2597 agi·

148 2614 215 2670 tare
237 2606 353 2691 coepit,
384 2614 420 2670 ut
446 2616 513 2671 arte
537 2605 643 2690 aliqua
669 2615 818 2672 terrorem
842 2605 988 2672 hostibus
1014 2607 1161 2671 incuteret

150 2699 267 2765 sollerti
293 2700 397 2764 animo
423 2722 490 2764 rem
516 2722 631 2765 novam
658 2701 828 2788 excogitat,
860 2722 924 2785 qua
950 2700 1065 2765 deinde
1086 2695 1162 2764 mnld

149 2794 249 2857 nostri
270 2802 365 2874 atque
387 2793 506 2857 externi
526 2794 743 2881 imperatores,
770 2803 879 2859 nostra
899 2815 1027 2878 quoque
1048 2793 1162 2879 quidam

117 2901 132 2947 ι
151 2894 266 2962 aetate,
289 2885 341 2949 usi
358 2894 444 2950 sunt:
466 2887 560 2952 mulis
579 2897 676 2953 strata
692 2888 814 2953 deuehi
830 2887 917 2953 iubet
940 2887 1086 2973 binisque
1107 2898 1162 2952 tan·

150 2988 219 3042 tum
241 2980 436 3046 centunculis
457 2982 573 3048 relictis
595 3005 749 3069 agasones
771 2983 885 3068 partim
907 2983 1041 3068 captivis
1063 2981 1162 3068 partin

116 3086 317 3159 eaegrorum
339 3075 434 3140 armis
461 3085 586 3142 ornatos
612 3077 742 3163 inponit.
777 3077 826 3141 his
852 3075 919 3141 fere
944 3076 1032 3141 mille
1057 3073 1162 3140 effectis

151 3176 276 3232 centum
297 3169 449 3235 admiscet
471 3170 591 3254 equites
614 3181 646 3235 et
663 3180 754 3235 nocte
772 3191 865 3255 super
883 3177 987 3234 castra
1003 3170 1038 3234 in
1054 3176 1162 3233 montes

150 3263 282 3329 evadere
305 3286 343 3330 ao
364 3264 452 3329 silvis
475 3286 510 3329 se
532 3264 688 3330 occultare
704 3263 793 3330 iubet
808 3284 911 3347 neque
928 3263 1004 3328 inde
1021 3271 1093 3328 ante
1109 3280 1162 3325 me-

116 3368 132 3416 s
150 3357 216 3420 veri
233 3379 329 3441 quam
346 3357 386 3423 ab
405 3381 440 3423 se
458 3358 633 3444 acciperent
651 3359 786 3445 signum.
821 3357 904 3443 ipse,
926 3356 983 3422 ubi
1000 3353 1161 3432 inluxit,in

149 3449 308 3515 radicibus
330 3452 483 3517 montium
501 3463 554 3518 ext
542 3453 667 3519 tendere
685 3453 785 3518 aciem
803 3452 905 3537 coepit
922 3451 1049 3530 sedulo,
1070 3460 1104 3517 nt
1118 3445 1161 3513 sd·

101 3555 135 3604 10
153 3564 263 3608 versus
284 3553 408 3610 montes
431 3547 615 3613 consisteret
635 3547 745 3613 hostis.
781 3546 933 3610 instructo
955 3547 1031 3611 vani
1052 3540 1160 3611 terroris

150 3645 317 3722 apparatu,
335 3660 390 3723 qus
380 3639 531 3725 quidem
548 3651 645 3706 terror
661 3640 733 3727 plus
750 3661 850 3727 paene
867 3639 951 3705 veris
968 3639 1087 3705 viribus
1101 3655 1160 3722 pre·

150 3729 224 3808 fuit,
198 3732 348 3818 tprimo
366 3736 492 3801 credere
510 3736 606 3801 duces
626 3733 804 3812 Gallorum,
826 3756 891 3799 non
912 3726 1141 3799 descensuros
1133 3746 1158 3790 ιι

151 3846 287 3909 aequum
293 3826 466 3906 Romanos,
485 3829 612 3907 deinde,
630 3829 686 3894 ubi
699 3829 865 3914 degressos
878 3836 1008 3913 repente
1022 3825 1157 3892 viderat

151 3929 183 3985 et
198 3920 260 4006 ipss
250 3921 361 3986 avidi
379 3923 577 3988 certaminis
569 3947 601 3989 m
614 3923 767 4010 proelium
778 3930 887 4010 ruunt,¹
904 3921 1056 4008 priusque
1066 3930 1157 4005 pugss⁸

150 4014 254 4101 eoepit
270 4036 366 4098 quam
383 4015 510 4102 signum
527 4017 567 4083 ab
585 4016 717 4084 ducibus
736 4017 870 4083 daretur.

32 4072 223 4262 N
