2566 4524
145 251 208 317 206
366 261 485 316 LIBER
502 261 574 331 1111,
593 260 689 314 1213.
710 263 785 330 [au
795 277 819 315 c.
828 258 964 331 31t315]

144 444 229 488 nunc
251 419 394 486 fraudem
419 441 504 484 nunc
529 417 764 504 neglegentiam
782 418 959 497 ⁴consulum
979 417 1158 487 accusabant.

110 527 303 604 8postremo
326 513 491 600 perpulere
513 512 639 599 plebem
665 512 752 577 haud
778 512 968 579 adversante
993 522 1160 592 senatn,ut

145 614 187 677 L.
206 610 368 675 Minucius
386 607 565 694 praefectus
589 630 733 672 annonae
751 617 922 686 crearetur,
950 607 1073 675 felicior
1091 608 1160 673 ineo

144 705 331 792 magistratu
349 703 391 767 ad
408 702 584 768 custodiam
601 701 756 769 libertatis
774 702 900 769 futurus
917 725 1019 788 quam
1036 704 1077 769 ed
1092 724 1162 768 cura

146 801 263 865 tionem
280 797 446 863 ministerii
463 797 526 875 sui,
554 819 746 882 quamquam
763 807 924 883 postremo
942 821 1088 863 annonae
1102 819 1163 882 qno·

145 916 208 979 que
229 894 351 958 levatae
373 892 460 957 haud
481 891 660 956 inmeritam
682 903 713 957 et
734 892 869 978 gratiam
893 902 925 957 et
945 892 1082 979 gloriam
1098 889 1162 957 ulit

112 1011 128 1060 9
146 989 202 1073 qui
219 1011 292 1053 oum
309 987 416 1052 multis
439 986 522 1051 circa
543 986 691 1052 finitimos
713 987 848 1073 populos
871 986 1085 1074 legationibus
1099 996 1165 1051 terro

145 1083 287 1168 marique
304 1082 496 1167 nequiquam
514 1081 630 1161 missis,
649 1081 711 1147 nisi
728 1083 814 1166 quod
832 1105 873 1147 ex
889 1081 1023 1148 Etruria
1039 1083 1119 1148 haud
1130 1081 1165 1147 ite

145 1178 280 1243 multum
298 1177 447 1244 frumenti
466 1178 632 1242 advectum
651 1188 713 1255 est,
732 1177 855 1242 nullum
872 1188 1071 1243 momentum
1087 1198 1165 1243 anno-

96 1295 130 1344 10
146 1297 206 1341 nae
224 1274 352 1340 fecisset
370 1283 401 1339 et
418 1273 578 1338 revolutus
597 1274 638 1338 ad
656 1273 923 1358 dispensationem
946 1273 1074 1360 inopiae
1089 1270 1165 1359 proi-

146 1370 206 1435 teri
223 1369 365 1456 cogendo
386 1368 580 1433 frumentum
603 1377 635 1432 et
656 1368 807 1445 vendere,
834 1368 921 1452 quod
943 1390 1007 1432 usu
1024 1378 1164 1433 menstruo

147 1474 336 1550 superesset,
355 1464 593 1547 fraudandoque
610 1472 699 1548 parte
717 1462 821 1526 diurni
838 1462 902 1528 cibi
918 1463 1063 1541 servitia,
1080 1460 1166 1528 crimi-

147 1559 251 1622 nando
260 1558 333 1622 inde
343 1568 375 1621 et
383 1557 547 1622 obiciendo
556 1558 620 1622 irae
634 1557 743 1643 populi
756 1557 991 1636 frumentarios,
1011 1556 1119 1623 acerba
1128 1556 1165 1621 iu·

98 1671 128 1719 11
148 1651 316 1735 quisitione
334 1652 468 1737 aperiret
485 1652 588 1738 magis
605 1674 701 1736 quam
718 1652 836 1717 levaret
857 1651 1015 1739 inopiam,
1037 1652 1117 1719 multi
1129 1672 1164 1715 ex

146 1745 239 1832 plebe
254 1769 310 1831 spe
326 1746 444 1810 amissa
456 1746 561 1831 potius
575 1768 671 1830 quem
684 1755 720 1810 ut
733 1747 947 1812 cruciarentur
955 1744 1164 1814 trahendomi·

147 1864 232 1905 mam
250 1840 405 1925 capitibus
424 1840 580 1906 obvolutis
600 1863 634 1906 se
651 1840 685 1904 in
702 1840 844 1906 Tiberim
860 1842 1143 1928 praecipitaverunt.

114 1956 128 2002 1
211 1935 311 1999 XIII.
348 1936 433 1999 Tum
452 1933 509 2021 Sp.
528 1935 666 2000 Maelius
690 1958 730 2000 ex
752 1937 890 2020 equestri
912 1937 1038 2016 ordine,
1064 1948 1099 2003 ut
1115 1932 1162 2001 ill'n
1180 1942 1182 1947 '

148 2028 342 2114 temporibus
356 2029 532 2114 praedives,
550 2053 617 2094 rem
631 2030 740 2095 utilem
748 2031 888 2116 pessimo
902 2033 1060 2119 exemplo,
1076 2030 1162 2118 peior!

113 2143 130 2191 2
149 2123 279 2188 consilio
298 2133 347 2188 est
364 2124 545 2209 adgressus.
581 2125 739 2190 frumento
757 2148 894 2210 namque
916 2148 958 2191 ex
973 2126 1102 2193 Etruria
1114 2122 1163 2213 prl-

148 2228 222 2283 vata
230 2218 363 2304 pecunia
371 2241 428 2304 per
437 2219 597 2306 hospitum
607 2220 829 2305 clientiumque
841 2221 1017 2287 ministeria
1029 2228 1160 2307 coempto
1170 2216 1182 2303 ,Σ

147 2334 243 2396 quae,
263 2314 369 2391 credo,
388 2313 459 2398 ipsa
475 2337 526 2379 res
544 2315 586 2378 ad
603 2314 770 2379 levandam
787 2314 914 2400 publica
932 2338 1010 2381 cura
1027 2332 1160 2382 annonam

147 2407 371 2492 impedimento
394 2408 510 2487 fuerat,
536 2409 718 2495 largitiones
741 2409 891 2474 frumenti
912 2410 1020 2475 facere
1041 2404 1159 2483 institit,

114 2523 129 2570 3
147 2502 334 2588 plebemque
356 2503 417 2568 hoc
438 2527 568 2568 munere
590 2504 764 2582 delinitam,
792 2526 992 2590 quacumque
1015 2505 1165 2579 incederet.

148 2610 335 2684 conspectus
354 2601 517 2683 elatusque
536 2622 631 2685 supra
644 2601 774 2664 modum
787 2599 923 2665 hominis
941 2599 1059 2686 privati
1075 2614 1164 2664 secun.

148 2693 284 2771 trahere,
311 2693 397 2759 haud
415 2694 546 2759 dubium
568 2696 766 2759 consulatum
785 2694 894 2760 favore
912 2717 951 2760 ac
974 2718 1033 2782 spe
1049 2696 1169 2779 despue

113 2807 130 2853 4
149 2786 284 2850 dentem.
328 2788 412 2873 ipse,
444 2800 479 2852 ut
506 2798 554 2854 est
579 2789 736 2854 humanus
763 2788 887 2854 animus
918 2789 1102 2856 insatiabilis
1124 2804 1156 2861 Ob

148 2880 233 2963 quod
251 2879 376 2945 fortuna
394 2882 540 2966 spondet,
569 2882 610 2947 ad
627 2883 738 2949 altiora
755 2893 787 2948 et
803 2906 868 2948 non
885 2906 1041 2951 concessa
1057 2881 1167 2949 tendens

148 2983 189 3051 et,
208 2975 357 3058 quoniam
374 2977 554 3042 consulatus
573 3000 698 3062 quoque
716 2978 896 3063 eripiendus
913 2978 1024 3046 invitis
1041 2974 1156 3067 pantu

149 3084 247 3147 esset,
271 3071 310 3136 de
328 3094 426 3159 regno
444 3072 578 3158 agitaret
604 3073 639 3137 id
656 3096 754 3137 unum
773 3073 905 3160 dignum
922 3083 1013 3140 tanto
1032 3076 1156 3161 appulit!

148 3166 349 3231 consiliorum
363 3178 394 3232 et
404 3167 617 3245 certaminum,
637 3168 844 3255 quodingens
855 3168 1155 3239 exsudandumcna

147 3262 322 3345 praemium
340 3263 417 3327 fore.

114 3372 130 3419 o
213 3354 282 3419 Iam
301 3357 426 3422 comitia
448 3356 625 3422 consularia
646 3356 821 3436 instabant3
849 3379 931 3441 quae
949 3381 1002 3425 res
1022 3381 1092 3425 eum
1104 3370 1157 3420 net·

115 3467 129 3514 o
148 3446 224 3511 dum
242 3452 422 3535 compositis
440 3453 610 3517 maturisve
630 3452 705 3517 satis
724 3452 861 3517 consiliis
876 3454 1048 3539 oppressit
1073 3438 1160 3547 cond¹

149 3553 273 3609 sextum
295 3556 417 3611 creatus
440 3548 479 3612 Τ.
503 3546 671 3631 Quinctius
698 3546 910 3632 Capitolinus,
938 3549 1070 3614 minime
1090 3550 1163 3631 opt&

148 3647 251 3703 tunus¹
265 3639 314 3704 vir
334 3642 463 3707 novanti
479 3665 545 3721 res;
572 3643 694 3729 collega
711 3643 836 3707 additur
858 3643 888 3706 ei
905 3641 1056 3731 Agrippa
1070 3640 1157 3707 Meu

115 3751 129 3797 7
147 3730 229 3809 nius,
248 3733 299 3797 cui
307 3735 432 3801 Lanato
447 3747 512 3801 erat
526 3759 711 3824 cognomen.
739 3747 770 3801 et
778 3737 902 3803 Lucius
915 3737 1080 3805 Minucius
1090 3748 1156 3823 put·

148 3825 249 3891 fectus
277 3850 419 3895 annonae
446 3853 502 3896 seu
527 3831 665 3896 refectus
692 3854 750 3897 seu
776 3833 882 3915 quoad
907 3855 960 3899 res
982 3822 1157 3920 posceret'!

147 3921 301 3987 incertum
319 3934 455 4004 creatus3
483 3926 560 3990 nihil
579 3926 663 3991 enim
681 3936 804 3993 constat
821 3927 884 3993 nisi
900 3927 935 3993 in
952 3928 1051 3995 libros
1067 3926 1165 3991 lintre·

148 4026 281 4102 utroque
303 4042 386 4084 anno
407 4020 539 4085 relatum
557 4022 637 4087 inter
659 4024 862 4110 magistratus
885 4023 1039 4110 praefecti
1054 4030 1155 4087 nomm·
