2566 4524
269 252 594 322 Lacrimatur.
614 251 852 324 [acar-tra]
1010 243 1073 310 221

73 413 223 482 merserit
239 411 410 497 praesidio,
439 411 589 476 victorem
612 412 715 478 securi
735 432 921 498 percussum
938 415 1075 482 uadunt.

73 535 95 576 :c
112 510 192 574 libet
210 507 338 572 credere
355 544 398 554 -
416 517 446 570 et
464 506 535 571 licet
554 506 587 569 in
601 506 696 572 variis
710 506 910 592 opinionibus
925 547 967 557 -
981 522 1012 574 et
1026 528 1075 575 ar·
1092 532 1108 582 a

73 622 192 670 umento
209 615 268 679 est,
286 601 371 685 quod
388 600 520 687 imperia
532 599 705 678 Manliana,
724 625 787 666 non
801 601 1006 668 Postumiana
1020 626 1076 690 ap-

73 701 155 765 dlata
171 697 249 775 sint,
264 719 359 781 quern
372 697 426 780 qui
440 695 524 782 prior
537 712 646 761 auctm
659 709 724 761 tam
738 698 825 762 saevi
839 698 976 783 exempli
993 698 1076 764 foret

73 793 416 881 Ιιιιιιιιῑιιιιιθἰιιιίςιιιιιιι
425 792 549 855 titulum
563 791 754 856 crudelitatis
769 791 873 857 fuerit.
900 790 1075 906 Imperioso

73 913 164 976 ioque
183 889 306 954 Manlio
324 908 501 975 cognomen
517 887 670 1025 inditum,
689 887 873 953 Postumius
891 889 980 954 nuilla
995 889 1076 955 tristi

73 1000 115 1052 uta
131 998 181 1050 est
199 984 380 1070 insignitus.

107 1079 166 1146 Cn.
176 1079 278 1143 lulius
296 1077 408 1143 consul
425 1078 535 1142 aedem
549 1072 707 1162 Apolhnis
727 1077 859 1142 absente
870 1072 1032 1164 collega'
1007 1097 1075 1143 stuc
1093 1099 1108 1147 t

73 1186 124 1239 orte
146 1175 312 1239 dedicavit.
353 1195 448 1259 aegre
469 1173 503 1237 id
524 1196 638 1259 passius
658 1172 826 1255 Quinctius
850 1196 923 1238 curn
944 1174 1075 1238 dimisso

73 1271 179 1334 cerritu
195 1269 229 1333 in
246 1267 357 1333 urbem
374 1269 520 1346 redisset,
544 1269 735 1352 nequiquam
753 1269 786 1332 in
805 1282 917 1334 senatu
935 1280 984 1333 est
1002 1286 1077 1333 eoa·

74 1377 181 1430 uestus.

108 1460 228 1546 Insigni
250 1460 374 1546 magnis
396 1459 492 1525 rebus
513 1482 596 1525 anno
619 1460 744 1524 additur
760 1459 838 1524 nihil
860 1469 928 1524 tum
950 1460 992 1525 sd
1008 1477 1108 1529 rema

73 1553 218 1618 lnmaaam
241 1554 397 1639 pertinere
422 1555 541 1632 visum,
568 1556 653 1638 quod
677 1551 970 1641 Carthaginienses,
997 1554 1076 1619 tanti

73 1665 148 1714 'ostes
170 1649 285 1725 futuri,
309 1661 377 1713 tum
400 1650 539 1735 primum.
558 1672 614 1734 par
637 1650 806 1715 seditiones
830 1649 1008 1716 Siculorum
1034 1651 1076 1715 ad

73 1744 136 1808 artis
154 1743 283 1807 alterius
301 1743 452 1808 auxilium
469 1745 503 1807 in
522 1739 662 1808 Siciliam
681 1746 854 1808 exercitum
872 1745 1030 1809 traiecere.

103 1837 227 1902 XXX..
262 1836 430 1922 Agitatum
452 1838 485 1900 in
506 1837 584 1902 urbe
607 1837 647 1903 ab
671 1837 803 1902 tribunis
826 1837 945 1923 plebis,
969 1852 1004 1901 ut
1022 1837 1108 1905 tri-1

73 1932 117 1997 uri
133 1932 269 1996 militum
287 1932 444 1997 consulari
465 1945 620 2018 potestate
643 1946 834 2010 crearentur,
862 1956 920 1999 nec
943 1932 1076 1998 obtineri

73 2029 150 2091 ttnit.
176 2027 323 2091 consules
337 2027 417 2091 fiunt
429 2027 470 2091 L.
487 2026 632 2112 Papirius
648 2027 795 2106 Crassus,
814 2030 857 2094 L.
871 2028 982 2093 Iulius.
1009 2027 1076 2093 Ae-

73 2142 176 2187 torum
191 2122 289 2208 legati
306 2122 419 2187 foedus
438 2121 479 2186 ab
497 2137 612 2186 senatu
627 2145 699 2187 cum
717 2125 869 2210 petissent
888 2137 919 2188 et
936 2147 995 2210 pro
1007 2122 1075 2190 foe·

73 2237 114 2282 ue
128 2217 249 2281 deditio
268 2229 488 2294 ostentaretur,
512 2218 650 2280 indutias
669 2241 822 2282 annorum
840 2230 910 2283 octo
929 2219 1075 2303 impetra

73 2325 159 2375 runt.
199 2310 388 2375 Volscorum
404 2334 455 2376 res
475 2333 569 2395 super
586 2325 747 2395 acceptam
764 2313 798 2375 in
815 2312 937 2396 Algido
953 2312 1075 2375 cladem
1093 2331 1108 2378 a

73 2405 191 2470 rtinaci
210 2405 379 2491 certamine
394 2405 475 2469 inter
492 2406 580 2490 pacis
599 2405 735 2490 bellique
757 2419 901 2470 auctores
923 2406 956 2468 in
972 2407 1075 2490 iurgia

82 2501 262 2567 seditiones
277 2523 379 2565 versa.
415 2501 553 2584 undique
573 2501 671 2565 otium
693 2500 753 2564 fuit
772 2500 933 2565 Romanis.
971 2500 1108 2585 legemr

73 2596 268 2660 mutarum
289 2597 506 2660 aestimatione
528 2610 707 2681 pergratam
729 2595 846 2681 populo
870 2594 1001 2660 camah
1021 2596 1075 2659 tri·

73 2692 131 2756 tuis
154 2691 261 2776 parari
281 2690 426 2755 consules
450 2691 543 2755 unius
566 2714 607 2755 ex
629 2691 762 2778 collegio
783 2691 959 2777 proditione
982 2710 1075 2755 exce·

73 2799 168 2861 ssent,
188 2787 251 2870 ipsi
269 2797 577 2870 praeoccupaverunt
595 2785 687 2850 ferre.

101 2880 263 2946 Consules
282 2881 323 2944 L.
345 2879 477 2966 Sergius
496 2881 632 2946 Fidenas
652 2884 777 2958 iterum,
797 2880 933 2948 Hostius
952 2883 1107 2946 [arctor

73 2995 95 3041 ts
116 2975 337 3058 Tricipitinus.
364 2975 441 3038 nihil
459 2976 593 3060 dignum
604 2976 689 3039 dictu
703 2989 807 3040 actum
821 2976 860 3039 iis
879 2976 1071 3041 consulibus.

73 3070 141 3133 crati
155 3090 210 3133 eos
224 3069 369 3134 consules
379 3069 421 3133 A.
434 3069 599 3134 Cornelius
611 3069 744 3146 Cossus,
763 3070 801 3134 T.
813 3069 981 3151 Quinctius
991 3070 1074 3133 Pan-

73 3182 101 3228 ta
118 3163 241 3229 iterum.
269 3163 418 3228 Veientes
437 3165 471 3228 in
488 3187 598 3249 agrum
614 3164 791 3228 Romanum
811 3164 1012 3226 excursiones
1027 3164 1073 3226 fe»
1091 3184 1108 3230 a

73 3271 160 3324 runt.
188 3258 274 3322 l'arna
291 3258 360 3335 fuit,
380 3260 533 3342 quosdam
552 3282 591 3323 er
609 3259 808 3323 Fidenatium
826 3260 986 3322 iuventute
1005 3279 1074 3342 par·

73 3354 149 3440 tipoe
173 3354 242 3418 eius
263 3354 477 3439 populationis
500 3353 614 3431 fuisse,
642 3355 842 3439 cognitioque
869 3353 936 3417 eius
964 3354 1010 3416 rei
1032 3353 1073 3417 L.

73 3450 153 3537 argio
173 3464 206 3512 et
225 3447 265 3530 Q.
282 3447 416 3514 Servilio
434 3461 465 3513 et
483 3447 582 3512 Mam.
596 3449 736 3513 Aemilio
754 3449 916 3534 permissa.
945 3449 1074 3531 quidam
1092 3469 1107 3515 e

73 3547 167 3611 utiam
187 3545 332 3630 relegati,
356 3547 454 3629 quod,
479 3568 534 3609 cur
556 3568 612 3630 per
634 3568 687 3610 eos
707 3546 773 3609 dies
792 3570 812 3609 a
829 3546 956 3609 Fidenis
976 3547 1073 3609 alitis-

73 3657 113 3718 ut,
136 3663 252 3726 parum
271 3639 443 3705 constabat.
472 3641 653 3704 colonorum
672 3641 799 3704 additus
815 3663 964 3704 numerus
983 3663 1074 3725 ager·

73 3756 95 3800 te
112 3736 167 3800 his
187 3733 270 3798 bello
288 3735 542 3821 interemptorum
562 3736 756 3820 adsignatus.
785 3736 923 3800 siccitate
938 3759 975 3799 eo
989 3759 1073 3799 anno
1091 3755 1105 3802 t

73 3833 211 3896 orimum
232 3828 405 3894 laboratum
433 3844 494 3907 est,
522 3852 580 3894 nec
608 3830 757 3894 caelestes
785 3830 878 3894 modo
906 3831 1071 3894 defuerunt

73 3942 155 4002 (uae,
183 3924 242 3989 sed
269 3938 350 3990 terra
375 3947 499 4009 quoque
526 3926 666 4010 ingenito
692 3947 800 3989 umore
828 3948 924 4007 egens
952 3926 1004 3987 vix
1032 3923 1071 3985 ad

73 4040 193 4088 sennes
222 4020 347 4086 suffecit
372 4043 491 4087 amnes.
535 4020 678 4085 defectus
706 4019 779 4084 alibi
811 4041 963 4102 aquarum
990 4021 1105 4082 circat
