2566 4524
316 242 436 298 11111111
453 243 552 316 vnn,
571 245 663 302 1111.
684 249 722 315 [a.
733 245 763 301 o.
772 246 835 318 314]
1026 237 1090 306 411

56 422 128 466 men
139 398 318 478 demittunt,
336 399 443 485 ibique
455 402 594 487 primum
607 413 710 470 castra
722 404 756 469 in
768 415 972 492 conspectum
989 406 1089 475 hosti·

56 495 114 564 bus
136 496 226 575 data,
250 497 363 562 deinde
384 496 508 564 levibus
529 498 656 585 proeliis
680 499 820 585 equitum
843 501 968 588 saepius
991 514 1122 588 quamn

56 591 198 679 peditum
215 591 372 676 utrimque
388 592 563 678 periculum
580 592 714 659 factum:
736 616 796 660 neo
812 604 867 660 aut
884 605 1016 663 eventus
1034 619 1088 665 eo-

55 706 122 752 rum
140 685 323 752 Romanum
341 695 396 751 aut
413 708 532 765 morae,
555 709 619 771 qua
639 687 804 755 trahebant
825 688 957 769 bellum,
979 692 1088 779 paeni-

55 780 150 848 tebat.
189 779 380 848 Samnitium
402 790 511 847 contra
532 782 666 848 ducibus
689 795 721 848 et
738 785 824 871 carpi
844 785 951 871 parvis
973 786 1088 855 cotidie
1106 799 1123 848 11

55 875 179 942 damnis
197 886 230 940 et
248 896 412 942 senescere
429 875 578 942 dilatione
600 875 675 942 belli
696 877 779 943 vires
798 901 875 944 suae
892 879 1087 948 videbantur.

55 970 162 1056 itaque
173 969 208 1034 in
221 969 322 1035 aciem
338 971 513 1057 procedunt
530 970 688 1055 equitibus
701 970 736 1037 in
748 994 866 1038 cornua
883 973 1004 1053 divisis,
1020 976 1089 1061 qui-
1108 989 1123 1038 1

10 1056 26 1065 ”
56 1064 115 1133 bus
134 1074 342 1152 praeceptum
360 1075 436 1144 erat,
450 1066 632 1132 intentiores
650 1067 692 1132 ad
708 1076 886 1154 respectum
904 1078 1087 1149 castrorum,

53 1181 181 1244 nequa
203 1181 241 1225 eo
262 1159 311 1224 vis
332 1158 436 1238 fieret,
458 1181 555 1244 quam
581 1160 622 1225 ad
648 1161 803 1246 proelium
825 1170 961 1228 starentr
987 1164 1088 1230 aciem

53 1253 154 1341 pediti
175 1262 277 1319 tutam
299 1253 377 1319 fore.
413 1253 579 1320 consulum
598 1251 758 1341 Sulpicius
781 1255 814 1321 in
831 1254 956 1335 dextro,
974 1256 1123 1324 Poete-8

52 1346 113 1414 lius
131 1348 168 1413 in
184 1347 275 1414 laevo
293 1369 390 1413 comu
408 1349 604 1415 consistunt'
624 1349 735 1415 dextra
746 1372 830 1436 pars,
845 1372 908 1434 qua
922 1362 953 1417 et
963 1349 1090 1418 Samni·

54 1452 101 1508 tes
113 1441 195 1508 raris
213 1441 384 1520 ordinibus,
403 1453 459 1507 aut
476 1443 517 1508 ad
530 1442 768 1509 circumeundos
781 1444 889 1511 hostes
903 1455 957 1511 ant
973 1469 1013 1513 ne
1026 1446 1089 1535 ipsi

53 1536 300 1614 circumirentru,
314 1537 526 1617 constiterant,
539 1538 634 1605 latius
647 1538 806 1624 patefacta
821 1540 915 1607 stetit.
943 1541 1088 1621 sinistris,
1106 1555 1122 1605 9

25 1704 28 1709 ,
52 1631 373 1719 praeterquamquod
390 1632 593 1697 confertiores
607 1642 766 1712 steterant,
781 1636 944 1722 repentino
957 1636 1088 1703 consilio

12 1732 25 1797 ζ’
53 1723 188 1795 Poetelii
206 1725 343 1791 consulis
366 1727 490 1794 additae
508 1727 606 1805 vires,
629 1727 683 1812 qui
706 1726 910 1796 subsidiarias
933 1730 1086 1810 cohortes,

10 1892 26 1901 ,Ι
53 1842 136 1906 qnae
154 1820 295 1907 integrae
313 1821 355 1886 ad
370 1820 522 1909 longioris
540 1845 666 1910 pugnae
680 1845 773 1890 casus
791 1824 1040 1903 reservabantur,
1054 1825 1088 1890 in

10 1988 13 1995 ,
52 1916 190 2003 primam
203 1915 303 1980 aciem
317 1916 474 2002 extemplo
488 1917 592 1983 emisit
608 1918 826 2004 universisque
843 1918 968 1986 hostem
984 1919 1087 2004 primo

10 2052 17 2087 .-
47 2009 175 2097 -impetu
192 2007 313 2075 viribus
331 2009 454 2096 inpulit.
486 2021 643 2078 commota
659 2014 797 2099 pedestri
815 2015 882 2080 acie
896 2011 1087 2080 Samnitium
1107 2031 1139 2080 1ο

13 2148 27 2193 ··.·
54 2125 154 2190 eques
175 2103 210 2169 in
231 2114 372 2191 pugnam
399 2107 548 2171 succedit.
587 2107 622 2171 in
645 2107 730 2172 hunc
756 2118 935 2174 transverso
961 2109 1088 2196 agmine
1141 2109 1142 2112 ’

10 2212 34 2253 :³¹
53 2197 136 2266 inter
153 2199 235 2265 duas
252 2199 335 2264 acies
354 2221 389 2264 se
405 2200 592 2266 inferentem
600 2200 764 2266 Romanus
782 2203 938 2284 equitatus
953 2204 1088 2269 concitat

54 2312 155 2378 equos
174 2292 328 2380 signaque
347 2302 378 2359 et
396 2295 521 2362 ordines
539 2293 681 2381 peditum
694 2302 788 2378 atque
800 2294 941 2378 equitum
955 2297 1088 2362 confun-

19 2432 26 2441 -
53 2386 109 2467 dit,
119 2387 222 2454 donec
235 2388 414 2454 universam
427 2389 468 2456 ab
481 2410 519 2454 ea
530 2397 618 2475 parte
631 2388 742 2453 avertit
755 2387 864 2453 aciem.
891 2389 976 2456 ineo
990 2412 1087 2456 eomu
1107 2407 1138 2457 11

10 2528 26 2565 ,Ι
53 2504 120 2548 non
126 2480 290 2548 Poetelius
308 2482 404 2561 solus,
419 2482 476 2548 sed
486 2479 646 2568 Sulpicius
665 2482 760 2559 etiam
777 2483 916 2550 hortator
933 2484 1086 2564 adfuerat,

12 2624 22 2657 -,
52 2584 185 2643 avectus
199 2576 240 2644 ab
254 2577 320 2642 suis
334 2577 475 2643 nondum
488 2575 724 2643 conserentibus
737 2600 850 2642 manus
864 2579 905 2644 ad
919 2579 1087 2644 clamorem

53 2693 75 2736 a
92 2669 221 2737 sinistra
237 2680 325 2756 parte
342 2670 430 2757 prius
448 2679 601 2736 exortum.
636 2671 721 2736 unde
738 2669 824 2737 haud
842 2672 970 2738 dubiam
987 2673 1087 2738 vieto-
1106 2690 1138 2739 12

10 2814 23 2829 -.
52 2764 136 2832 riam
153 2786 294 2843 cernens,
310 2786 382 2830 oum
399 2765 441 2830 ad
459 2788 551 2830 suum
569 2787 667 2832 cornu
685 2767 825 2833 tenderet
843 2788 916 2832 cum
928 2767 1013 2832 mille
1028 2767 1087 2832 du-

10 2912 12 2945 :
53 2860 156 2927 centis
174 2860 260 2938 viris,
273 2859 459 2926 dissimilem
470 2859 515 2926 ibi
527 2861 686 2927 fortunam
699 2861 826 2940 invenit,
841 2860 1003 2929 Romanos
1017 2863 1087 2930 loco

10 3036 13 3041 Ι
52 2954 181 3043 pulsos,
208 2954 359 3021 victorem
383 2955 507 3021 hostem
534 2956 625 3042 signa
645 2956 679 3020 in
702 2956 865 3042 perculsos
891 2957 1087 3025 inferentem.

10 3106 12 3111 .
54 3059 198 3116 ceterum
219 3049 324 3113 omnia
345 3049 479 3114 mutavit
504 3058 632 3135 repente
653 3049 791 3115 consulis
810 3050 986 3116 adventus:
1012 3069 1139 3118 nam1a

53 3152 88 3209 et
103 3151 279 3229 conspectu
300 3143 390 3209 ducis
411 3142 550 3209 refectus
572 3143 705 3208 militum
728 3151 777 3208 est
794 3142 917 3208 animus
936 3152 968 3209 et
984 3144 1086 3208 maius

51 3258 154 3322 quam
174 3257 232 3322 pro
249 3258 380 3302 numero
398 3237 550 3303 auxilium
568 3236 758 3302 advenerant
775 3235 873 3302 fortes
891 3235 951 3301 viri
968 3244 999 3301 et
1015 3257 1087 3323 par-

51 3331 96 3396 tis
114 3329 244 3396 alterius
262 3330 392 3397 victoria
409 3331 530 3410 audita,
553 3353 629 3396 mox
646 3332 715 3397 visa
736 3331 844 3409 etiam,
866 3329 1021 3416 proelium
1038 3352 1087 3396 re-

52 3423 168 3491 stitnit.
204 3433 269 3490 tota
286 3425 400 3492 deiude
420 3427 484 3492 iam
501 3426 627 3493 vincera
649 3426 716 3492 acie
733 3424 897 3492 Romanus
920 3434 951 3492 et
968 3425 1087 3494 omisso
1106 3444 1140 3496 11

52 3519 228 3587 certamine
246 3521 334 3588 caedi
356 3521 488 3609 capique
507 3519 681 3600 Samnites,
703 3521 765 3587 nisi
786 3522 840 3606 qui
857 3520 1087 3601 Maleventum,

51 3614 109 3680 cui
131 3635 217 3680 nune
237 3613 309 3681 urbi
329 3615 548 3682 Beneventum
573 3637 689 3682 nomen
711 3625 773 3694 est,
795 3616 1010 3705 perfugerant
1045 3617 1088 3683 ad

52 3709 187 3797 triginta
203 3710 290 3776 milia
307 3732 400 3777 caesa
417 3721 472 3777 aut
484 3722 575 3798 capta
585 3709 775 3825 Samnitium
792 3712 951 3797 proditum
967 3734 1087 3778 memo-

54 3804 122 3871 riae
141 3813 200 3870 est

121 3897 292 3964 XXVIII
330 3898 486 3967 Consules
517 3901 645 3989 egregia
670 3902 800 3969 victoria
828 3912 919 3988 parta
943 3899 1119 3988 protinus1

55 3991 133 4064 inde
151 3994 193 4061 ad
209 3976 388 4062 Bovianum
405 3997 651 4084 oppugnandum
667 3997 808 4084 legiones
826 3998 957 4074 ducunt3
979 3992 1086 4078 ibique
1104 4013 1120 4059 2
