2566 4524
142 257 208 325 296
416 268 534 325 LIBER
551 269 587 338 V,
605 267 648 324 46.
661 267 703 322 47.
723 270 760 339 [a.
771 284 799 323 u.
810 284 834 323 a.
844 266 909 338 364]

143 429 347 509 deseruisset,
378 428 412 494 in
439 427 630 513 Capitolium
662 427 703 492 ad
734 448 808 491 suos
834 425 928 491 rediit
955 448 1013 492 seu
1037 429 1145 494 attonitis

145 523 246 591 Gallis
265 524 415 589 miraculo
433 523 583 588 audaciae
602 545 659 588 seu
677 521 826 608 religione
845 522 942 588 etiam
959 522 1064 602 motis,
1080 524 1144 589 cuius

143 619 387 703 haudquaquam
405 617 576 704 neglegens
594 639 673 702 gens
693 626 750 681 est.

109 734 126 781 4
208 711 297 778 Veiis
324 711 448 775 interim
472 732 537 774 non
564 710 661 774 animi
686 718 807 775 tantum
832 710 867 775 in
892 711 977 790 dies,
1006 711 1146 777 sedetiam

144 806 228 872 vires
251 804 442 871 crescebant.
478 826 537 869 nec
554 804 707 870 Romanis
731 804 833 870 solum
855 826 894 871 eo
917 805 1146 873 convenientibus

144 922 184 965 ex
206 898 305 986 agris,
334 899 389 983 qui
410 907 465 963 aut
485 899 604 983 proelio
627 899 760 964 adverso
782 908 836 963 aut
854 899 943 965 clade
961 911 1070 987 captae
1084 898 1146 965 urbis

145 996 242 1082 palati
264 994 402 1072 fuerant,
426 995 483 1058 sed
506 994 600 1059 etiam
619 1016 659 1059 ex
676 993 772 1059 Latio
790 994 976 1061 voluntariis
995 993 1147 1062 confluenti
1169 1052 1173 1059 .

110 1111 126 1158 5
143 1090 203 1155 bus
209 1137 218 1168 ,
241 1097 276 1153 ut
292 1090 326 1153 in
342 1098 430 1174 parte
448 1089 583 1173 praedae
602 1098 720 1166 esseut,
742 1097 901 1154 maturum
918 1089 984 1155 iam
1002 1089 1145 1164 videbatur,

144 1184 243 1271 repeti
260 1184 392 1269 patriam
411 1183 551 1268 eripique
569 1206 608 1248 ex
626 1183 765 1248 hostium
782 1183 939 1249 manibus.
976 1186 1034 1250 sed
1055 1180 1164 1270 corpori.

110 1299 125 1349 6
144 1279 249 1344 valido
263 1288 357 1364 eaput
370 1279 484 1342 deerat.
503 1277 592 1342 locus
606 1279 674 1364 ipse
687 1277 876 1343 admonebat
885 1277 1015 1343 Camilli
1024 1288 1054 1344 et
1061 1298 1149 1364 magus

143 1395 217 1459 pars
235 1372 369 1437 militum
388 1380 467 1449 erat,
487 1370 541 1455 qui
554 1372 651 1436 ductu
664 1371 867 1458 auspicioque
881 1370 950 1436 eius
963 1394 1016 1437 res
1028 1391 1149 1459 prospere

143 1475 321 1553 gesserant3
340 1474 371 1530 et
386 1463 554 1530 Caedicius
567 1487 698 1551 negare,
719 1487 753 1531 se
771 1465 1028 1545 commissurum,
1046 1488 1098 1531 cur
1108 1462 1149 1529 sibi

146 1572 201 1626 aut
223 1562 353 1626 deorum
376 1570 430 1626 aut
451 1561 615 1626 hominum
632 1562 800 1645 quisquam
817 1561 986 1648 imperium
1003 1561 1100 1626 finiret
1113 1580 1151 1646 pe

146 1657 209 1722 tius
231 1679 326 1741 quam
348 1656 417 1742 ipse
439 1680 561 1722 memor
583 1656 699 1722 ordinis
718 1658 767 1721 sui
784 1666 930 1742 posceret
946 1656 1150 1742 metatorem

110 1774 125 1821 ⁷
145 1774 303 1819 consensu
321 1752 462 1817 omnium
478 1752 596 1840 placuit
614 1751 654 1817 ab
672 1751 781 1817 Ardea
799 1750 970 1817 Camillum
989 1751 1094 1830 acciri,
1113 1747 1153 1816 sed

145 1857 239 1912 antea
265 1846 408 1912 consulto
437 1857 561 1924 senatu,
589 1846 644 1930 qui
665 1847 786 1912 Romae
813 1855 910 1911 esset:
943 1846 1024 1912 adeo
1048 1842 1153 1933 regebat

145 1941 250 2007 omnia
270 1941 386 2026 pudor,
414 1940 655 2025 discriminaque
676 1963 781 2006 rerum
802 1963 900 2027 prope
925 1940 1057 2026 perditis
1081 1938 1153 2005 rebus

111 2033 323 2103 eservabant.
368 2035 488 2122 ingenti
518 2035 657 2119 periculo
689 2035 913 2101 transeundum
948 2057 1008 2121 per
1040 2033 1168 2109 hostin,

148 2127 307 2193 custodias
335 2138 410 2193 erat.
447 2130 488 2193 ad
514 2151 585 2193 eam
610 2152 677 2193 rem
702 2128 836 2195 Pontius
864 2127 1030 2194 Cominius
1056 2129 1156 2216 inpigu

146 2222 269 2289 iuvenis
288 2246 416 2309 operam
432 2223 604 2309 pollicitus,
623 2223 776 2290 incubans
794 2222 901 2289 cortici
916 2225 1056 2290 secundo
1069 2216 1153 2289 'liberi

113 2337 127 2386 9
147 2318 189 2382 ad
204 2318 316 2383 urbem
334 2318 482 2384 defertur.
518 2319 605 2396 inde,
629 2341 693 2404 qua
709 2319 888 2404 proximum
904 2317 966 2383 fuit
984 2342 1004 2383 a
1021 2319 1098 2406 ripa,
1113 2334 1152 2403 pe

144 2424 345 2498 praeruptum
364 2435 464 2497 eoque
481 2413 660 2499 neglectum
678 2413 816 2478 hostium
834 2413 999 2478 custodiae
1017 2408 1152 2479 saxumin

146 2506 339 2592 Capitolium
358 2509 461 2573 evadit
479 2518 510 2572 et
528 2509 568 2572 ad
585 2508 787 2595 magistratus
802 2509 914 2574 ductus
928 2510 1077 2574 mandata
1088 2526 1152 2573 exer·

96 2620 128 2668 10
146 2602 226 2665 citus
245 2602 317 2666 edit.
345 2612 473 2688 accepto
492 2602 565 2666 iude
584 2612 710 2667 senatus
729 2602 887 2680 consulto,
906 2603 953 2666 uti
972 2602 1101 2668 comitiis
1116 2619 1152 2665 cu·

146 2694 233 2759 riatis
256 2706 420 2761 revocatus
444 2698 483 2760 de
506 2696 599 2761 exilio
621 2697 711 2761 iussu
732 2697 841 2783 populi
864 2695 1020 2763 Camillus
1046 2697 1152 2763 dicatu
1185 2762 1188 2767 ,

147 2790 305 2874 extemplo
324 2789 477 2854 diceretur
495 2791 671 2875 militesque
685 2791 835 2857 haberent
848 2791 1070 2877 hperatorem
1081 2806 1151 2875 quem

96 2904 126 2950 11
146 2883 275 2961 vellent,
299 2885 410 2948 eadem
430 2886 599 2972 degressus
618 2888 745 2952 nuntius
764 2886 862 2953 Veios
881 2889 1056 2968 contendit,
1073 2880 1150 2952 misr'r

145 2998 207 3059 que
229 2976 371 3042 Ardeam
392 2979 488 3066 legati
510 2982 551 3045 ad
574 2980 744 3047 Camillum
765 2980 862 3046 Veios
890 3004 963 3047 eum
990 2982 1148 3069 perduxere

146 3093 203 3135 seu
221 3110 263 3118 -
281 3074 366 3157 quod
384 3074 485 3160 magis
505 3075 629 3140 credere
647 3076 736 3153 libet,
754 3098 817 3139 non
834 3074 922 3161 prius
940 3066 1149 3162 profectumab

144 3163 254 3232 Ardea
276 3189 371 3252 quam
393 3170 532 3254 conperit
548 3169 652 3256 legem
669 3170 779 3248 latam,
802 3171 888 3254 quod
904 3193 964 3235 nec
982 3171 1100 3236 iniussu
1112 3185 1150 3253 pe

144 3261 212 3347 puli
229 3262 342 3326 mutari
360 3262 475 3328 finibus
492 3274 601 3349 posset
619 3286 678 3328 nec
694 3263 756 3328 uisi
774 3264 907 3329 dictator
919 3264 1024 3330 dictus
1038 3257 1149 3349 auspicis

144 3355 178 3418 in
196 3357 335 3512 exqrcitu
352 3356 467 3422 habere
485 3357 597 3422 -lex
615 3358 733 3423 curiata
749 3358 813 3423 lata
836 3367 884 3423 est
906 3359 1095 3443 dictatorque
1112 3350 1149 3418 ab

148 3470 220 3513 sens
261 3450 351 3514 ictus.

114 3562 127 3608 1
211 3542 436 3610 XXXXVII.
467 3545 556 3611 Dum
574 3547 653 3612 haec
668 3546 756 3613 Veiis
776 3547 960 3635 agebantur,
979 3548 1097 3614 interim
1110 3558 1147 3609 arx

112 3635 267 3702 aRomae
291 3637 544 3726 Capitoliumque
567 3642 600 3706 in
622 3643 742 3729 ingenti
763 3643 903 3729 periculo
930 3642 1002 3709 fuit.
1041 3652 1147 3723 namqll

147 3727 232 3795 Galli
254 3754 311 3796 seu
333 3734 467 3820 vestigio
489 3745 596 3801 notato
618 3737 770 3815 humano,
798 3758 862 3820 qua
886 3737 1018 3803 nuntius
1044 3727 1145 3802 avrd
1185 3808 1188 3813 ,

144 3838 342 3912 pervenerat,
379 3851 435 3892 sou
462 3853 519 3894 sua
546 3840 657 3917 sponte
684 3831 902 3898 animadverso
930 3833 972 3897 ad
999 3820 1145 3898 carmeld
1185 3826 1188 3832 '

146 3945 222 3987 saxo
249 3944 382 3987 ascensu
408 3946 522 4009 aequo,
554 3936 645 3992 nocte
672 3927 836 4006 sublustri,
868 3950 941 3992 cum
966 3927 1065 4014 primo
1086 3923 1145 3988 iuer·

48 4038 52 4046 ·
144 4038 242 4096 mem,
266 4017 320 4102 qui
338 4015 620 4106 temptaret'viam,
646 4021 898 4108 praemisissent,
922 4021 1077 4087 uadentes
1093 4010 1145 4081 iudt
