2566 4524
308 261 426 317 amaa
438 261 601 333 11,10.11.
623 265 661 332 [a.
674 260 773 318 coos.
787 262 850 333 soa]
1052 253 1093 318 73

77 432 173 488 rostes
192 420 323 485 vidisset
340 420 554 505 trepidamque
572 418 697 485 turbam
711 441 839 484 suorum
852 443 939 486 arma
956 423 1095 488 ordines-

77 539 124 602 [ue
134 515 320 598 relinquere,
338 513 564 598 reprehensans
575 513 726 600 singulos,
745 511 903 579 obsistens
920 513 1095 582 obtestans-

77 633 124 695 que
144 610 240 674 deum
259 617 290 672 et
310 607 472 671 hominum
494 607 590 670 fidem
611 605 798 684 testabatur,
829 608 1019 692 nequiquam
1041 610 1095 675 de-
1112 631 1128 679 4

79 715 147 768 erto
170 700 328 787 praesidio
350 722 404 764 eos
427 700 553 786 fugere3
582 700 609 764 si
631 700 797 765 transitum
818 710 947 786 pontem
965 726 985 767 a
1006 712 1094 791 tergo

78 797 277 880 eliquissent,
314 794 378 858 iam
403 794 475 879 plus
501 794 640 859 hostium
665 794 699 857 in
725 793 848 882 Palatio
876 793 1094 882 Capitolioque

77 915 159 976 quam
177 891 212 953 in
224 888 365 953 Ianiculo
383 887 459 952 fore.
486 888 592 972 itaque
606 911 741 966 monere,
759 890 948 975 praedicere,
968 901 1003 955 ut
1016 914 1094 978 pon-

77 1008 125 1049 em
144 984 243 1060 ferro,
266 983 345 1068 igni,
368 1004 565 1066 quacumque
583 983 615 1046 ti
631 983 767 1068 possint,
791 983 1032 1070 interrumpent3
1060 1008 1094 1051 se

77 1089 217 1164 mpetum
243 1076 396 1153 hostium,
423 1086 574 1159 quantum
601 1099 730 1162 corpore
752 1099 816 1142 uno
837 1088 946 1162 posset
973 1078 1092 1156 obsisti,

77 1181 277 1258 scepturum.
305 1170 391 1234 vadit
407 1169 480 1234 iude
496 1171 530 1234 in
547 1170 683 1256 primum
696 1172 816 1235 aditum
828 1172 932 1258 pontis
945 1172 1094 1258 insignis-
1110 1194 1128 1242 5

77 1289 125 1350 que
137 1267 219 1330 inter
233 1275 400 1349 conspecta
413 1265 590 1328 cedentium
598 1287 723 1351 pugnae
737 1275 835 1351 terga,
856 1264 996 1330 obversis
1008 1288 1093 1330 com-

77 1361 168 1425 ninns
186 1361 228 1424 ad
247 1360 418 1423 ineundum
435 1359 588 1445 proelium
607 1360 715 1438 armis,
739 1360 809 1446 ipso
827 1360 977 1425 miraculo
996 1361 1094 1425 auda-

77 1454 133 1519 tiae
152 1453 362 1538 obstupefecit
383 1453 492 1518 hostis.
530 1456 609 1519 duos
637 1464 742 1519 tamen
765 1477 838 1520 cum
864 1478 901 1520 eo
923 1457 1025 1542 pudor
1047 1466 1126 1526 te-o

77 1548 139 1625 ruit,
165 1546 222 1633 Sp.
233 1549 384 1612 Larcium
402 1572 439 1614 ac
458 1549 496 1612 Τ.
510 1549 721 1628 Herminium,
741 1550 850 1616 ambos
863 1551 963 1616 claros
978 1574 1093 1638 genere

77 1642 228 1725 actisque.
256 1664 327 1705 cum
345 1642 395 1706 his
413 1643 545 1727 primam
562 1644 693 1728 periculi
710 1645 879 1729 procellam
897 1654 928 1709 et
945 1647 1030 1729 quod
1044 1655 1094 1710 tu-
1111 1667 1126 1714 r

77 1735 346 1800 nultuosissimum
367 1759 493 1822 pugnae
517 1748 583 1801 erat
598 1760 766 1824 parumper
784 1739 940 1803 sustinuit.
980 1740 1092 1804 deinde

77 1851 115 1892 os
134 1851 261 1912 quoque
279 1830 380 1914 ipsos,
408 1829 523 1916 exigua
539 1841 628 1914 parte
644 1832 749 1917 pontis
771 1832 892 1910 relicta,
919 1833 1093 1897 revocanti-

77 1945 121 1986 ·us
139 1923 196 2006 qui
212 1923 446 2000 rescindebant,
474 1925 584 1988 cedere
606 1925 639 1988 in
662 1934 763 1989 tutum
780 1925 892 2012 coegit.
928 1925 1092 1990 circumfe-
1109 1945 1127 1993 8

77 2037 137 2080 ens
153 2017 228 2080 inde
247 2017 342 2080 trucis
361 2017 523 2081 minaciter
540 2017 648 2082 oculos
666 2018 706 2081 ad
720 2040 864 2103 proceres
874 2018 1090 2097 Etruscorum,

77 2130 148 2173 runc
164 2109 306 2195 singulos
323 2132 506 2194 provocare,
533 2133 617 2174 nunc
633 2112 794 2196 increpare
811 2134 936 2191 omnes,
965 2113 1090 2177 servitia

77 2225 174 2290 regum
206 2204 426 2289 superborum,
458 2227 533 2270 suae
563 2204 715 2269 libertatis
742 2207 929 2271 inmemores
957 2207 1090 2271 alienam

77 2307 279 2384 ›ppugnatum
297 2298 411 2362 venire.
448 2298 584 2362 cunctati
602 2298 794 2380 aliquamdiu
812 2309 898 2377 sunt,
917 2301 992 2363 dum
1011 2300 1090 2365 alius
1109 2319 1125 2366 9

77 2390 166 2469 lium,
185 2401 220 2455 ut
228 2390 382 2475 proelium
391 2391 549 2477 incipiant,
570 2391 838 2476 circumspectant.
861 2393 963 2478 pudor
977 2394 1089 2458 deinde

77 2484 231 2549 tommovit
253 2484 352 2548 aciem
367 2487 406 2548 'et
448 2485 583 2550 clamore
607 2485 730 2550 sublato
753 2485 892 2569 undique
933 2486 967 2549 in
992 2509 1090 2550 unum

77 2591 183 2645 nostem
202 2580 265 2644 tela
283 2580 447 2645 coniciunt.
483 2602 654 2664 quaecum
671 2581 704 2644 in
722 2579 843 2645 obiecto
866 2590 979 2644 cuncta
1001 2589 1090 2644 scuto
1110 2603 1144 2648 10

77 2669 237 2740 laesissent
253 2696 356 2757 neque
373 2674 426 2739 ille
443 2675 547 2739 minus
565 2674 740 2739 obstinatus
758 2675 878 2760 ingenti
890 2683 1016 2760 pontem
1035 2673 1091 2739 ob-

80 2762 169 2834 tineret
196 2769 314 2856 gradu,
341 2769 405 2832 iam
427 2769 546 2878 impetu
572 2767 765 2833 conabantur
791 2770 955 2832 detrudere
977 2767 1088 2846 virum,

82 2876 136 2923 cum
151 2861 245 2926 simul
263 2862 371 2948 fragor
387 2863 471 2948 rupti
488 2872 564 2948 pont
564 2863 592 2927 is
552 2862 704 2927 tsimul
727 2862 845 2926 clamor
862 2862 1088 2941 Romanorum,

82 2949 218 3043 clamate
234 2956 367 3042 perfecti
386 2957 488 3042 operis
507 2955 611 3021 sublat
598 2966 663 3033 t,us
682 2978 798 3041 pavore
816 2954 947 3020 subito
888 2967 1090 3042 ttumrmpe

86 3048 216 3114 sustinuit
260 3060 327 3113 tum
346 3049 460 3115 Cocles
480 3050 641 3115 ‘Tiberine
663 3049 770 3135 pater,'
790 3050 892 3157 inquit
915 3055 1088 3114 ‘tesancte
1108 3070 1138 3116 ιι

85 3155 184 3221 precor,
209 3144 290 3208 haec
308 3167 394 3208 arma
411 3154 443 3208 e
431 3144 544 3208 thunc
562 3143 641 3207 milit
629 3154 692 3207 tem
709 3143 799 3227 propi
801 3143 844 3206 tio
801 3141 988 3205 tilumine
1007 3141 1088 3205 acci-

85 3229 160 3312 piat
190 3237 236 3302 ita
258 3237 304 3302 sie
326 3248 426 3302 armat
427 3261 464 3302 us
486 3238 520 3301 in
538 3235 678 3301 Tiberim
701 3235 827 3299 desiluit
849 3233 1018 3317 multisque
1036 3256 1089 3298 su-

88 3327 324 3405 perincidentibus
338 3332 408 3396 telis
422 3331 587 3396 incolumis
601 3331 643 3394 ad
656 3352 730 3395 suos
745 3329 888 3407 tranavit,
906 3349 972 3393 rem
990 3349 1087 3393 ausus

91 3416 139 3498 Plus
152 3426 254 3491 famae
271 3425 448 3490 habituram
467 3426 508 3490 ad
524 3435 666 3510 posteros
685 3446 779 3508 quam
796 3422 879 3487 fidei.
910 3430 1001 3509 grata
1013 3444 1089 3508 erga
1107 3443 1139 3490 ιι

93 3515 178 3584 ¹vitam
196 3520 343 3584 virtutem
361 3520 471 3584 civitas
490 3519 562 3583 fuit:
582 3529 684 3583 statua
701 3519 735 3582 in
752 3516 876 3582 comitio
888 3517 1000 3601 posita,
1020 3515 1088 3624 agri

93 3621 212 3686 quntum
229 3637 294 3680 uno
312 3614 408 3678 die
381 3614 598 3678 cucumaravit
585 3614 669 3677 ttda
656 3622 732 3676 tum
758 3611 880 3697 privata
897 3631 1021 3694 quoque
1039 3609 1087 3673 in-
1106 3628 1138 3677 13

90 3705 121 3766 let
138 3708 276 3792 publicos
301 3709 437 3774 honores
465 3707 569 3773 studia
594 3705 786 3771 eminebant.
816 3728 889 3769 nam
915 3705 948 3768 in
972 3726 1088 3790 magna

87 3790 167 3886 inopia
181 3827 239 3891 pro
257 3805 438 3869 domesticis
457 3803 555 3888 copiis
572 3800 788 3885 unusquisque
807 3821 836 3865 er
825 3798 984 3882 aliquid,
1002 3796 1087 3860 frau-

89 3885 143 3960 lurs
160 3921 192 3965 se
210 3899 279 3985 ipse
296 3899 383 3964 victu
401 3921 469 3976 suo,
488 3895 626 3962 contulit

131 3991 188 4058 XL
223 3993 358 4060 Porsina
374 3993 476 4080 primo
494 4001 608 4057 conatu
624 3988 767 4076 repulsus
773 4036 783 4067 ,
811 3985 947 4052 consiliis
970 3981 1010 4047 ab
1032 4001 1118 4066 op-1
