2566 4524
326 248 445 303 amus
460 248 520 319 m,
538 249 582 306 ιι.
596 250 638 304 aa
659 249 880 322 [anaante]
1057 240 1119 306 145

144 407 253 473 XXL
292 403 427 472 Senatus
444 407 478 471 in
492 405 649 492 Capitolio
667 418 743 473 erat.
772 432 809 474 eo
826 408 943 474 tribuni
961 432 1033 474 cum
1045 434 1116 496 per·
1134 434 1149 484 l

77 503 211 569 turbata
219 499 314 586 plebe
322 499 460 565 veniunt.
487 500 654 566 multitudo
664 502 798 568 clamore
812 503 933 590 ingenti
946 528 1030 570 nunc
1044 528 1118 572 con·

77 597 204 674 sulum,
228 617 314 659 nunc
334 605 459 680 patrum
481 596 576 659 fidem
593 595 762 681 inplorant,
786 619 844 662 nec
861 608 933 663 ante
951 612 1116 666 moverunt

77 693 120 757 de
141 690 301 756 sententia
318 689 479 754 consulem
501 711 596 772 quam
614 689 731 755 tribuni
748 714 783 757 se
804 692 838 756 in
860 695 1042 759 anctoritate
1059 719 1117 781 pa-

77 797 167 852 trum
185 785 311 849 futuros
334 805 404 848 esse
426 783 557 868 polliciti
575 795 656 849 sunt.
693 796 768 850 tunc
809 786 963 852 referente
986 790 1115 855 consule
1134 813 1150 860 a

79 882 117 945 <le
136 879 338 944 tribunorum
356 888 388 942 et
403 877 505 963 plebis
523 879 689 964 postulatis
719 891 846 946 senatus
865 883 1008 947 consulta
1026 885 1114 963 fiunt,

82 997 183 1060 neque
206 972 326 1038 tribuni
346 971 450 1058 legem
472 994 509 1037 eo
531 995 613 1038 anno
637 972 753 1038 ferrent
778 997 881 1058 neque
907 977 1052 1041 consules
1075 978 1116 1043 ab

87 1069 157 1135 urbe
176 1067 352 1133 exercitum
371 1067 551 1146 educerent3
575 1069 608 1132 in
624 1069 780 1152 reliquum
796 1072 999 1158 magistratus
1018 1074 1115 1137 conti-

89 1165 172 1229 onari
194 1173 229 1228 et
253 1185 307 1228 eos
329 1160 471 1227 tribunos
489 1162 575 1226 refici
597 1163 735 1229 iudicare
758 1175 902 1229 senatum
924 1178 1031 1231 contra
1048 1189 1116 1232 rem

91 1259 245 1346 publicam
267 1280 347 1323 esse.
388 1258 533 1323 consules
556 1259 644 1323 fuere
666 1260 697 1322 in
720 1270 845 1344 patrum
866 1271 1035 1345 potestate3
1062 1263 1149 1328 tri-3

94 1352 161 1419 bnni
187 1351 432 1419 reclamantibus
447 1352 629 1417 consulibus
658 1353 776 1417 refecti.
804 1365 908 1439 patres
923 1377 1058 1439 quoque,
1076 1378 1117 1421 ne

94 1448 159 1531 quid
177 1447 326 1512 cederent
342 1445 440 1531 plebi,
464 1456 495 1510 et
512 1447 574 1531 ipsi
590 1447 728 1512 Lucium
748 1446 932 1529 Quinctium
955 1449 1116 1514 consulem

95 1540 275 1606 reficiebant.
302 1539 388 1604 nulla
401 1549 465 1605 toto
478 1563 560 1605 anno
573 1541 786 1606 vehementior
799 1543 879 1608 actio
893 1543 1030 1609 consulis
1045 1544 1114 1609 fuit.

97 1635 212 1713 ‘mirer,‘
229 1634 332 1718 inquit
351 1634 393 1699 ‘si
405 1658 488 1699 vana
500 1645 614 1713 vestra,
633 1647 737 1720 patres
752 1637 928 1721 conscripti,
947 1639 1115 1704 auctoritas
1133 1661 1150 1706 4

77 1730 129 1794 ’atl
144 1729 268 1816 plebem
286 1729 353 1793 est?
373 1751 431 1795 vos
449 1729 578 1794 elevatis
592 1753 671 1808 eam,
691 1731 815 1816 quippe,
835 1732 909 1813 quia
922 1731 1012 1816 plebs
1027 1756 1117 1797 sena-

77 1840 137 1909 :tus
158 1824 338 1890 consultum
359 1824 392 1888 in
414 1825 632 1890 continuandis
658 1824 894 1911 magistratibus
921 1824 1027 1903 solvit,
1054 1826 1117 1910 ipsi

77 1937 210 2009 'qnoque
228 1918 366 1983 solutum
383 1917 492 1996 vultis,
514 1941 555 1984 ne
572 1919 738 1983 temeritati
756 1918 962 1984 multitudinis
987 1919 1115 1998 cedatis,

77 2021 246 2097 ..tamquam
263 2013 297 2077 id
314 2013 355 2078 sit
371 2013 443 2098 plus
460 2035 555 2098 posse
573 2013 605 2077 in
623 2014 762 2091 civitate,
780 2013 852 2099 plus
870 2013 1006 2079 levitatis
1024 2036 1062 2078 ac
1078 2013 1117 2079 li·
1133 2035 1149 2082 5

77 2130 80 2145 ¹
96 2111 206 2176 cantiae
223 2109 349 2175 habere.
372 2109 472 2174 levius
491 2110 575 2175 enim
587 2111 762 2194 vaniusque
774 2110 915 2195 profecto
930 2121 1048 2175 estana
1063 2109 1117 2173 de-

77 2214 172 2269 .-creta
188 2215 219 2269 et
237 2203 379 2269 consulta
396 2203 504 2269 tollere
523 2227 618 2288 quam
636 2204 777 2268 aliorum.
813 2203 991 2280 imitamini,
1010 2216 1115 2288 patres
1135 2224 1150 2271 s

77 2299 268 2385 t-ronscripti,
294 2298 418 2363 turbam
436 2298 645 2364 inconsultam
663 2297 766 2381 etqui
787 2297 931 2381 exemplo
954 2297 1022 2361 aliis
1046 2318 1117 2362 esse

77 2390 222 2472 stlebetis,
240 2394 372 2459 aliorum
390 2393 534 2479 exemplo
551 2393 687 2480 peccetis
705 2392 810 2477 potius
828 2414 923 2475 quam
941 2392 994 2454 alii
1012 2402 1116 2456 vestro

77 2499 169 2555 ··rate
185 2489 317 2566 faciant,
340 2489 416 2553 dum
435 2511 494 2575 ego
512 2511 552 2552 ne
569 2489 638 2552 imit
639 2510 673 2551 er
626 2485 836 2551 ttribunos
859 2507 918 2550 nec
935 2508 986 2549 me
1009 2496 1117 2549 eontra

90 2583 376 2648 .tenattcousultaus
393 2583 555 2648 consulem
572 2581 743 2647 renuntiari
761 2580 937 2665 patiente
920 2601 1048 2656 e,vero
1077 2576 1115 2644 C.
1135 2598 1149 2643 ι

77 2672 211 2759 flandi,
229 2677 441 2754 adhortor,t
405 2687 467 2742 ute
468 2677 561 2763 tipse
574 2676 725 2762 populum
734 2674 914 2739 Romanum
922 2673 1094 2738 haclieent‘
1072 2682 1117 2738 ιιι

77 2792 193 2838 ¹:niceas
211 2782 242 2836 et
260 2772 300 2838 de
318 2793 369 2836 me
385 2771 446 2836 hoc
464 2771 520 2836 tibi
537 2770 741 2856 persuadeas,
769 2791 820 2833 me
837 2770 882 2834 ita
903 2780 1104 2854 accept

90 2875 128 2931 nt
140 2889 201 2932 non
216 2866 368 2932 honorem
385 2888 490 2930 meum
509 2889 528 2930 a
542 2865 715 2950 teimpedit
716 2887 779 2941 um,
799 2865 856 2928 sed
868 2864 1001 2950 gloriam
1020 2816 1117 2949 spreti

77 2954 215 3026 ’ὶοιιοιίι
236 2972 362 3026 auctam
388 2960 616 3043 invidiamque,
643 2980 724 3043 quae
747 2981 787 3022 ex
809 2959 987 3023 continuato
1010 2979 1047 3023 eo
1069 2957 1117 3021 in·

85 3055 250 3139 penderet,
273 3055 410 3119 levatam
426 3053 554 3140 putem?
590 3053 796 3119 communiter
817 3052 890 3116 inde
913 3052 1052 3128 edicunt,
1076 3074 1116 3115 ne
1134 3068 1149 3115 8

80 3148 163 3232 quis
179 3149 221 3214 L.
237 3149 422 3233 Quinctium
438 3150 599 3215 consulem
616 3149 747 3226 faceret3
775 3147 802 3211 si
819 3146 889 3229 quis
912 3145 1053 3222 fecisset,
1082 3166 1116 3208 se

85 3236 125 3307 id
140 3243 324 3331 suffiagium
340 3266 404 3308 non
422 3243 651 3309 observaturos.

149 3337 268 3404 XXII.
306 3337 462 3403 Consules
481 3338 576 3403 creati
594 3336 636 3420 Q.
648 3337 768 3403 Fabius
782 3334 958 3401 Vibulanus
977 3331 1067 3397 tertio
1085 3340 1117 3397 et
1136 3354 1149 3400 1

83 3422 131 3497 J„
140 3430 304 3499 Cornelius
313 3431 556 3519 Maluginensis.
583 3455 697 3498 census
712 3442 800 3496 actus
815 3452 852 3495 eo
867 3450 963 3507 anno;
981 3428 1117 3492 lustrum

77 3538 211 3614 propter
230 3525 424 3613 Capitolium
441 3537 581 3613 captum,
601 3526 762 3592 consulem
779 3523 917 3589 occisum
936 3523 1028 3588 condi
1046 3521 1117 3586 reli-

80 3620 291 3709 giosumt
229 3621 300 3686 fuit.

150 3714 271 3800 Quinto
292 3713 408 3793 Fabio,
435 3715 477 3780 L.
498 3715 643 3781 Cornelio
666 3713 848 3780 consulibus
870 3711 1023 3799 principio
1042 3709 1148 3776 annia

77 3811 191 3876 cufim
208 3833 260 3876 res
283 3809 489 3876 turbulentae.
525 3809 718 3896 instigabant
739 3807 864 3894 plebem
887 3807 1013 3872 tribuni
1050 3804 1116 3870 bel-

77 3890 176 3969 lum
167 3927 282 3993 mgens
299 3929 320 3970 a
332 3903 459 3971 Volscis
477 3915 509 3970 et
521 3905 643 3990 Aequis
657 3904 764 3969 Lat'
710 3915 767 3967 tm1
784 3927 803 3968 a
804 3913 878 3987 tque
891 3900 1023 3966 Hernici
1035 3921 1117 3961 nun·

77 3997 255 4065 fiebantx'
244 4024 310 4067 1am
338 3999 430 4066 Antii
450 3998 641 4066 Volscorum
665 3999 805 4086 legiones
832 4019 912 4064 esse.
957 4004 989 4060 et
1013 3993 1118 4078 ipsam

136 4119 189 4164 Lat
202 4119 245 4165 vol.
256 4119 275 4164 1.
912 4095 945 4148 l0
