2566 4524
320 229 862 307 11111111,11.13.[1.ο.115-14ο1
1065 227 1108 294 25

77 399 179 463 lacere
206 404 318 472 testes,
345 404 415 458 uter
435 394 522 479 prius
549 393 684 480 populus
710 417 761 458 res
787 404 963 480 repetentes
984 397 1106 485 legatos

77 499 260 577 aspernatus
279 488 446 565 dimiserit,
476 497 511 553 ut
532 488 566 552 in
588 510 660 552 eum
679 510 787 554 omnes
806 500 954 575 expetant
975 491 1107 558 huiusce

77 586 181 650 clades
202 583 296 649 belli?

85 713 88 716 ⁴
139 676 276 742 XXHI.
317 675 409 740 Haeo
434 676 580 743 nuntiant
605 677 735 741 domum
761 676 889 742 Albani.
931 689 961 743 et
987 679 1105 746 bellum
1126 705 1138 751 1

77 773 231 856 utrimque
254 794 379 837 summa
400 792 460 856 ope
481 771 663 856 parabatur,
690 771 775 837 civili
797 772 990 839 simillimum
1011 775 1105 856 belle,

77 890 171 954 prope
193 868 276 931 inter
295 875 441 952 parentes
463 876 630 950 natosque,
659 864 828 931 Troianam
850 879 1014 953 utramque
1035 895 1108 957 pro-

77 963 149 1040 lem,
173 983 248 1026 cum
265 960 437 1024 Lavinium
459 959 499 1024 ab
519 958 628 1038 Troia,
652 961 692 1026 ab
711 962 848 1027 Lavinio
866 962 965 1042 Alba,
989 964 1029 1030 ab
1047 965 1107 1031 Al-

77 1056 229 1121 banorum
252 1055 349 1139 stirpe
374 1076 485 1140 regum
512 1054 636 1119 oriundi
656 1054 793 1120 Romani
820 1067 933 1122 essent.
975 1072 1141 1130 eventuss

79 1159 178 1214 tamen
197 1147 273 1213 belli
292 1148 395 1212 minus
417 1146 629 1212 miserabilem
651 1149 882 1214 dimicationem
904 1151 994 1230 fecit,
1022 1156 1106 1237 quod

83 1266 133 1309 nec
150 1243 219 1309 acie
236 1251 388 1307 certatum
406 1252 455 1307 est
480 1252 511 1306 et
532 1243 621 1307 tectis
635 1244 729 1308 modo
743 1244 853 1308 dirutis
867 1245 994 1311 alterius
1015 1246 1102 1310 urbis

86 1337 137 1402 duo
153 1337 264 1424 populi
280 1337 315 1399 in
331 1358 429 1400 unum
447 1335 572 1401 confirsi
590 1347 672 1400 sunt.
708 1336 827 1402 Albani
845 1340 965 1424 priores
984 1341 1105 1427 ingenti
1123 1364 1138 1411 3

90 1433 214 1496 exercitu
235 1431 269 1494 in
291 1453 403 1517 agrum
420 1430 600 1495 Romanum
622 1432 774 1516 impetum
791 1432 904 1498 fecere.
941 1445 1044 1499 castra
1065 1434 1106 1500 ab

90 1527 151 1592 urbe
172 1527 260 1591 haud
282 1527 354 1612 plus
372 1526 511 1610 quinque
533 1526 619 1591 milia
640 1549 771 1612 passum
792 1527 909 1606 locant,
937 1529 1025 1595 fossa
1047 1529 1106 1594 cir-

91 1623 237 1685 cumdant:
260 1620 349 1685 fossa
368 1618 483 1685 Cluilia
505 1620 544 1685 ab
562 1621 688 1685 nomine
711 1621 800 1685 ducis
822 1644 879 1706 per
901 1622 1019 1707 aliquot
1038 1645 1107 1688 sae-

91 1717 146 1782 cula
163 1716 321 1802 appellata
339 1724 396 1792 est,
415 1715 515 1780 donec
533 1737 605 1781 cum
622 1738 657 1780 re
675 1737 790 1780 nomen
807 1738 932 1800 quoque
950 1727 1106 1782 vetustate

89 1809 221 1876 abolevit.
261 1811 295 1873 in
317 1810 366 1873 his
390 1810 500 1874 eastris
520 1807 669 1888 Cluilius,
697 1809 844 1875 Albanus
866 1833 936 1888 rex,
964 1811 1104 1889 moritur,
1123 1835 1141 1880 4

89 1904 257 1971 dictatorem
275 1903 395 1970 Albani
411 1903 561 1968 Mettium
577 1904 740 1969 Fufetium
757 1915 873 1970 creant.

140 2000 269 2065 interim
288 1998 400 2063 Tullus
418 1998 509 2063 ferox
526 1999 692 2085 praecipue
715 2009 815 2064 morte
836 2000 921 2087 regis
940 2023 1106 2088 magnum-

86 2114 137 2177 que
154 2096 285 2160 deorum
303 2117 428 2171 numen,
448 2094 572 2179 abipso
588 2096 688 2180 eapite
703 2118 820 2173 orsum,
838 2096 871 2159 in
884 2119 976 2162 omne
990 2119 1106 2162 nomen

83 2186 237 2254 Albanum
264 2189 474 2274 expetiturum
499 2210 618 2274 poenas
646 2188 686 2253 ob
713 2188 832 2253 bellum
857 2190 989 2276 impium
1016 2191 1106 2256 dioti-

83 2293 160 2363 tans,
186 2293 278 2348 nocte
296 2283 470 2368 praeteritis
488 2283 627 2348 hostium
649 2283 760 2347 castris
778 2283 895 2349 infesto
917 2286 1055 2350 exercitu
1072 2286 1106 2349 in

82 2401 185 2466 agrum
203 2377 367 2443 Albanum
389 2378 501 2464 pergit.
544 2401 581 2442 ea
602 2399 652 2443 res
676 2376 716 2442 ab
740 2378 861 2442 stativis
885 2380 1000 2443 excivit
987 2379 1140 2447 tMete

80 2473 162 2537 tium.
199 2473 286 2536 ducit
274 2484 398 2556 tquam
415 2495 568 2558 proxume
586 2473 627 2536 ad
643 2473 716 2536 host
704 2483 768 2536 tem
784 2481 839 2557 pot
840 2481 898 2536 est
876 2473 1002 2538 tinde
1019 2473 1106 2560 lega

80 2575 142 2631 tum
163 2566 373 2653 praemissum
395 2566 539 2631 nuntiare
563 2564 656 2632 Tullo
682 2565 782 2643 iubet,
810 2566 993 2677 priusquam
1015 2567 1106 2631 dimi-

79 2670 158 2740 cent,
187 2683 268 2748 opus
287 2682 357 2726 esse
375 2660 544 2746 colloqui03
572 2661 601 2726 si
618 2683 725 2726 secum
744 2683 932 2747 congressus
952 2662 1006 2739 sit,
1030 2661 1105 2727 satis

78 2756 154 2821 scire
174 2778 213 2820 ea
232 2777 267 2820 se
295 2755 477 2834 allaturum,
505 2777 586 2838 quae
603 2755 701 2821 nihilo
718 2756 823 2821 minus
842 2755 884 2820 ad
904 2779 972 2820 rem
989 2756 1107 2821 Roma-

77 2873 146 2914 nam
165 2872 262 2935 quam
280 2850 321 2915 ad
333 2848 493 2914 Albanam
509 2850 693 2935 pertineant.
724 2850 811 2915 haud
829 2860 1014 2937 aspernatus
1028 2849 1105 2916 Tul·
1124 2873 1141 2921 o

77 2943 133 3022 lus,
146 2944 274 3010 tametsi
291 2967 373 3012 vana
391 2943 506 3009 adferri
522 2942 658 3023 rebatur,
676 2945 709 3009 in
727 2945 827 3011 aciem
845 2946 958 3011 educit.
991 2955 1106 3011 exeunt

77 3048 184 3104 contra
202 3048 233 3102 et
249 3036 379 3103 Albani.

139 3133 314 3217 Postquam
333 3134 443 3199 structi
460 3133 616 3218 utrimque
639 3132 778 3211 stabant,
807 3156 879 3198 eum
901 3134 1010 3220 paucis
1033 3155 1106 3217 pro-

77 3250 182 3294 cerum
200 3228 234 3292 in
251 3228 390 3294 medium
407 3229 504 3294 duces
521 3228 686 3314 prodeunt.
716 3227 762 3294 ibi
779 3228 848 3293 infit
859 3226 1021 3292 Albanus:
1045 3227 1105 3290 ’111-
1124 3251 1138 3297 a

77 3324 169 3390 iunias
190 3334 221 3387 et
238 3345 302 3389 non
318 3323 457 3390 redditas
474 3347 540 3401 res,
564 3347 604 3389 ex
621 3324 748 3388 foedere
766 3345 847 3406 quae
864 3322 1014 3408 repetitae
1032 3322 1103 3399 sint,

77 3427 106 3484 et
122 3440 182 3506 ego
201 3441 309 3505 regem
326 3429 468 3484 nostrum
483 3418 634 3484 Cluilium
651 3440 780 3484 causam
797 3417 929 3482 huiusce
947 3438 1017 3482 esse
1031 3416 1106 3481 belli

77 3512 202 3578 audisse
220 3513 330 3577 videor
346 3535 404 3577 nec
422 3521 453 3577 te
471 3511 594 3590 dubito,
614 3512 720 3589 Tulle,
744 3512 854 3576 eadem
871 3533 947 3596 prae
964 3521 996 3575 te
1012 3510 1104 3576 ferre.

77 3607 173 3671 sed
147 3630 176 3672 sr
194 3629 270 3671 vera
273 3607 391 3717 potius
409 3629 504 3691 quam
522 3607 609 3671 dictu
613 3606 771 3716 speciosa
789 3606 922 3670 dicenda
940 3613 1026 3683 sunt,
1051 3627 1105 3670 eu-

77 3702 178 3812 pido
168 3701 295 3788 unperii
315 3703 395 3768 duos
418 3712 569 3790 cognatos
591 3701 773 3810 vicinosque
795 3700 929 3787 populos
952 3701 995 3765 ad
1018 3723 1105 3765 arma

77 3789 224 3862 stimulat.
260 3818 363 3880 neque
380 3807 463 3861 rece
481 3820 522 3860 an
539 3818 703 3882 perperam
720 3795 754 3860 in
754 3805 868 3881 tterpre
869 3817 913 3872 or,
856 3793 1027 3858 tfuerit
1043 3793 1104 3857 ista
1122 3816 1139 3863 8

77 3893 140 3957 eius
158 3890 354 3968 deliberatio,
373 3912 428 3975 qur
417 3890 563 3957 bellum
582 3889 729 3976 suscepit
761 3911 812 3954 me
829 3888 949 3954 Albani
965 3887 1104 3975 gerendo

77 3986 155 4056 tello
177 3989 293 4053 ducem
317 4009 470 4053 creavere.
510 3987 588 4053 illud
614 3997 659 4066 te,
687 3986 793 4064 Tulle,
821 3986 973 4050 monitum
995 3983 1104 4048 velim:
