2566 4524
142 220 206 288 346
430 228 548 284 LIBER
565 227 621 298 VI,
639 226 681 281 40.
701 230 776 297 [au.
786 243 812 282 c.
822 226 888 296 386]

109 409 124 460 2
142 391 216 457 inde
234 397 353 454 ceteros
367 395 492 473 patrum
504 384 679 464 defixisset,
697 382 761 471 Ap.
777 382 933 450 Claudius
948 382 1090 466 Crassus,
1104 409 1143 454 uo·

141 509 201 573 pos
223 482 405 559 decemviri,
433 480 546 546 dicitur
567 480 640 545 odio
662 479 765 566 magis
790 478 902 564 iraque
927 501 1025 564 quam
1048 478 1144 568 speal

144 577 391 645 dissuadendum
412 573 605 660 processisse
623 582 655 638 et
671 573 796 639 locutus
813 573 847 638 in
863 573 949 640 hanc
965 573 1032 642 sere
1048 585 1146 643 senua·

109 695 126 743 a
144 675 220 739 tiam
238 695 322 738 esse:
342 677 457 755 ‘neque
470 691 589 734 novum
602 690 705 753 neque
717 667 915 755 inopinatum
928 669 1008 735 mihi
1021 669 1071 750 sit,
1088 668 1147 754 Qui-

143 769 233 845 rites,
253 766 293 844 si,
313 765 397 850 quod
410 786 508 828 unum
521 763 659 828 familiae
671 771 797 828 nostrae
811 784 937 849 semper
951 764 1101 832 obiectum
1113 772 1148 833 ed

144 860 185 926 ab
204 860 360 926 seditiosis
379 857 525 937 tribunis,
544 857 579 922 id
595 878 679 923 nunc
697 879 758 943 ego
775 878 900 942 quoque
915 858 1056 938 audiam,
1072 857 1147 925 Clau·

145 955 215 1020 diae
232 954 320 1041 genti
337 953 400 1019 iam
417 952 490 1017 inde
509 951 549 1017 ab
566 951 655 1017 initio
671 951 750 1015 nihil
768 950 926 1036 antiquius
944 951 980 1017 in
996 950 1147 1039 republica

142 1060 268 1136 patrum
290 1047 453 1113 maiestate
471 1046 584 1125 fuisse,
609 1068 734 1132 semper
749 1044 851 1132 plebis
870 1047 1046 1112 commodis
1062 1047 1148 1112 adver-
1167 1054 1171 1061 '

110 1166 128 1211 4
145 1155 230 1210 satos
244 1166 324 1209 esse.
352 1165 485 1228 quorum
503 1141 636 1206 alterum
652 1162 755 1225 neque
771 1162 855 1227 nego
871 1161 977 1224 neque
994 1140 1101 1206 infitias
1114 1161 1148 1218 eo,

144 1262 216 1317 nos,
244 1261 285 1303 ex
307 1258 370 1322 quo
391 1235 503 1302 adsciti
526 1257 635 1301 sumus
658 1234 752 1300 simul
773 1234 806 1299 in
829 1233 989 1300 civitatem
1011 1245 1043 1301 et
1056 1242 1148 1321 patres,

145 1334 236 1399 enixe
258 1354 386 1419 operam
408 1329 548 1407 dedisse,
575 1338 610 1393 ut
631 1351 689 1414 per
704 1351 763 1394 nos
781 1337 875 1395 aucta
889 1329 998 1416 potius
1016 1351 1104 1415 quam
1117 1327 1150 1392 iu·

145 1429 265 1493 minuta
286 1427 435 1491 maiestas
454 1447 562 1490 earum
579 1423 736 1512 gentium,
758 1423 839 1489 inter
856 1446 935 1509 quas
953 1447 1015 1490 nos
1032 1446 1098 1490 esse
1110 1444 1150 1488 vo·

112 1522 262 1599 aluistis,
281 1521 344 1585 dici
360 1542 434 1584 vere
446 1529 563 1605 posset
598 1519 677 1584 illud
695 1518 827 1584 alterum
843 1541 901 1605 pro
919 1541 971 1584 me
989 1519 1152 1586 maioribus·

146 1638 207 1700 que
225 1614 304 1679 meis
322 1614 510 1679 contendere
528 1612 644 1692 ausim,
664 1610 817 1696 Quirites,
835 1612 912 1692 nisi,
932 1636 1015 1699 quae
1030 1637 1085 1701 pro
1100 1611 1151 1678 uni·

145 1732 238 1775 versa
258 1730 292 1773 re
314 1706 443 1794 publica
463 1707 554 1786 fiant,
578 1729 616 1772 ea
632 1707 718 1795 plebi
736 1716 896 1792 tamquam
913 1708 1011 1773 aliam
1026 1703 1150 1774 incolent'

145 1802 257 1869 urbem
270 1803 403 1868 adversa
416 1801 487 1886 quis
500 1809 603 1888 putet,
622 1799 700 1865 nihil
717 1823 775 1866 nos
794 1823 897 1887 neque
913 1801 1054 1888 privatos
1070 1819 1150 1885 nequo

145 1900 178 1963 in
196 1896 445 1985 magistratibus,
464 1896 550 1980 quod
566 1895 801 1967 incommodum
816 1894 903 1982 plebi
921 1905 1021 1976 esset,
1040 1896 1150 1962 scientes

144 1992 260 2057 fecisse
277 2013 336 2055 neo
353 1989 452 2053 ullum
470 1990 589 2054 factum
607 1990 765 2055 dictumve
782 2000 925 2056 nostrum
938 2000 1047 2059 contra
1059 1988 1152 2055 utilia

146 2096 210 2173 tem
223 2095 369 2161 vestram,
388 2083 448 2148 etsi
461 2085 615 2167 quaedam
630 2094 738 2149 contra
750 2083 944 2150 voluntatem
957 2084 1080 2163 fuerint,
1096 2101 1152 2148 vero

113 2203 127 2250 6
146 2179 255 2245 referri
276 2200 380 2264 posse.
417 2201 458 2242 an
479 2176 553 2256 hoo,
577 2178 605 2243 si
623 2177 776 2244 Claudiae
798 2178 936 2244 familiae
957 2200 1024 2244 non
1039 2179 1097 2246 sim
1110 2194 1152 2241 nce

146 2297 187 2339 ex
207 2272 338 2359 patricio
362 2272 515 2360 sanguine
538 2281 639 2352 ortus,
667 2273 829 2339 sedunus
852 2269 1013 2355 Quiritum
1035 2270 1152 2358 quilibet,

147 2368 202 2453 qui
223 2368 317 2433 modo
338 2389 389 2434 me
413 2365 536 2432 duobus
559 2367 705 2455 ingenuis
728 2375 831 2432 ortum
854 2376 885 2431 et
901 2367 1011 2432 vivere
1027 2367 1061 2431 in
1076 2365 1153 2430 libera

113 2462 271 2527 salvitate
294 2461 407 2540 sciam,
432 2461 562 2526 reticere
584 2461 719 2547 possim,
741 2461 784 2527 L.
806 2460 896 2527 illum
915 2458 1062 2527 Sextium
1083 2469 1111 2525 et
1126 2455 1154 2522 0.

146 2556 320 2635 Licinium,
343 2565 527 2642 perpetuos,
551 2555 579 2620 si
596 2555 656 2620 diis
674 2553 791 2640 placet,
814 2555 972 2633 tribunos,
995 2563 1113 2621 tantum
1129 2550 1156 2616 li·

146 2650 266 2715 sentiae
287 2672 401 2715 novem
424 2650 514 2714 annis
537 2649 651 2733 quibus
669 2658 802 2736 regnant
820 2649 1010 2735 sumpsisse,
1032 2658 1068 2714 ut
1083 2644 1156 2713 vobis

145 2753 262 2830 negent
282 2752 470 2829 potestatem
491 2743 623 2810 liberam
645 2743 789 2830 suffragii
809 2766 873 2809 non
889 2744 923 2808 in
941 2743 1089 2821 comitiis,
1108 2761 1159 2805 nou

112 2854 127 2903 s
146 2840 180 2903 in
196 2839 319 2925 legibus
332 2838 483 2929 iubendis
492 2861 526 2904 se
540 2839 747 2926 permissuros
762 2839 852 2905 esse?
870 2839 955 2904 “sub
969 2831 1158 2904 condicione”
1190 2840 1192 2853 '

145 2933 247 3016 inquit
270 2939 354 2999 “nos
376 2933 520 2999 reficietis
544 2935 701 3001 decimum
723 2934 894 3001 tribunos.''
928 2936 1007 3019 quid
1025 2945 1073 3001 est
1089 2929 1160 2999 aliud

147 3028 264 3092 dicere:
293 3029 403 3112 “quod
423 3037 535 3116 petunt
557 3028 623 3108 alii,
650 3053 709 3096 nos
732 3030 811 3095 adeo
833 3029 1028 3108 fastidimus,
1052 3038 1087 3093 ut
1107 3026 1161 3093 sine

113 3141 128 3188 9
146 3123 289 3188 mercede
312 3147 428 3210 magna
450 3146 515 3189 non
537 3124 769 3209 accipiamus?’'
796 3125 854 3189 sed
870 3145 952 3207 quae
971 3123 1098 3188 tandem
1112 3121 1162 3185 ista

146 3240 266 3283 merces
289 3227 352 3296 est,
380 3241 443 3302 qua
465 3241 522 3283 vos
546 3239 670 3303 semper
691 3217 833 3283 tribunos
856 3216 958 3305 plebis
984 3209 1162 3283 habeamus?

148 3318 202 3376 “ut
215 3313 395 3398 rogationes
400 3312 417 3341 ”
435 3311 537 3396 inquit
551 3317 705 3390 “nostras,
721 3335 777 3378 seu
790 3311 915 3399 placent
928 3333 987 3376 seu
1000 3310 1161 3398 displicent,

147 3426 205 3470 seu
221 3405 313 3470 utiles
333 3428 389 3472 seu
406 3405 532 3472 inutiles
552 3415 639 3485 sunt,
658 3429 767 3472 omnes
782 3405 973 3472 coniunctim
987 3398 1162 3491 accipiatis.”

97 3517 130 3564 10
149 3497 279 3564 obsecro
292 3521 359 3577 vos,
378 3499 543 3584 Tarquinii
556 3500 672 3566 tribuni
684 3500 795 3586 plebis,
813 3510 932 3586 putate,
952 3522 1005 3565 me
1019 3522 1062 3565 ex
1074 3495 1163 3563 media

147 3591 291 3658 contione
312 3616 411 3658 unum
433 3595 535 3660 civem
558 3594 750 3661 succlamare
773 3593 882 3661 “bona
902 3594 997 3660 venia
1018 3601 1120 3660 vestra
1133 3586 1163 3652 li·

147 3694 216 3752 ceat
235 3709 275 3751 ex
291 3686 342 3754 his
359 3689 575 3776 rogationibus
593 3690 712 3776 legere,
736 3711 815 3774 quas
833 3687 976 3754 salubres
993 3686 1086 3754 nobis
1103 3704 1162 3750 ceu·

98 3799 129 3846 11
149 3805 254 3848 semus
269 3805 353 3863 esse,
372 3786 534 3871 antiquare
548 3785 653 3851 alias.’'
681 3785 789 3851 “non''
806 3785 909 3869 inquit
923 3782 1064 3849 “licebit
1090 3776 1162 3846 tude

147 3875 274 3943 faenore
288 3888 381 3963 atque
396 3880 490 3968 agris,
506 3881 591 3965 quod
605 3879 645 3944 ad
659 3902 716 3945 vos
730 3902 839 3946 omnes
852 3878 997 3966 pertinet,
1010 3875 1125 3951 iubeas,
1137 3877 1162 3935 et

147 3968 207 4036 hoc
223 3973 359 4058 portenti
375 3997 440 4039 non
456 3973 511 4041 fiat
528 3974 562 4039 in
578 3972 656 4040 urbe
669 3974 827 4053 Romana,
846 3973 893 4038 uti
905 3974 947 4039 L.
965 3969 1108 4038 Sextium
1123 3971 1160 4030 at·
