<?xml version="1.0" encoding="UTF-8"?>
<!DOCTYPE html PUBLIC "-//W3C//DTD XHTML 1.0 Transitional//EN"
    "http://www.w3.org/TR/xhtml1/DTD/xhtml1-transitional.dtd">
<html xmlns="http://www.w3.org/1999/xhtml" xml:lang="en" lang="en">
 <head>
  <title>
</title>
<meta http-equiv="Content-Type" content="text/html;charset=utf-8" />
  <meta name='ocr-system' content='tesseract 3.04.00' />
  <meta name='ocr-capabilities' content='ocr_page ocr_carea ocr_par ocr_line ocrx_word'/>
</head>
<body>
  <div class='ocr_page' id='page_1' title='image "./titiliviaburbec01weisgoog_0146.png"; bbox 0 0 2566 4524; ppageno 0'>
   <div class='ocr_carea' id='block_1_1' title="bbox 306 212 1091 293">
    <p class='ocr_par' dir='ltr' id='par_1_1' title="bbox 306 212 1091 293">
     <span class='ocr_line' id='line_1_1' title="bbox 306 212 1091 293; baseline 0.005 -18"><span class='ocrx_word' id='word_1_1' title='bbox 306 219 423 276; x_wconf 74' lang='lat' dir='ltr'>LIBER</span> <span class='ocrx_word' id='word_1_2' title='bbox 440 220 469 291; x_wconf 85' lang='lat'>1,</span> <span class='ocrx_word' id='word_1_3' title='bbox 485 220 528 275; x_wconf 79' lang='lat' dir='ltr'>as.</span> <span class='ocrx_word' id='word_1_4' title='bbox 540 220 582 279; x_wconf 75' lang='lat'>57.</span> <span class='ocrx_word' id='word_1_5' title='bbox 601 223 640 290; x_wconf 78' lang='lat' dir='ltr'>[a.</span> <span class='ocrx_word' id='word_1_6' title='bbox 650 219 682 276; x_wconf 83' lang='lat' dir='ltr'>c.</span> <span class='ocrx_word' id='word_1_7' title='bbox 691 219 840 293; x_wconf 76' lang='lat'>534-5101</span> <span class='ocrx_word' id='word_1_8' title='bbox 1047 212 1091 280; x_wconf 83' lang='grc'>59</span> 
     </span>
    </p>
   </div>
   <div class='ocr_carea' id='block_1_2' title="bbox 77 379 1142 4043">
    <p class='ocr_par' dir='ltr' id='par_1_2' title="bbox 77 379 1142 1216">
     <span class='ocr_line' id='line_1_2' title="bbox 77 379 1091 464; baseline 0.002 -17"><span class='ocrx_word' id='word_1_9' title='bbox 77 382 118 460; x_wconf 80' lang='lat' dir='ltr'>it,</span> <span class='ocrx_word' id='word_1_10' title='bbox 138 380 194 464; x_wconf 91' lang='lat' dir='ltr'>qui</span> <span class='ocrx_word' id='word_1_11' title='bbox 206 387 348 444; x_wconf 80' lang='lat' dir='ltr'>vestrum</span> <span class='ocrx_word' id='word_1_12' title='bbox 359 379 494 464; x_wconf 86' lang='lat' dir='ltr'>primus,</span> <span class='ocrx_word' id='word_1_13' title='bbox 513 379 688 457; x_wconf 85' lang='lat' dir='ltr'>oiuvenes,</span> <span class='ocrx_word' id='word_1_14' title='bbox 708 380 851 444; x_wconf 93' lang='lat' dir='ltr'>osculum</span> <span class='ocrx_word' id='word_1_15' title='bbox 862 381 955 447; x_wconf 82' lang='lat' dir='ltr'>mab-i</span> <span class='ocrx_word' id='word_1_16' title='bbox 967 381 1091 450; x_wconf 68' lang='lat' dir='ltr'>tulerit?</span> 
     </span>
     <span class='ocr_line' id='line_1_3' title="bbox 77 470 1141 564; baseline 0.003 -24"><span class='ocrx_word' id='word_1_17' title='bbox 77 473 254 558; x_wconf 65' lang='lat' dir='ltr'>Jarquinius</span> <span class='ocrx_word' id='word_1_18' title='bbox 273 470 405 551; x_wconf 80' lang='lat' dir='ltr'><strong>Sextus,</strong></span> <span class='ocrx_word' id='word_1_19' title='bbox 424 472 480 556; x_wconf 90' lang='lat' dir='ltr'>qui</span> <span class='ocrx_word' id='word_1_20' title='bbox 491 471 612 537; x_wconf 87' lang='lat' dir='ltr'>Romae</span> <span class='ocrx_word' id='word_1_21' title='bbox 629 473 756 538; x_wconf 89' lang='lat' dir='ltr'>relictus</span> <span class='ocrx_word' id='word_1_22' title='bbox 773 473 890 553; x_wconf 84' lang='lat' dir='ltr'>fuerat,</span> <span class='ocrx_word' id='word_1_23' title='bbox 909 486 945 540; x_wconf 91' lang='lat' dir='ltr'>ut</span> <span class='ocrx_word' id='word_1_24' title='bbox 961 476 1090 564; x_wconf 75' lang='lat' dir='ltr'>ignarus</span> <span class='ocrx_word' id='word_1_25' title='bbox 1109 500 1141 548; x_wconf 91' lang='lat'>11</span> 
     </span>
     <span class='ocr_line' id='line_1_4' title="bbox 77 567 1092 656; baseline 0.002 -21"><span class='ocrx_word' id='word_1_26' title='bbox 77 568 204 655; x_wconf 90' lang='lat' dir='ltr'>esponsi</span> <span class='ocrx_word' id='word_1_27' title='bbox 222 588 398 653; x_wconf 82' lang='lat' dir='ltr'>expersque</span> <span class='ocrx_word' id='word_1_28' title='bbox 415 567 538 652; x_wconf 90' lang='lat' dir='ltr'>imperii</span> <span class='ocrx_word' id='word_1_29' title='bbox 559 577 656 645; x_wconf 81' lang='lat' dir='ltr'>esset,</span> <span class='ocrx_word' id='word_1_30' title='bbox 683 589 750 632; x_wconf 92' lang='lat' dir='ltr'>rem</span> <span class='ocrx_word' id='word_1_31' title='bbox 773 591 897 634; x_wconf 89' lang='lat' dir='ltr'>summa</span> <span class='ocrx_word' id='word_1_32' title='bbox 918 592 978 656; x_wconf 90' lang='lat' dir='ltr'>ope</span> <span class='ocrx_word' id='word_1_33' title='bbox 995 573 1092 638; x_wconf 87' lang='lat' dir='ltr'>taceri</span> 
     </span>
     <span class='ocr_line' id='line_1_5' title="bbox 77 661 1089 748; baseline 0.003 -20"><span class='ocrx_word' id='word_1_34' title='bbox 77 663 182 741; x_wconf 76' lang='lat' dir='ltr'>ibent,</span> <span class='ocrx_word' id='word_1_35' title='bbox 209 662 273 748; x_wconf 91' lang='lat' dir='ltr'>ipsi</span> <span class='ocrx_word' id='word_1_36' title='bbox 299 662 379 726; x_wconf 90' lang='lat' dir='ltr'>inter</span> <span class='ocrx_word' id='word_1_37' title='bbox 401 683 449 738; x_wconf 92' lang='lat' dir='ltr'>se,</span> <span class='ocrx_word' id='word_1_38' title='bbox 477 670 547 725; x_wconf 88' lang='lat' dir='ltr'>uten</span> <span class='ocrx_word' id='word_1_39' title='bbox 560 661 664 746; x_wconf 90' lang='lat' dir='ltr'>prior,</span> <span class='ocrx_word' id='word_1_40' title='bbox 692 684 764 726; x_wconf 88' lang='lat' dir='ltr'>cum</span> <span class='ocrx_word' id='word_1_41' title='bbox 785 662 922 728; x_wconf 81' lang='lat' dir='ltr'><strong>Romam</strong></span> <span class='ocrx_word' id='word_1_42' title='bbox 947 665 1089 745; x_wconf 76' lang='lat' dir='ltr'>redisset,</span> 
     </span>
     <span class='ocr_line' id='line_1_6' title="bbox 77 755 1141 841; baseline 0.006 -19"><span class='ocrx_word' id='word_1_43' title='bbox 77 757 151 822; x_wconf 74' lang='lat' dir='ltr'>ratri</span> <span class='ocrx_word' id='word_1_44' title='bbox 168 757 316 822; x_wconf 86' lang='lat' dir='ltr'>osculum</span> <span class='ocrx_word' id='word_1_45' title='bbox 333 757 434 832; x_wconf 82' lang='lat' dir='ltr'>daret,</span> <span class='ocrx_word' id='word_1_46' title='bbox 459 755 534 819; x_wconf 92' lang='lat' dir='ltr'>sorti</span> <span class='ocrx_word' id='word_1_47' title='bbox 550 755 742 841; x_wconf 88' lang='lat' dir='ltr'>permittunt.</span> <span class='ocrx_word' id='word_1_48' title='bbox 787 756 906 822; x_wconf 88' lang='lat' dir='ltr'>Brutus</span> <span class='ocrx_word' id='word_1_49' title='bbox 925 758 985 823; x_wconf 90' lang='lat' dir='ltr'>alio</span> <span class='ocrx_word' id='word_1_50' title='bbox 1002 770 1089 826; x_wconf 89' lang='lat' dir='ltr'>ratus</span> <span class='ocrx_word' id='word_1_51' title='bbox 1109 781 1141 829; x_wconf 79' lang='lat' dir='ltr'>la</span> 
     </span>
     <span class='ocr_line' id='line_1_7' title="bbox 77 849 1089 938; baseline 0.003 -22"><span class='ocrx_word' id='word_1_52' title='bbox 77 861 203 938; x_wconf 87' lang='lat' dir='ltr'>pectare</span> <span class='ocrx_word' id='word_1_53' title='bbox 224 850 392 935; x_wconf 77' lang='lat' dir='ltr'><strong>Pythicam</strong></span> <span class='ocrx_word' id='word_1_54' title='bbox 414 871 539 927; x_wconf 86' lang='lat' dir='ltr'>vocem,</span> <span class='ocrx_word' id='word_1_55' title='bbox 566 849 653 914; x_wconf 87' lang='lat' dir='ltr'>velut</span> <span class='ocrx_word' id='word_1_56' title='bbox 673 850 701 914; x_wconf 88' lang='lat' dir='ltr'>si</span> <span class='ocrx_word' id='word_1_57' title='bbox 722 850 888 937; x_wconf 90' lang='lat' dir='ltr'>prolapsus</span> <span class='ocrx_word' id='word_1_58' title='bbox 914 853 1089 933; x_wconf 81' lang='lat' dir='ltr'>cecidisset,</span> 
     </span>
     <span class='ocr_line' id='line_1_8' title="bbox 77 942 1091 1029; baseline 0.002 -19"><span class='ocrx_word' id='word_1_59' title='bbox 77 969 174 1010; x_wconf 73' lang='lat' dir='ltr'>arram</span> <span class='ocrx_word' id='word_1_60' title='bbox 197 944 306 1010; x_wconf 91' lang='lat' dir='ltr'>osculo</span> <span class='ocrx_word' id='word_1_61' title='bbox 328 943 477 1029; x_wconf 82' lang='lat' dir='ltr'>contigit,</span> <span class='ocrx_word' id='word_1_62' title='bbox 501 942 620 1007; x_wconf 89' lang='lat' dir='ltr'>scilicet</span> <span class='ocrx_word' id='word_1_63' title='bbox 641 945 726 1026; x_wconf 88' lang='lat' dir='ltr'>quod</span> <span class='ocrx_word' id='word_1_64' title='bbox 744 966 781 1008; x_wconf 92' lang='lat' dir='ltr'>ea</span> <span class='ocrx_word' id='word_1_65' title='bbox 799 946 973 1010; x_wconf 91' lang='lat' dir='ltr'>communis</span> <span class='ocrx_word' id='word_1_66' title='bbox 991 957 1091 1013; x_wconf 90' lang='lat' dir='ltr'>mater</span> 
     </span>
     <span class='ocr_line' id='line_1_9' title="bbox 77 1036 1142 1116; baseline 0.002 -13"><span class='ocrx_word' id='word_1_67' title='bbox 77 1040 200 1103; x_wconf 89' lang='lat' dir='ltr'>mnium</span> <span class='ocrx_word' id='word_1_68' title='bbox 218 1038 396 1102; x_wconf 81' lang='lat' dir='ltr'><strong>mortalium</strong></span> <span class='ocrx_word' id='word_1_69' title='bbox 418 1045 510 1101; x_wconf 89' lang='lat' dir='ltr'>esset.</span> <span class='ocrx_word' id='word_1_70' title='bbox 545 1036 680 1100; x_wconf 91' lang='lat' dir='ltr'>reditum</span> <span class='ocrx_word' id='word_1_71' title='bbox 701 1037 775 1100; x_wconf 91' lang='lat' dir='ltr'>inde</span> <span class='ocrx_word' id='word_1_72' title='bbox 792 1036 941 1116; x_wconf 83' lang='lat' dir='ltr'><strong>Romam,</strong></span> <span class='ocrx_word' id='word_1_73' title='bbox 963 1039 1142 1113; x_wconf 81' lang='lat' dir='ltr'>ubiad-13</span> 
     </span>
     <span class='ocr_line' id='line_1_10' title="bbox 77 1130 846 1216; baseline -0.004 -17"><span class='ocrx_word' id='word_1_74' title='bbox 77 1157 168 1199; x_wconf 88' lang='lat' dir='ltr'>ersus</span> <span class='ocrx_word' id='word_1_75' title='bbox 188 1133 325 1199; x_wconf 87' lang='lat' dir='ltr'>Rutulos</span> <span class='ocrx_word' id='word_1_76' title='bbox 344 1132 461 1197; x_wconf 91' lang='lat' dir='ltr'>bellum</span> <span class='ocrx_word' id='word_1_77' title='bbox 479 1155 602 1197; x_wconf 90' lang='lat' dir='ltr'>summa</span> <span class='ocrx_word' id='word_1_78' title='bbox 619 1132 652 1194; x_wconf 88' lang='lat' dir='ltr'>vi</span> <span class='ocrx_word' id='word_1_79' title='bbox 669 1130 846 1216; x_wconf 87' lang='lat' dir='ltr'>parabatur.</span> 
     </span>
    </p>

    <p class='ocr_par' dir='ltr' id='par_1_3' title="bbox 77 1224 1125 2443">
     <span class='ocr_line' id='line_1_11' title="bbox 121 1224 1123 1311; baseline -0.002 -19"><span class='ocrx_word' id='word_1_80' title='bbox 121 1227 233 1293; x_wconf 84' lang='lat' dir='ltr'>LVlI.</span> <span class='ocrx_word' id='word_1_81' title='bbox 269 1225 411 1291; x_wconf 87' lang='lat' dir='ltr'>Ardeam</span> <span class='ocrx_word' id='word_1_82' title='bbox 428 1225 538 1290; x_wconf 88' lang='lat' dir='ltr'>Rutuli</span> <span class='ocrx_word' id='word_1_83' title='bbox 559 1224 730 1303; x_wconf 90' lang='lat' dir='ltr'>habebant,</span> <span class='ocrx_word' id='word_1_84' title='bbox 756 1247 850 1311; x_wconf 85' lang='lat' dir='ltr'>gens,</span> <span class='ocrx_word' id='word_1_85' title='bbox 877 1236 914 1290; x_wconf 89' lang='lat' dir='ltr'>ut</span> <span class='ocrx_word' id='word_1_86' title='bbox 936 1226 970 1290; x_wconf 90' lang='lat' dir='ltr'>in</span> <span class='ocrx_word' id='word_1_87' title='bbox 988 1248 1025 1291; x_wconf 91' lang='lat' dir='ltr'>ea</span> <span class='ocrx_word' id='word_1_88' title='bbox 1042 1247 1123 1300; x_wconf 85' lang='lat' dir='ltr'>re-1</span> 
     </span>
     <span class='ocr_line' id='line_1_12' title="bbox 77 1320 1091 1410; baseline -0.003 -23"><span class='ocrx_word' id='word_1_89' title='bbox 77 1324 154 1410; x_wconf 75' lang='lat' dir='ltr'>gione</span> <span class='ocrx_word' id='word_1_90' title='bbox 171 1332 269 1405; x_wconf 89' lang='lat' dir='ltr'>atque</span> <span class='ocrx_word' id='word_1_91' title='bbox 285 1322 320 1385; x_wconf 87' lang='lat' dir='ltr'>in</span> <span class='ocrx_word' id='word_1_92' title='bbox 337 1344 375 1386; x_wconf 92' lang='lat' dir='ltr'>ea</span> <span class='ocrx_word' id='word_1_93' title='bbox 392 1330 506 1398; x_wconf 89' lang='lat' dir='ltr'>aetate,</span> <span class='ocrx_word' id='word_1_94' title='bbox 526 1320 642 1384; x_wconf 88' lang='lat' dir='ltr'>divitiis</span> <span class='ocrx_word' id='word_1_95' title='bbox 659 1320 866 1406; x_wconf 88' lang='lat' dir='ltr'>praepollens.</span> <span class='ocrx_word' id='word_1_96' title='bbox 904 1341 1002 1403; x_wconf 91' lang='lat' dir='ltr'>eaque</span> <span class='ocrx_word' id='word_1_97' title='bbox 1020 1321 1091 1405; x_wconf 88' lang='lat' dir='ltr'>ipsa</span> 
     </span>
     <span class='ocr_line' id='line_1_13' title="bbox 77 1413 1091 1499; baseline -0.004 -18"><span class='ocrx_word' id='word_1_98' title='bbox 77 1440 158 1482; x_wconf 80' lang='lat' dir='ltr'>:ausa</span> <span class='ocrx_word' id='word_1_99' title='bbox 178 1416 254 1481; x_wconf 92' lang='lat' dir='ltr'>belli</span> <span class='ocrx_word' id='word_1_100' title='bbox 275 1415 349 1493; x_wconf 88' lang='lat' dir='ltr'>fuit,</span> <span class='ocrx_word' id='word_1_101' title='bbox 376 1415 462 1499; x_wconf 90' lang='lat' dir='ltr'>quod</span> <span class='ocrx_word' id='word_1_102' title='bbox 482 1436 539 1479; x_wconf 86' lang='lat' dir='ltr'>rex</span> <span class='ocrx_word' id='word_1_103' title='bbox 555 1413 718 1478; x_wconf 89' lang='lat' dir='ltr'>Romanus</span> <span class='ocrx_word' id='word_1_104' title='bbox 740 1436 813 1478; x_wconf 88' lang='lat' dir='ltr'>cum</span> <span class='ocrx_word' id='word_1_105' title='bbox 835 1415 903 1498; x_wconf 87' lang='lat' dir='ltr'>ipse</span> <span class='ocrx_word' id='word_1_106' title='bbox 927 1414 1018 1478; x_wconf 85' lang='lat' dir='ltr'>ditari</span> <span class='ocrx_word' id='word_1_107' title='bbox 1036 1437 1091 1478; x_wconf 87' lang='lat' dir='ltr'>ex-</span> 
     </span>
     <span class='ocr_line' id='line_1_14' title="bbox 77 1509 1090 1596; baseline 0 -22"><span class='ocrx_word' id='word_1_108' title='bbox 77 1522 191 1576; x_wconf 86' lang='lat' dir='ltr'>naustus</span> <span class='ocrx_word' id='word_1_109' title='bbox 218 1511 452 1596; x_wconf 87' lang='lat' dir='ltr'>magnificentia</span> <span class='ocrx_word' id='word_1_110' title='bbox 476 1509 674 1596; x_wconf 90' lang='lat' dir='ltr'>publicorum</span> <span class='ocrx_word' id='word_1_111' title='bbox 699 1531 843 1594; x_wconf 85' lang='lat' dir='ltr'>operum,</span> <span class='ocrx_word' id='word_1_112' title='bbox 879 1519 946 1574; x_wconf 93' lang='lat' dir='ltr'>tum</span> <span class='ocrx_word' id='word_1_113' title='bbox 973 1510 1090 1594; x_wconf 89' lang='lat' dir='ltr'>praeda</span> 
     </span>
     <span class='ocr_line' id='line_1_15' title="bbox 77 1602 1123 1690; baseline 0 -22"><span class='ocrx_word' id='word_1_114' title='bbox 77 1605 197 1669; x_wconf 77' lang='lat' dir='ltr'>delenire</span> <span class='ocrx_word' id='word_1_115' title='bbox 210 1604 410 1690; x_wconf 89' lang='lat' dir='ltr'>popularium</span> <span class='ocrx_word' id='word_1_116' title='bbox 424 1603 545 1668; x_wconf 89' lang='lat' dir='ltr'>animos</span> <span class='ocrx_word' id='word_1_117' title='bbox 560 1602 719 1681; x_wconf 86' lang='lat' dir='ltr'>studebat,</span> <span class='ocrx_word' id='word_1_118' title='bbox 737 1614 861 1688; x_wconf 90' lang='lat' dir='ltr'>praeter</span> <span class='ocrx_word' id='word_1_119' title='bbox 874 1603 968 1668; x_wconf 88' lang='lat' dir='ltr'>aliam</span> <span class='ocrx_word' id='word_1_120' title='bbox 982 1626 1091 1690; x_wconf 90' lang='lat' dir='ltr'>super·</span> <span class='ocrx_word' id='word_1_121' title='bbox 1108 1629 1123 1677; x_wconf 83' lang='lat'><strong>2</strong></span> 
     </span>
     <span class='ocr_line' id='line_1_16' title="bbox 77 1695 1090 1784; baseline 0 -22"><span class='ocrx_word' id='word_1_122' title='bbox 77 1695 143 1763; x_wconf 84' lang='lat' dir='ltr'>biam</span> <span class='ocrx_word' id='word_1_123' title='bbox 160 1721 261 1784; x_wconf 86' lang='lat' dir='ltr'>regno</span> <span class='ocrx_word' id='word_1_124' title='bbox 278 1697 411 1762; x_wconf 82' lang='lat' dir='ltr'>infestos</span> <span class='ocrx_word' id='word_1_125' title='bbox 425 1697 533 1774; x_wconf 90' lang='lat' dir='ltr'>etiam,</span> <span class='ocrx_word' id='word_1_126' title='bbox 552 1697 637 1781; x_wconf 93' lang='lat' dir='ltr'>quod</span> <span class='ocrx_word' id='word_1_127' title='bbox 651 1720 686 1761; x_wconf 92' lang='lat' dir='ltr'>se</span> <span class='ocrx_word' id='word_1_128' title='bbox 699 1697 731 1760; x_wconf 94' lang='lat' dir='ltr'>in</span> <span class='ocrx_word' id='word_1_129' title='bbox 744 1697 905 1762; x_wconf 87' lang='lat' dir='ltr'>fabrorum</span> <span class='ocrx_word' id='word_1_130' title='bbox 919 1699 1090 1762; x_wconf 82' lang='lat' dir='ltr'>ministerio</span> 
     </span>
     <span class='ocr_line' id='line_1_17' title="bbox 77 1791 1089 1878; baseline -0.003 -20"><span class='ocrx_word' id='word_1_131' title='bbox 77 1813 102 1857; x_wconf 78' lang='lat' dir='ltr'>ae</span> <span class='ocrx_word' id='word_1_132' title='bbox 121 1792 227 1858; x_wconf 89' lang='lat' dir='ltr'>servili</span> <span class='ocrx_word' id='word_1_133' title='bbox 248 1803 314 1857; x_wconf 87' lang='lat' dir='ltr'>tam</span> <span class='ocrx_word' id='word_1_134' title='bbox 335 1792 390 1855; x_wconf 94' lang='lat' dir='ltr'>diu</span> <span class='ocrx_word' id='word_1_135' title='bbox 410 1791 535 1857; x_wconf 87' lang='lat' dir='ltr'>habitos</span> <span class='ocrx_word' id='word_1_136' title='bbox 557 1813 653 1876; x_wconf 88' lang='lat' dir='ltr'>opere</span> <span class='ocrx_word' id='word_1_137' title='bbox 674 1791 714 1856; x_wconf 92' lang='lat' dir='ltr'>ab</span> <span class='ocrx_word' id='word_1_138' title='bbox 735 1813 810 1878; x_wconf 85' lang='lat' dir='ltr'>rege</span> <span class='ocrx_word' id='word_1_139' title='bbox 836 1791 1089 1877; x_wconf 84' lang='lat' dir='ltr'>indignabantur.</span> 
     </span>
     <span class='ocr_line' id='line_1_18' title="bbox 77 1884 1124 1972; baseline 0.001 -24"><span class='ocrx_word' id='word_1_140' title='bbox 77 1893 213 1972; x_wconf 84' lang='lat' dir='ltr'>temptata</span> <span class='ocrx_word' id='word_1_141' title='bbox 224 1908 276 1951; x_wconf 89' lang='lat' dir='ltr'>res</span> <span class='ocrx_word' id='word_1_142' title='bbox 290 1895 348 1963; x_wconf 88' lang='lat' dir='ltr'>est,</span> <span class='ocrx_word' id='word_1_143' title='bbox 368 1886 395 1950; x_wconf 91' lang='lat' dir='ltr'>si</span> <span class='ocrx_word' id='word_1_144' title='bbox 407 1885 508 1970; x_wconf 89' lang='lat' dir='ltr'>primo</span> <span class='ocrx_word' id='word_1_145' title='bbox 521 1885 641 1970; x_wconf 90' lang='lat' dir='ltr'>impetu</span> <span class='ocrx_word' id='word_1_146' title='bbox 654 1885 724 1970; x_wconf 91' lang='lat' dir='ltr'>capi</span> <span class='ocrx_word' id='word_1_147' title='bbox 733 1884 841 1949; x_wconf 85' lang='lat' dir='ltr'>Ardea</span> <span class='ocrx_word' id='word_1_148' title='bbox 848 1897 965 1969; x_wconf 88' lang='lat' dir='ltr'>posset.</span> <span class='ocrx_word' id='word_1_149' title='bbox 988 1884 1044 1949; x_wconf 92' lang='lat' dir='ltr'>ubi</span> <span class='ocrx_word' id='word_1_150' title='bbox 1056 1886 1090 1950; x_wconf 88' lang='lat' dir='ltr'>id</span> <span class='ocrx_word' id='word_1_151' title='bbox 1108 1911 1124 1958; x_wconf 80' lang='lat'><strong>3</strong></span> 
     </span>
     <span class='ocr_line' id='line_1_19' title="bbox 77 1979 1092 2067; baseline -0.002 -21"><span class='ocrx_word' id='word_1_152' title='bbox 77 2001 171 2064; x_wconf 80' lang='lat' dir='ltr'>panim</span> <span class='ocrx_word' id='word_1_153' title='bbox 187 1981 356 2067; x_wconf 89' lang='lat' dir='ltr'>processit,</span> <span class='ocrx_word' id='word_1_154' title='bbox 380 1979 543 2045; x_wconf 89' lang='lat' dir='ltr'>obsidione</span> <span class='ocrx_word' id='word_1_155' title='bbox 560 1980 848 2063; x_wconf 90' lang='lat' dir='ltr'>munitionibusque</span> <span class='ocrx_word' id='word_1_156' title='bbox 866 1980 969 2064; x_wconf 88' lang='lat' dir='ltr'>coepti</span> <span class='ocrx_word' id='word_1_157' title='bbox 990 1980 1092 2064; x_wconf 91' lang='lat' dir='ltr'>premi</span> 
     </span>
     <span class='ocr_line' id='line_1_20' title="bbox 77 2073 1125 2161; baseline 0.002 -24"><span class='ocrx_word' id='word_1_158' title='bbox 77 2073 178 2139; x_wconf 87' lang='lat' dir='ltr'>hostes.</span> <span class='ocrx_word' id='word_1_159' title='bbox 212 2076 245 2139; x_wconf 92' lang='lat' dir='ltr'>in</span> <span class='ocrx_word' id='word_1_160' title='bbox 269 2075 405 2151; x_wconf 89' lang='lat' dir='ltr'>stativis,</span> <span class='ocrx_word' id='word_1_161' title='bbox 432 2084 467 2138; x_wconf 92' lang='lat' dir='ltr'>ut</span> <span class='ocrx_word' id='word_1_162' title='bbox 488 2075 523 2138; x_wconf 91' lang='lat' dir='ltr'>fit</span> <span class='ocrx_word' id='word_1_163' title='bbox 544 2075 639 2161; x_wconf 83' lang='lat' dir='ltr'>longo</span> <span class='ocrx_word' id='word_1_164' title='bbox 661 2075 763 2161; x_wconf 84' lang='lat' dir='ltr'>magis</span> <span class='ocrx_word' id='word_1_165' title='bbox 786 2097 880 2157; x_wconf 89' lang='lat' dir='ltr'>quam</span> <span class='ocrx_word' id='word_1_166' title='bbox 906 2074 971 2138; x_wconf 87' lang='lat' dir='ltr'>acri</span> <span class='ocrx_word' id='word_1_167' title='bbox 996 2073 1089 2152; x_wconf 91' lang='lat' dir='ltr'>bello,</span> <span class='ocrx_word' id='word_1_168' title='bbox 1108 2100 1125 2146; x_wconf 85' lang='lat'>4</span> 
     </span>
     <span class='ocr_line' id='line_1_21' title="bbox 77 2168 1088 2256; baseline 0.001 -24"><span class='ocrx_word' id='word_1_169' title='bbox 77 2169 143 2233; x_wconf 88' lang='lat' dir='ltr'>satis</span> <span class='ocrx_word' id='word_1_170' title='bbox 165 2169 254 2234; x_wconf 90' lang='lat' dir='ltr'>liberi</span> <span class='ocrx_word' id='word_1_171' title='bbox 281 2177 473 2234; x_wconf 87' lang='lat' dir='ltr'>commeatus</span> <span class='ocrx_word' id='word_1_172' title='bbox 501 2178 603 2246; x_wconf 89' lang='lat' dir='ltr'>erant,</span> <span class='ocrx_word' id='word_1_173' title='bbox 636 2168 824 2255; x_wconf 86' lang='lat' dir='ltr'>primoribus</span> <span class='ocrx_word' id='word_1_174' title='bbox 856 2179 961 2233; x_wconf 87' lang='lat' dir='ltr'>tamen</span> <span class='ocrx_word' id='word_1_175' title='bbox 986 2169 1088 2256; x_wconf 82' lang='lat' dir='ltr'>magis</span> 
     </span>
     <span class='ocr_line' id='line_1_22' title="bbox 77 2264 1122 2352; baseline 0.006 -24"><span class='ocrx_word' id='word_1_176' title='bbox 77 2285 156 2347; x_wconf 75' lang='lat' dir='ltr'>quam</span> <span class='ocrx_word' id='word_1_177' title='bbox 181 2264 350 2344; x_wconf 84' lang='lat' dir='ltr'>militibus3</span> <span class='ocrx_word' id='word_1_178' title='bbox 383 2266 464 2352; x_wconf 87' lang='lat' dir='ltr'>regii</span> <span class='ocrx_word' id='word_1_179' title='bbox 493 2266 621 2351; x_wconf 89' lang='lat' dir='ltr'>quidem</span> <span class='ocrx_word' id='word_1_180' title='bbox 650 2266 779 2330; x_wconf 82' lang='lat' dir='ltr'>iuvenes</span> <span class='ocrx_word' id='word_1_181' title='bbox 805 2267 962 2331; x_wconf 87' lang='lat' dir='ltr'>interdum</span> <span class='ocrx_word' id='word_1_182' title='bbox 989 2268 1122 2335; x_wconf 85' lang='lat' dir='ltr'>otium5</span> 
     </span>
     <span class='ocr_line' id='line_1_23' title="bbox 77 2358 867 2443; baseline 0.001 -20"><span class='ocrx_word' id='word_1_183' title='bbox 77 2360 211 2424; x_wconf 79' lang='lat' dir='ltr'>onviviis</span> <span class='ocrx_word' id='word_1_184' title='bbox 231 2359 549 2443; x_wconf 83' lang='lat' dir='ltr'>comisationibusque</span> <span class='ocrx_word' id='word_1_185' title='bbox 566 2360 647 2423; x_wconf 88' lang='lat' dir='ltr'>inter</span> <span class='ocrx_word' id='word_1_186' title='bbox 664 2381 698 2424; x_wconf 88' lang='lat' dir='ltr'>se</span> <span class='ocrx_word' id='word_1_187' title='bbox 717 2358 867 2424; x_wconf 88' lang='lat' dir='ltr'>terebant.</span> 
     </span>
    </p>

    <p class='ocr_par' dir='ltr' id='par_1_4' title="bbox 77 2452 1123 3104">
     <span class='ocr_line' id='line_1_24' title="bbox 121 2452 1123 2539; baseline 0.001 -20"><span class='ocrx_word' id='word_1_188' title='bbox 121 2455 219 2519; x_wconf 87' lang='lat' dir='ltr'>Forte</span> <span class='ocrx_word' id='word_1_189' title='bbox 245 2453 427 2539; x_wconf 89' lang='lat' dir='ltr'>potantibus</span> <span class='ocrx_word' id='word_1_190' title='bbox 452 2454 502 2519; x_wconf 90' lang='lat' dir='ltr'>his</span> <span class='ocrx_word' id='word_1_191' title='bbox 529 2455 614 2539; x_wconf 89' lang='lat' dir='ltr'>apud</span> <span class='ocrx_word' id='word_1_192' title='bbox 637 2452 712 2519; x_wconf 84' lang='lat' dir='ltr'>Sex.</span> <span class='ocrx_word' id='word_1_193' title='bbox 736 2454 955 2536; x_wconf 84' lang='lat' dir='ltr'>Tarquinium,</span> <span class='ocrx_word' id='word_1_194' title='bbox 983 2454 1038 2518; x_wconf 92' lang='lat' dir='ltr'>ubi</span> <span class='ocrx_word' id='word_1_195' title='bbox 1060 2464 1123 2520; x_wconf 78' lang='lat' dir='ltr'>etc</span> 
     </span>
     <span class='ocr_line' id='line_1_25' title="bbox 77 2546 1091 2634; baseline -0.003 -20"><span class='ocrx_word' id='word_1_196' title='bbox 77 2546 237 2614; x_wconf 75' lang='lat' dir='ltr'>lollatinus</span> <span class='ocrx_word' id='word_1_197' title='bbox 264 2547 396 2613; x_wconf 86' lang='lat' dir='ltr'>cenabat</span> <span class='ocrx_word' id='word_1_198' title='bbox 422 2547 626 2632; x_wconf 85' lang='lat' dir='ltr'>Tarquinius,</span> <span class='ocrx_word' id='word_1_199' title='bbox 653 2547 763 2634; x_wconf 84' lang='lat' dir='ltr'>Egerii</span> <span class='ocrx_word' id='word_1_200' title='bbox 787 2546 885 2624; x_wconf 88' lang='lat' dir='ltr'>filius,</span> <span class='ocrx_word' id='word_1_201' title='bbox 916 2547 1026 2611; x_wconf 91' lang='lat' dir='ltr'>incidit</span> <span class='ocrx_word' id='word_1_202' title='bbox 1051 2548 1091 2611; x_wconf 90' lang='lat' dir='ltr'>de</span> 
     </span>
     <span class='ocr_line' id='line_1_26' title="bbox 77 2641 1123 2727; baseline 0 -18"><span class='ocrx_word' id='word_1_203' title='bbox 77 2644 210 2713; x_wconf 74' lang='lat' dir='ltr'>notibus</span> <span class='ocrx_word' id='word_1_204' title='bbox 230 2643 361 2721; x_wconf 84' lang='lat' dir='ltr'>menti03</span> <span class='ocrx_word' id='word_1_205' title='bbox 380 2666 470 2708; x_wconf 89' lang='lat' dir='ltr'>suam</span> <span class='ocrx_word' id='word_1_206' title='bbox 488 2644 621 2727; x_wconf 91' lang='lat' dir='ltr'>quisque</span> <span class='ocrx_word' id='word_1_207' title='bbox 638 2642 765 2706; x_wconf 90' lang='lat' dir='ltr'>laudare</span> <span class='ocrx_word' id='word_1_208' title='bbox 778 2641 864 2706; x_wconf 88' lang='lat' dir='ltr'>miris</span> <span class='ocrx_word' id='word_1_209' title='bbox 878 2642 990 2707; x_wconf 89' lang='lat' dir='ltr'>modis.</span> <span class='ocrx_word' id='word_1_210' title='bbox 1016 2641 1091 2706; x_wconf 89' lang='lat' dir='ltr'>inde</span> <span class='ocrx_word' id='word_1_211' title='bbox 1109 2663 1123 2709; x_wconf 76' lang='lat' dir='ltr'>t</span> 
     </span>
     <span class='ocr_line' id='line_1_27' title="bbox 77 2735 1092 2822; baseline -0.001 -21"><span class='ocrx_word' id='word_1_212' title='bbox 77 2738 230 2802; x_wconf 62' lang='lat' dir='ltr'>{ortamine</span> <span class='ocrx_word' id='word_1_213' title='bbox 250 2759 381 2802; x_wconf 90' lang='lat' dir='ltr'>accenso</span> <span class='ocrx_word' id='word_1_214' title='bbox 397 2736 572 2802; x_wconf 87' lang='lat' dir='ltr'>Collatinus</span> <span class='ocrx_word' id='word_1_215' title='bbox 590 2746 686 2822; x_wconf 86' lang='lat' dir='ltr'>negat</span> <span class='ocrx_word' id='word_1_216' title='bbox 699 2735 803 2801; x_wconf 89' lang='lat' dir='ltr'>verbis</span> <span class='ocrx_word' id='word_1_217' title='bbox 817 2758 896 2822; x_wconf 91' lang='lat' dir='ltr'>opus</span> <span class='ocrx_word' id='word_1_218' title='bbox 911 2758 995 2814; x_wconf 90' lang='lat' dir='ltr'>esse,</span> <span class='ocrx_word' id='word_1_219' title='bbox 1013 2758 1092 2822; x_wconf 92' lang='lat' dir='ltr'>pau-</span> 
     </span>
     <span class='ocr_line' id='line_1_28' title="bbox 77 2829 1092 2916; baseline 0 -21"><span class='ocrx_word' id='word_1_220' title='bbox 77 2829 111 2895; x_wconf 70' lang='lat' dir='ltr'>aa</span> <span class='ocrx_word' id='word_1_221' title='bbox 124 2830 156 2895; x_wconf 88' lang='lat' dir='ltr'>id</span> <span class='ocrx_word' id='word_1_222' title='bbox 173 2831 304 2915; x_wconf 89' lang='lat' dir='ltr'>quidem</span> <span class='ocrx_word' id='word_1_223' title='bbox 321 2830 407 2895; x_wconf 86' lang='lat' dir='ltr'>horis</span> <span class='ocrx_word' id='word_1_224' title='bbox 424 2852 519 2916; x_wconf 90' lang='lat' dir='ltr'>posse</span> <span class='ocrx_word' id='word_1_225' title='bbox 542 2831 629 2908; x_wconf 87' lang='lat' dir='ltr'>sciri,</span> <span class='ocrx_word' id='word_1_226' title='bbox 651 2840 804 2914; x_wconf 90' lang='lat' dir='ltr'>quantum</span> <span class='ocrx_word' id='word_1_227' title='bbox 826 2831 936 2895; x_wconf 89' lang='lat' dir='ltr'>ceteris</span> <span class='ocrx_word' id='word_1_228' title='bbox 953 2838 1092 2916; x_wconf 89' lang='lat' dir='ltr'>praestet</span> 
     </span>
     <span class='ocr_line' id='line_1_29' title="bbox 77 2923 1092 3011; baseline -0.002 -20"><span class='ocrx_word' id='word_1_229' title='bbox 77 2924 212 2992; x_wconf 65' lang='lat' dir='ltr'>&#39;lucretia</span> <span class='ocrx_word' id='word_1_230' title='bbox 229 2948 297 2990; x_wconf 89' lang='lat' dir='ltr'>sua.</span> <span class='ocrx_word' id='word_1_231' title='bbox 335 2924 438 3008; x_wconf 75' lang='lat' dir='ltr'>‘quim</span> <span class='ocrx_word' id='word_1_232' title='bbox 466 2925 494 2989; x_wconf 84' lang='lat' dir='ltr'>si</span> <span class='ocrx_word' id='word_1_233' title='bbox 514 2925 606 3011; x_wconf 85' lang='lat' dir='ltr'>vigor</span> <span class='ocrx_word' id='word_1_234' title='bbox 625 2924 771 2989; x_wconf 87' lang='lat' dir='ltr'>iuventae</span> <span class='ocrx_word' id='word_1_235' title='bbox 788 2923 884 3002; x_wconf 88' lang='lat' dir='ltr'>inest,</span> <span class='ocrx_word' id='word_1_236' title='bbox 908 2923 1092 2989; x_wconf 88' lang='lat' dir='ltr'>conscendi-</span> 
     </span>
     <span class='ocr_line' id='line_1_30' title="bbox 77 3017 1092 3104; baseline -0.004 -20"><span class='ocrx_word' id='word_1_237' title='bbox 77 3042 131 3084; x_wconf 88' lang='lat' dir='ltr'>nus</span> <span class='ocrx_word' id='word_1_238' title='bbox 157 3041 258 3103; x_wconf 84' lang='lat' dir='ltr'>equos</span> <span class='ocrx_word' id='word_1_239' title='bbox 284 3018 512 3103; x_wconf 89' lang='lat' dir='ltr'>invisimusque</span> <span class='ocrx_word' id='word_1_240' title='bbox 537 3027 718 3103; x_wconf 88' lang='lat' dir='ltr'>praesentes</span> <span class='ocrx_word' id='word_1_241' title='bbox 744 3027 921 3083; x_wconf 88' lang='lat' dir='ltr'>nostrarum</span> <span class='ocrx_word' id='word_1_242' title='bbox 946 3017 1092 3104; x_wconf 85' lang='lat' dir='ltr'>ingenia?</span> 
     </span>
    </p>

    <p class='ocr_par' dir='ltr' id='par_1_5' title="bbox 77 3110 1092 3364">
     <span class='ocr_line' id='line_1_31' title="bbox 77 3110 1092 3198; baseline -0.004 -21"><span class='ocrx_word' id='word_1_243' title='bbox 77 3112 94 3176; x_wconf 82' lang='lat' dir='ltr'>d</span> <span class='ocrx_word' id='word_1_244' title='bbox 116 3112 228 3196; x_wconf 90' lang='lat' dir='ltr'>cuique</span> <span class='ocrx_word' id='word_1_245' title='bbox 256 3112 521 3198; x_wconf 87' lang='lat' dir='ltr'>spectatissimum</span> <span class='ocrx_word' id='word_1_246' title='bbox 548 3112 603 3190; x_wconf 90' lang='lat' dir='ltr'>sit,</span> <span class='ocrx_word' id='word_1_247' title='bbox 629 3112 714 3195; x_wconf 91' lang='lat' dir='ltr'>quod</span> <span class='ocrx_word' id='word_1_248' title='bbox 739 3112 925 3196; x_wconf 90' lang='lat' dir='ltr'>necopinato</span> <span class='ocrx_word' id='word_1_249' title='bbox 951 3111 1010 3174; x_wconf 85' lang='lat' dir='ltr'>viri</span> <span class='ocrx_word' id='word_1_250' title='bbox 1036 3110 1092 3174; x_wconf 90' lang='lat' dir='ltr'>ad-</span> 
     </span>
     <span class='ocr_line' id='line_1_32' title="bbox 77 3201 1091 3291; baseline -0.005 -21"><span class='ocrx_word' id='word_1_251' title='bbox 77 3217 158 3270; x_wconf 69' lang='lat' dir='ltr'>&#39;entu</span> <span class='ocrx_word' id='word_1_252' title='bbox 184 3207 353 3270; x_wconf 87' lang='lat' dir='ltr'>occurrerit</span> <span class='ocrx_word' id='word_1_253' title='bbox 378 3205 496 3271; x_wconf 67' lang='lat' dir='ltr'>oculis?</span> <span class='ocrx_word' id='word_1_254' title='bbox 539 3205 732 3271; x_wconf 88' lang='lat' dir='ltr'>incaluerant</span> <span class='ocrx_word' id='word_1_255' title='bbox 757 3205 840 3269; x_wconf 88' lang='lat' dir='ltr'>vino.</span> <span class='ocrx_word' id='word_1_256' title='bbox 887 3211 959 3291; x_wconf 84' lang='lat' dir='ltr'>‘age</span> <span class='ocrx_word' id='word_1_257' title='bbox 987 3201 1091 3267; x_wconf 84' lang='lat' dir='ltr'>sanel&#39;</span> 
     </span>
     <span class='ocr_line' id='line_1_33' title="bbox 77 3323 181 3364; baseline 0 0"><span class='ocrx_word' id='word_1_258' title='bbox 77 3323 181 3364; x_wconf 85' lang='lat' dir='ltr'>mnes.</span> 
     </span>
    </p>

    <p class='ocr_par' dir='ltr' id='par_1_6' title="bbox 77 3393 1142 4043">
     <span class='ocr_line' id='line_1_34' title="bbox 107 3393 1124 3478; baseline 0 -15"><span class='ocrx_word' id='word_1_259' title='bbox 107 3393 240 3463; x_wconf 87' lang='lat' dir='ltr'>.Citatis</span> <span class='ocrx_word' id='word_1_260' title='bbox 267 3394 357 3478; x_wconf 88' lang='lat' dir='ltr'>equis</span> <span class='ocrx_word' id='word_1_261' title='bbox 383 3393 509 3459; x_wconf 88' lang='lat' dir='ltr'>avolant</span> <span class='ocrx_word' id='word_1_262' title='bbox 530 3394 676 3460; x_wconf 89' lang='lat' dir='ltr'>Romam.</span> <span class='ocrx_word' id='word_1_263' title='bbox 712 3417 775 3478; x_wconf 91' lang='lat' dir='ltr'>quo</span> <span class='ocrx_word' id='word_1_264' title='bbox 802 3416 875 3458; x_wconf 90' lang='lat' dir='ltr'>cum</span> <span class='ocrx_word' id='word_1_265' title='bbox 918 3393 1028 3478; x_wconf 89' lang='lat' dir='ltr'>primis</span> <span class='ocrx_word' id='word_1_266' title='bbox 1056 3413 1124 3463; x_wconf 81' lang='lat' dir='ltr'>sess</span> 
     </span>
     <span class='ocr_line' id='line_1_35' title="bbox 77 3485 1092 3574; baseline -0.003 -19"><span class='ocrx_word' id='word_1_267' title='bbox 77 3487 296 3557; x_wconf 70' lang='lat' dir='ltr'>candentibus</span> <span class='ocrx_word' id='word_1_268' title='bbox 314 3486 450 3553; x_wconf 88' lang='lat' dir='ltr'>tenebris</span> <span class='ocrx_word' id='word_1_269' title='bbox 487 3489 717 3573; x_wconf 87' lang='lat' dir='ltr'>pervenissent,</span> <span class='ocrx_word' id='word_1_270' title='bbox 740 3496 875 3574; x_wconf 82' lang='lat' dir='ltr'>pergunt</span> <span class='ocrx_word' id='word_1_271' title='bbox 892 3487 965 3552; x_wconf 93' lang='lat' dir='ltr'>inde</span> <span class='ocrx_word' id='word_1_272' title='bbox 985 3485 1092 3552; x_wconf 76' lang='lat' dir='ltr'>Colla</span> 
     </span>
     <span class='ocr_line' id='line_1_36' title="bbox 77 3579 1122 3669; baseline 0.001 -24"><span class='ocrx_word' id='word_1_273' title='bbox 77 3579 150 3659; x_wconf 87' lang='lat' dir='ltr'>iam,</span> <span class='ocrx_word' id='word_1_274' title='bbox 168 3581 226 3647; x_wconf 90' lang='lat' dir='ltr'>ubi</span> <span class='ocrx_word' id='word_1_275' title='bbox 242 3581 427 3646; x_wconf 83' lang='lat' dir='ltr'>Lucretiam</span> <span class='ocrx_word' id='word_1_276' title='bbox 451 3582 687 3666; x_wconf 85' lang='lat' dir='ltr'>hautquaquam</span> <span class='ocrx_word' id='word_1_277' title='bbox 705 3592 740 3647; x_wconf 92' lang='lat' dir='ltr'>ut</span> <span class='ocrx_word' id='word_1_278' title='bbox 756 3583 860 3669; x_wconf 84' lang='lat' dir='ltr'>regias</span> <span class='ocrx_word' id='word_1_279' title='bbox 878 3604 990 3659; x_wconf 91' lang='lat' dir='ltr'>nurus,</span> <span class='ocrx_word' id='word_1_280' title='bbox 1010 3603 1088 3666; x_wconf 82' lang='lat' dir='ltr'>quas</span> <span class='ocrx_word' id='word_1_281' title='bbox 1107 3599 1122 3647; x_wconf 80' lang='lat'>9</span> 
     </span>
     <span class='ocr_line' id='line_1_37' title="bbox 77 3674 1092 3761; baseline 0.003 -22"><span class='ocrx_word' id='word_1_282' title='bbox 77 3696 97 3739; x_wconf 91' lang='lat' dir='ltr'>u</span> <span class='ocrx_word' id='word_1_283' title='bbox 116 3675 261 3743; x_wconf 83' lang='lat' dir='ltr'>convivio</span> <span class='ocrx_word' id='word_1_284' title='bbox 282 3674 517 3758; x_wconf 86' lang='lat' dir='ltr'>luxuque-cum</span> <span class='ocrx_word' id='word_1_285' title='bbox 538 3676 721 3759; x_wconf 90' lang='lat' dir='ltr'>aequalibus</span> <span class='ocrx_word' id='word_1_286' title='bbox 744 3676 886 3741; x_wconf 90' lang='lat' dir='ltr'>viderant</span> <span class='ocrx_word' id='word_1_287' title='bbox 903 3685 1027 3761; x_wconf 88' lang='lat' dir='ltr'>tempus</span> <span class='ocrx_word' id='word_1_288' title='bbox 1045 3685 1092 3742; x_wconf 89' lang='lat' dir='ltr'>te-</span> 
     </span>
     <span class='ocr_line' id='line_1_38' title="bbox 77 3768 1090 3847; baseline 0.002 -15"><span class='ocrx_word' id='word_1_289' title='bbox 77 3778 179 3847; x_wconf 91' lang='lat' dir='ltr'>entes,</span> <span class='ocrx_word' id='word_1_290' title='bbox 211 3769 270 3834; x_wconf 91' lang='lat' dir='ltr'>sed</span> <span class='ocrx_word' id='word_1_291' title='bbox 295 3778 387 3834; x_wconf 91' lang='lat' dir='ltr'>nocte</span> <span class='ocrx_word' id='word_1_292' title='bbox 413 3791 482 3834; x_wconf 88' lang='lat' dir='ltr'>sera</span> <span class='ocrx_word' id='word_1_293' title='bbox 508 3768 646 3834; x_wconf 90' lang='lat' dir='ltr'>deditam</span> <span class='ocrx_word' id='word_1_294' title='bbox 671 3771 761 3836; x_wconf 90' lang='lat' dir='ltr'>lanae</span> <span class='ocrx_word' id='word_1_295' title='bbox 785 3770 866 3835; x_wconf 86' lang='lat' dir='ltr'>inter</span> <span class='ocrx_word' id='word_1_296' title='bbox 891 3770 1090 3835; x_wconf 88' lang='lat' dir='ltr'>lucubrantes</span> 
     </span>
     <span class='ocr_line' id='line_1_39' title="bbox 77 3862 1142 3930; baseline 0.002 -5"><span class='ocrx_word' id='word_1_297' title='bbox 77 3862 191 3929; x_wconf 84' lang='lat' dir='ltr'>moillas</span> <span class='ocrx_word' id='word_1_298' title='bbox 212 3863 248 3927; x_wconf 89' lang='lat' dir='ltr'>in</span> <span class='ocrx_word' id='word_1_299' title='bbox 268 3862 373 3927; x_wconf 90' lang='lat' dir='ltr'>medio</span> <span class='ocrx_word' id='word_1_300' title='bbox 394 3863 520 3926; x_wconf 88' lang='lat' dir='ltr'>aedium</span> <span class='ocrx_word' id='word_1_301' title='bbox 542 3863 701 3929; x_wconf 88' lang='lat' dir='ltr'>sedentem</span> <span class='ocrx_word' id='word_1_302' title='bbox 722 3865 894 3928; x_wconf 88' lang='lat' dir='ltr'>inveniunt.</span> <span class='ocrx_word' id='word_1_303' title='bbox 931 3863 1090 3927; x_wconf 85' lang='lat' dir='ltr'>muliebris</span> <span class='ocrx_word' id='word_1_304' title='bbox 1109 3881 1142 3930; x_wconf 92' lang='lat'>10</span> 
     </span>
     <span class='ocr_line' id='line_1_40' title="bbox 77 3955 1092 4043; baseline 0.002 -26"><span class='ocrx_word' id='word_1_305' title='bbox 77 3956 241 4022; x_wconf 69' lang='lat' dir='ltr'>:cruminis</span> <span class='ocrx_word' id='word_1_306' title='bbox 260 3955 330 4022; x_wconf 89' lang='lat' dir='ltr'>laus</span> <span class='ocrx_word' id='word_1_307' title='bbox 348 3978 444 4043; x_wconf 91' lang='lat' dir='ltr'>penes</span> <span class='ocrx_word' id='word_1_308' title='bbox 462 3956 645 4021; x_wconf 86' lang='lat' dir='ltr'>Lucretiam</span> <span class='ocrx_word' id='word_1_309' title='bbox 662 3958 737 4037; x_wconf 84' lang='lat' dir='ltr'>fuit3</span> <span class='ocrx_word' id='word_1_310' title='bbox 760 3958 930 4022; x_wconf 87' lang='lat' dir='ltr'>adveniens</span> <span class='ocrx_word' id='word_1_311' title='bbox 947 3957 996 4021; x_wconf 81' lang='lat' dir='ltr'>vir</span> <span class='ocrx_word' id='word_1_312' title='bbox 1013 3955 1092 4020; x_wconf 89' lang='lat' dir='ltr'>Tar-</span> 
     </span>
    </p>
   </div>
   <div class='ocr_carea' id='block_1_3' title="bbox 0 0 1288 4524">
    <p class='ocr_par' dir='ltr' id='par_1_7' title="bbox 0 0 1288 4524">
     <span class='ocr_line' id='line_1_41' title="bbox 0 0 1288 4524; baseline 0 0"><span class='ocrx_word' id='word_1_313' title='bbox 0 0 1288 4524; x_wconf 95' lang='lat' dir='ltr'> </span> 
     </span>
    </p>
   </div>
  </div>
 </body>
</html>
