2566 4524
148 251 212 316 366
358 263 477 317 LIBER
495 261 564 334 VII,
583 261 625 317 15.
639 262 681 317 16.
701 262 970 335 [anasse-css]
1194 316 1198 355 1

97 444 130 492 13
147 420 289 509 patribus
308 429 376 486 tum
393 421 529 507 primum
547 420 589 486 ad
604 420 757 508 populum
773 420 874 488 latum
892 431 955 502 est,
975 444 1073 509 eaque
1083 447 1156 515 mgb
1195 360 1198 453 l

147 519 232 583 tione
241 540 395 593 novorum
403 517 540 582 maxime
549 516 712 582 hominum
725 515 939 598 ambitionem,
952 518 1010 604 qui
1022 520 1155 587 nundinas

149 623 180 678 et
193 611 400 678 conciliabula
412 609 498 676 obire
513 610 597 677 soliti
610 619 711 689 erant,
729 632 935 700 conpressam
948 612 1119 681 credebant

115 729 129 776 1
212 705 309 771 XVI.
345 704 445 770 Haud
462 727 562 790 aeque
579 704 662 771 laeta
678 705 821 792 patribus
839 707 1022 792 insequenti
1037 730 1111 774 anno
1126 705 1154 775 C.

147 800 285 880 Marcio,
310 799 371 867 Cn.
389 798 512 866 Manlio
531 800 712 866 consulibus
731 801 771 867 de
788 801 929 867 unciario
946 802 1073 869 faenore
1088 800 1153 869 all

146 895 272 972 Duilio,
289 894 332 959 L.
345 891 496 959 Menenio
514 893 646 959 tribunis
664 893 766 981 plebis
783 895 906 983 rogatio
925 905 975 961 est
992 896 1113 983 perlata3
1130 903 1154 961 et

147 987 249 1076 plebis
267 988 426 1074 aliquanto
445 1010 515 1054 eam
533 988 678 1074 cupidius
697 988 789 1054 scivit
806 987 968 1076 (accepit).

113 1106 128 1154 2
212 1081 268 1148 Ad
292 1082 376 1149 bella
401 1105 484 1148 nova
507 1083 611 1169 priore
632 1105 714 1148 anno
735 1082 891 1149 destinata
911 1082 1033 1150 Falisci
1052 1102 1153 1169 qnoque

28 1217 31 1221 <
147 1178 255 1243 hostes
278 1177 378 1243 exorti
395 1176 514 1264 duplici
531 1175 673 1256 crimine,
697 1178 783 1262 quod
801 1185 832 1241 et
849 1199 923 1243 cum
940 1176 1153 1263 Tarquiniensi-

147 1271 208 1338 bus
230 1273 378 1338 iuventus
401 1293 509 1337 eorum
530 1270 718 1337 militaverat
735 1280 766 1336 et
784 1293 852 1350 eos,
875 1273 931 1357 qui
947 1271 1087 1340 Falerios
1101 1293 1154 1359 per

147 1369 309 1456 fugerant,
329 1391 401 1435 cum
418 1367 500 1433 male
517 1376 694 1455 pugnatum
707 1376 768 1446 est,
787 1368 1002 1454 repetentibus
1016 1367 1153 1434 fetialibus

113 1481 129 1528 3
147 1462 301 1529 Romanis
323 1486 388 1528 non
407 1462 616 1528 reddiderant
653 1485 692 1528 ea
712 1463 875 1549 provincia
897 1462 958 1530 Cn.
977 1462 1096 1531 Manlio
1114 1462 1155 1530 ob·

147 1559 242 1623 venit.
277 1556 420 1623 Marcius
439 1555 1008 1645 exercituminagrumPrivernatem
1020 1561 1155 1647 integrm

146 1673 226 1737 pace
250 1650 423 1738 longinqua
447 1651 571 1717 induxit
595 1650 789 1737 militemque
813 1653 931 1738 praeda
955 1654 1094 1741 inplevit
1126 1649 1155 1718 al

148 1746 272 1833 copiam
288 1768 394 1813 rerum
412 1745 532 1812 addidit
548 1744 807 1825 munificentiam,
825 1748 912 1832 quod
928 1747 1009 1813 nihil
1024 1749 1058 1814 in
1073 1746 1155 1836 publi-

113 1862 221 1909 scum
244 1841 434 1907 secernendo
457 1840 586 1928 augenti
606 1862 674 1905 rem
694 1841 849 1927 privatam
870 1842 961 1906 militi
984 1842 1072 1908 favit.
1103 1840 1155 1907 Pri·

147 1944 292 1999 vernates
315 1956 388 2000 cum
410 1942 482 1999 ante
503 1934 628 2000 moenia
650 1957 709 2000 sua
729 1935 840 2001 castris
861 1937 1049 2023 permunitis
1067 1941 1155 2003 come·
1195 1948 1198 1953 '

148 2028 281 2106 dissent,
317 2028 436 2093 vocatis
468 2029 510 2094 ad
535 2029 713 2095 contionem
738 2028 903 2110 militibus,
938 2037 1057 2099 ‘castra
1079 2025 1155 2097 nunc'

147 2121 249 2205 inquit
268 2121 372 2188 ‘vobis
390 2121 530 2188 hostium
546 2123 719 2210 urbemque
731 2124 867 2212 praedae
879 2125 935 2204 do,
955 2127 985 2191 si
997 2122 1155 2214 mihipolli·

147 2216 276 2294 cemini,
294 2239 353 2283 vos
366 2217 487 2284 fortiter
499 2217 533 2283 in
547 2219 614 2284 acie
631 2241 760 2306 operam
776 2229 946 2286 navaturos
964 2243 1025 2288 nec
1041 2220 1155 2309 praedae

113 2333 128 2380 5
146 2312 249 2399 magis
263 2335 358 2398 quam
371 2335 497 2401 pugnae
510 2322 636 2400 paratos
651 2315 740 2380 esse.²
767 2315 894 2402 signum
906 2326 1045 2402 poscunt
1056 2309 1155 2404 ingenti
1193 2346 1198 2357 ι

147 2405 283 2472 clamore
305 2407 443 2493 celsique
465 2417 497 2473 et
519 2430 576 2494 spe
597 2407 683 2473 haud
704 2408 801 2475 dubia
822 2409 943 2476 feroces
965 2411 1003 2476 in'
1022 2410 1155 2498 proelium
1196 2425 1198 2429 ’

146 2502 275 2566 vadunt.
311 2501 356 2566 ibi
374 2512 447 2567 ante
465 2503 557 2590 signa
576 2499 651 2568 Sex.
670 2501 809 2581 Tullius,
828 2503 949 2588 dequo
967 2513 1041 2570 ante
1059 2506 1155 2570 dictum
1191 2532 1198 2561 :

147 2606 204 2674 est,
223 2595 391 2664 exclamat:
412 2596 541 2683 ‘aspice
559 2597 748 2683 imperator,’
761 2597 863 2682 inquit
897 2598 1155 2683 ‘quemadmodum
1192 2616 1198 2675 ;

146 2691 301 2756 exercitus
315 2700 388 2756 tuus
403 2690 459 2755 tibi
472 2691 628 2777 promissa
640 2693 797 2777 praestet,'
809 2692 936 2779 piloque
948 2695 1055 2779 posito
1069 2694 1155 2761 stricto
1192 2740 1194 2747 -

113 2805 128 2852 6
147 2785 253 2870 gladio
270 2785 304 2849 in
321 2783 445 2850 hostem
461 2785 614 2872 impetum
636 2786 721 2851 facit.
758 2796 907 2852 secuntur
924 2786 1068 2855 Tullium
1089 2796 1156 2854 ante·
1192 2836 1198 2846 .

147 2879 272 2964 signani
289 2901 398 2944 omnes
416 2881 579 2966 primoque
596 2882 717 2968 impetn
739 2891 879 2947 avertere
900 2881 1042 2963 hostem3
1069 2884 1155 2949 finon
1195 2904 1198 2940 ε

145 2971 220 3037 inde
237 2973 279 3039 ad
291 2973 442 3060 oppidum
454 2976 624 3061 persecuti,
644 2997 717 3040 cum
733 2975 797 3040 iam
816 2975 917 3042 scalas
935 2977 1101 3043 moenibus
1117 2973 1156 3042 ul

145 3077 320 3148 moverent,
338 3069 372 3133 in
385 3068 575 3136 deditionem
587 3068 699 3134 urbem
716 3078 913 3156 acceperunt.
945 3067 1155 3159 triumphusdc
1196 3124 1198 3128 ,

113 3183 127 3230 7
145 3159 382 3229 Privernatibus
405 3173 503 3229 actus.
539 3162 580 3229 ab
602 3163 700 3229 altero
723 3163 851 3229 consule
872 3163 951 3229 nihil
973 3160 1155 3231 memorabile

146 3268 286 3343 gestum,
312 3258 375 3324 nisi
397 3259 482 3343 quod
503 3259 607 3344 legem
628 3281 711 3325 novo
738 3257 882 3344 exemplo
909 3259 951 3324 ad
975 3257 1114 3326 Sutrium
1133 3255 1155 3321 ir

147 3353 257 3417 castris
280 3353 420 3418 tributim
438 3352 477 3418 de
495 3352 669 3418 vicensima
686 3375 807 3431 eorum,
830 3353 885 3437 qui
902 3376 1002 3419 manu
1020 3355 1155 3419 mitteren-
1192 3392 1198 3428 s

146 3452 210 3523 tur,
242 3446 321 3510 tulit.
356 3456 477 3532 patres,
509 3449 583 3532 quia
609 3470 648 3514 ea
671 3447 744 3535 lege
769 3445 855 3512 haud
879 3469 1017 3533 parvum
1042 3438 1154 3532 vectigd
1197 3484 1198 3495 κ

112 3537 232 3624 sinopi
257 3541 377 3606 aerario
403 3541 545 3607 additum
571 3551 669 3622 esset,
697 3550 840 3608 auctores
862 3540 1002 3608 fuerunt
1038 3552 1154 3609 cereno

146 3632 263 3698 tribuni
284 3634 385 3721 plebis
403 3659 467 3702 non
484 3645 550 3701 tam
566 3636 638 3725 lege
656 3659 752 3721 quam
770 3636 914 3723 exemplo
931 3637 1025 3717 moti,
1047 3631 1153 3719 nequit
1195 3637 1198 3704 Ξ

145 3736 256 3813 postea
276 3730 428 3816 populum
451 3741 625 3811 sevocaret,
652 3732 755 3818 capite
778 3741 964 3798 sanxerunt:
992 3731 1070 3798 nihil
1089 3726 1153 3795 enin
1196 3736 1198 3743 '

145 3846 210 3889 non
230 3845 287 3910 per
307 3824 421 3890 milites
442 3826 561 3895 iuratos
582 3826 617 3891 in
639 3826 776 3894 consulis
795 3826 892 3893 verba
909 3827 1055 3912 quamvis
1070 3817 1152 3912 pomi·
1195 3849 1198 3863 ·

146 3918 267 3985 ciosum
284 3919 414 4006 populo,
434 3921 461 3987 si
479 3921 511 3988 id
528 3921 648 3998 liceret,
667 3922 743 3987 ferri
759 3944 864 4008 posse.

112 4032 127 4080 9
209 4014 334 4081 Eodem
352 4037 434 4083 anno
454 4014 492 4083 Ο.
510 4016 656 4083 Licinius
675 4014 765 4083 Stolo
783 4041 803 4082 a
819 4015 868 4081 M.
887 4015 1014 4104 Popilio
1031 4014 1150 4082 Laeuo
1194 3964 1198 4021 ¹,
