<?xml version="1.0" encoding="UTF-8"?>
<!DOCTYPE html PUBLIC "-//W3C//DTD XHTML 1.0 Transitional//EN"
    "http://www.w3.org/TR/xhtml1/DTD/xhtml1-transitional.dtd">
<html xmlns="http://www.w3.org/1999/xhtml" xml:lang="en" lang="en">
 <head>
  <title>
</title>
<meta http-equiv="Content-Type" content="text/html;charset=utf-8" />
  <meta name='ocr-system' content='tesseract 3.04.00' />
  <meta name='ocr-capabilities' content='ocr_page ocr_carea ocr_par ocr_line ocrx_word'/>
</head>
<body>
  <div class='ocr_page' id='page_1' title='image "./titiliviaburbec01weisgoog_0698.png"; bbox 0 0 2566 4524; ppageno 0'>
   <div class='ocr_carea' id='block_1_1' title="bbox 234 216 1082 322">
    <p class='ocr_par' dir='ltr' id='par_1_1' title="bbox 234 216 1082 322">
     <span class='ocr_line' id='line_1_1' title="bbox 234 216 1082 322; baseline 0.004 -17"><span class='ocrx_word' id='word_1_1' title='bbox 234 216 241 225; x_wconf 77' lang='grc'><em>’</em></span> <span class='ocrx_word' id='word_1_2' title='bbox 315 247 435 305; x_wconf 77' lang='lat' dir='ltr'>amna</span> <span class='ocrx_word' id='word_1_3' title='bbox 450 248 552 322; x_wconf 82' lang='lat' dir='ltr'>vnn,</span> <span class='ocrx_word' id='word_1_4' title='bbox 569 249 633 307; x_wconf 84' lang='lat' dir='ltr'>aa.</span> <span class='ocrx_word' id='word_1_5' title='bbox 653 250 805 322; x_wconf 72' lang='lat' dir='ltr'>[acan]</span> <span class='ocrx_word' id='word_1_6' title='bbox 1016 239 1082 308; x_wconf 86' lang='lat'>443</span> 
     </span>
    </p>
   </div>
   <div class='ocr_carea' id='block_1_2' title="bbox 10 406 1150 4084">
    <p class='ocr_par' dir='ltr' id='par_1_2' title="bbox 10 406 1150 2298">
     <span class='ocr_line' id='line_1_2' title="bbox 50 406 1082 499; baseline 0.001 -21"><span class='ocrx_word' id='word_1_7' title='bbox 50 408 248 478; x_wconf 88' lang='lat' dir='ltr'>obiacentem</span> <span class='ocrx_word' id='word_1_8' title='bbox 265 406 381 473; x_wconf 90' lang='lat' dir='ltr'>molem</span> <span class='ocrx_word' id='word_1_9' title='bbox 398 406 555 474; x_wconf 88' lang='lat' dir='ltr'>invenere.</span> <span class='ocrx_word' id='word_1_10' title='bbox 583 430 656 474; x_wconf 91' lang='lat' dir='ltr'>cum</span> <span class='ocrx_word' id='word_1_11' title='bbox 673 406 760 475; x_wconf 81' lang='lat' dir='ltr'>[iaus</span> <span class='ocrx_word' id='word_1_12' title='bbox 778 409 901 477; x_wconf 88' lang='lat' dir='ltr'>hostilis</span> <span class='ocrx_word' id='word_1_13' title='bbox 920 413 1082 499; x_wconf 89' lang='lat' dir='ltr'>apparuis-</span> 
     </span>
     <span class='ocr_line' id='line_1_3' title="bbox 53 500 1133 592; baseline -0.003 -22"><span class='ocrx_word' id='word_1_14' title='bbox 53 515 112 585; x_wconf 87' lang='lat' dir='ltr'>set,</span> <span class='ocrx_word' id='word_1_15' title='bbox 134 500 329 592; x_wconf 78' lang='lat' dir='ltr'><strong>praesidium</strong></span> <span class='ocrx_word' id='word_1_16' title='bbox 352 500 446 568; x_wconf 87' lang='lat' dir='ltr'>etiam</span> <span class='ocrx_word' id='word_1_17' title='bbox 466 502 501 568; x_wconf 92' lang='lat' dir='ltr'>in</span> <span class='ocrx_word' id='word_1_18' title='bbox 518 524 642 569; x_wconf 91' lang='lat' dir='ltr'>summo</span> <span class='ocrx_word' id='word_1_19' title='bbox 661 503 743 570; x_wconf 90' lang='lat' dir='ltr'>saltu</span> <span class='ocrx_word' id='word_1_20' title='bbox 760 504 959 592; x_wconf 83' lang='lat' dir='ltr'>conspicitur.</span> <span class='ocrx_word' id='word_1_21' title='bbox 995 505 1082 573; x_wconf 88' lang='lat' dir='ltr'>citati</span> <span class='ocrx_word' id='word_1_22' title='bbox 1100 519 1133 568; x_wconf 86' lang='lat'>10</span> 
     </span>
     <span class='ocr_line' id='line_1_4' title="bbox 52 600 1083 687; baseline 0.001 -20"><span class='ocrx_word' id='word_1_23' title='bbox 52 600 122 668; x_wconf 82' lang='lat' dir='ltr'>inde</span> <span class='ocrx_word' id='word_1_24' title='bbox 134 609 231 677; x_wconf 85' lang='lat' dir='ltr'>retro,</span> <span class='ocrx_word' id='word_1_25' title='bbox 245 620 308 683; x_wconf 91' lang='lat' dir='ltr'>qua</span> <span class='ocrx_word' id='word_1_26' title='bbox 321 608 481 678; x_wconf 84' lang='lat' dir='ltr'>venerant,</span> <span class='ocrx_word' id='word_1_27' title='bbox 493 609 630 686; x_wconf 77' lang='lat' dir='ltr'>pergrmt</span> <span class='ocrx_word' id='word_1_28' title='bbox 646 609 786 687; x_wconf 90' lang='lat' dir='ltr'>repetere</span> <span class='ocrx_word' id='word_1_29' title='bbox 800 601 893 668; x_wconf 90' lang='lat' dir='ltr'>viam.</span> <span class='ocrx_word' id='word_1_30' title='bbox 920 624 991 668; x_wconf 90' lang='lat' dir='ltr'>eam</span> <span class='ocrx_word' id='word_1_31' title='bbox 1003 625 1083 687; x_wconf 89' lang='lat' dir='ltr'>quo·</span> 
     </span>
     <span class='ocr_line' id='line_1_5' title="bbox 55 690 1150 781; baseline 0.003 -20"><span class='ocrx_word' id='word_1_32' title='bbox 55 717 111 781; x_wconf 89' lang='lat' dir='ltr'>que</span> <span class='ocrx_word' id='word_1_33' title='bbox 129 693 273 760; x_wconf 88' lang='lat' dir='ltr'>clausam</span> <span class='ocrx_word' id='word_1_34' title='bbox 296 715 355 759; x_wconf 85' lang='lat' dir='ltr'>sua</span> <span class='ocrx_word' id='word_1_35' title='bbox 371 690 461 759; x_wconf 91' lang='lat' dir='ltr'>obice</span> <span class='ocrx_word' id='word_1_36' title='bbox 484 693 642 777; x_wconf 87' lang='lat' dir='ltr'>armisque</span> <span class='ocrx_word' id='word_1_37' title='bbox 663 694 835 761; x_wconf 83' lang='lat' dir='ltr'>inveniunt</span> <span class='ocrx_word' id='word_1_38' title='bbox 872 694 987 762; x_wconf 89' lang='lat' dir='ltr'>sistunt</span> <span class='ocrx_word' id='word_1_39' title='bbox 1008 697 1082 764; x_wconf 82' lang='lat' dir='ltr'>inde</span> <span class='ocrx_word' id='word_1_40' title='bbox 1146 776 1150 781; x_wconf 20' lang='lat'><strong><em>⁶</em></strong></span> 
     </span>
     <span class='ocr_line' id='line_1_6' title="bbox 54 787 1081 877; baseline 0.003 -22"><span class='ocrx_word' id='word_1_41' title='bbox 54 789 186 877; x_wconf 77' lang='lat' dir='ltr'>gradum</span> <span class='ocrx_word' id='word_1_42' title='bbox 203 788 273 855; x_wconf 85' lang='lat' dir='ltr'>sine</span> <span class='ocrx_word' id='word_1_43' title='bbox 289 787 383 854; x_wconf 91' lang='lat' dir='ltr'>ullius</span> <span class='ocrx_word' id='word_1_44' title='bbox 401 787 543 874; x_wconf 91' lang='lat' dir='ltr'>imperio,</span> <span class='ocrx_word' id='word_1_45' title='bbox 562 797 733 874; x_wconf 81' lang='lat' dir='ltr'>stuporque</span> <span class='ocrx_word' id='word_1_46' title='bbox 751 790 892 856; x_wconf 90' lang='lat' dir='ltr'>omnium</span> <span class='ocrx_word' id='word_1_47' title='bbox 909 791 1030 858; x_wconf 89' lang='lat' dir='ltr'>animos</span> <span class='ocrx_word' id='word_1_48' title='bbox 1044 813 1081 858; x_wconf 91' lang='lat' dir='ltr'>ac</span> 
     </span>
     <span class='ocr_line' id='line_1_7' title="bbox 55 881 1130 972; baseline -0.002 -24"><span class='ocrx_word' id='word_1_49' title='bbox 55 883 136 951; x_wconf 77' lang='lat' dir='ltr'>velut</span> <span class='ocrx_word' id='word_1_50' title='bbox 152 892 262 969; x_wconf 86' lang='lat' dir='ltr'>torpor</span> <span class='ocrx_word' id='word_1_51' title='bbox 277 882 405 967; x_wconf 86' lang='lat' dir='ltr'>quidam</span> <span class='ocrx_word' id='word_1_52' title='bbox 422 881 567 948; x_wconf 89' lang='lat' dir='ltr'>insolitus</span> <span class='ocrx_word' id='word_1_53' title='bbox 585 882 728 949; x_wconf 89' lang='lat' dir='ltr'>membra</span> <span class='ocrx_word' id='word_1_54' title='bbox 745 892 842 964; x_wconf 89' lang='lat' dir='ltr'>tenet,</span> <span class='ocrx_word' id='word_1_55' title='bbox 861 885 1081 972; x_wconf 78' lang='lat' dir='ltr'>intuentesque</span> <span class='ocrx_word' id='word_1_56' title='bbox 1099 899 1130 947; x_wconf 94' lang='lat'>11</span> 
     </span>
     <span class='ocr_line' id='line_1_8' title="bbox 57 976 1081 1067; baseline 0.004 -22"><span class='ocrx_word' id='word_1_57' title='bbox 57 977 103 1045; x_wconf 82' lang='lat' dir='ltr'>ulii</span> <span class='ocrx_word' id='word_1_58' title='bbox 119 976 211 1056; x_wconf 89' lang='lat' dir='ltr'>alios,</span> <span class='ocrx_word' id='word_1_59' title='bbox 225 998 299 1043; x_wconf 90' lang='lat' dir='ltr'>cum</span> <span class='ocrx_word' id='word_1_60' title='bbox 311 976 444 1043; x_wconf 87' lang='lat' dir='ltr'>alterum</span> <span class='ocrx_word' id='word_1_61' title='bbox 457 977 593 1062; x_wconf 88' lang='lat' dir='ltr'>quisque</span> <span class='ocrx_word' id='word_1_62' title='bbox 611 987 777 1064; x_wconf 82' lang='lat' dir='ltr'>conpotem</span> <span class='ocrx_word' id='word_1_63' title='bbox 794 980 897 1067; x_wconf 85' lang='lat' dir='ltr'>magis</span> <span class='ocrx_word' id='word_1_64' title='bbox 914 982 1029 1048; x_wconf 92' lang='lat' dir='ltr'>mentis</span> <span class='ocrx_word' id='word_1_65' title='bbox 1043 1003 1081 1049; x_wconf 87' lang='lat' dir='ltr'>ac</span> 
     </span>
     <span class='ocr_line' id='line_1_9' title="bbox 58 1070 1132 1162; baseline -0.005 -23"><span class='ocrx_word' id='word_1_66' title='bbox 58 1071 174 1139; x_wconf 87' lang='lat' dir='ltr'>consilii</span> <span class='ocrx_word' id='word_1_67' title='bbox 191 1071 350 1150; x_wconf 81' lang='lat' dir='ltr'>ducerent,</span> <span class='ocrx_word' id='word_1_68' title='bbox 370 1070 424 1136; x_wconf 86' lang='lat' dir='ltr'>diu</span> <span class='ocrx_word' id='word_1_69' title='bbox 441 1070 606 1138; x_wconf 83' lang='lat' dir='ltr'>inmobiles</span> <span class='ocrx_word' id='word_1_70' title='bbox 625 1072 727 1138; x_wconf 84' lang='lat' dir='ltr'>silent</span> <span class='ocrx_word' id='word_1_71' title='bbox 755 1072 868 1139; x_wconf 90' lang='lat' dir='ltr'>deinde</span> <span class='ocrx_word' id='word_1_72' title='bbox 885 1072 941 1141; x_wconf 93' lang='lat' dir='ltr'>ubi</span> <span class='ocrx_word' id='word_1_73' title='bbox 956 1084 1082 1162; x_wconf 88' lang='lat' dir='ltr'>praetc-</span> <span class='ocrx_word' id='word_1_74' title='bbox 1100 1087 1132 1135; x_wconf 78' lang='grc' dir='ltr'>ιι</span> 
     </span>
     <span class='ocr_line' id='line_1_10' title="bbox 58 1165 1081 1257; baseline 0.001 -22"><span class='ocrx_word' id='word_1_75' title='bbox 58 1168 98 1235; x_wconf 86' lang='lat' dir='ltr'>ria</span> <span class='ocrx_word' id='word_1_76' title='bbox 114 1165 283 1234; x_wconf 87' lang='lat' dir='ltr'>consulum</span> <span class='ocrx_word' id='word_1_77' title='bbox 296 1165 375 1254; x_wconf 80' lang='lat' dir='ltr'>erigi</span> <span class='ocrx_word' id='word_1_78' title='bbox 388 1166 496 1232; x_wconf 85' lang='lat' dir='ltr'>videre</span> <span class='ocrx_word' id='word_1_79' title='bbox 509 1175 540 1233; x_wconf 90' lang='lat' dir='ltr'>et</span> <span class='ocrx_word' id='word_1_80' title='bbox 553 1168 700 1253; x_wconf 82' lang='lat' dir='ltr'>expedire</span> <span class='ocrx_word' id='word_1_81' title='bbox 713 1169 868 1254; x_wconf 89' lang='lat' dir='ltr'>quosdam</span> <span class='ocrx_word' id='word_1_82' title='bbox 882 1169 971 1235; x_wconf 80' lang='lat' dir='ltr'>utilia</span> <span class='ocrx_word' id='word_1_83' title='bbox 983 1171 1081 1257; x_wconf 85' lang='lat' dir='ltr'>operi,</span> 
     </span>
     <span class='ocr_line' id='line_1_11' title="bbox 60 1259 1081 1351; baseline 0.004 -25"><span class='ocrx_word' id='word_1_84' title='bbox 60 1283 249 1348; x_wconf 88' lang='lat' dir='ltr'>quamquam</span> <span class='ocrx_word' id='word_1_85' title='bbox 268 1259 404 1327; x_wconf 88' lang='lat' dir='ltr'>ludibrio</span> <span class='ocrx_word' id='word_1_86' title='bbox 425 1261 494 1326; x_wconf 85' lang='lat' dir='ltr'>fore</span> <span class='ocrx_word' id='word_1_87' title='bbox 516 1262 692 1329; x_wconf 82' lang='lat' dir='ltr'>munientes</span> <span class='ocrx_word' id='word_1_88' title='bbox 708 1263 838 1349; x_wconf 89' lang='lat' dir='ltr'>perditis</span> <span class='ocrx_word' id='word_1_89' title='bbox 855 1263 950 1330; x_wconf 90' lang='lat' dir='ltr'>rebus</span> <span class='ocrx_word' id='word_1_90' title='bbox 968 1285 1006 1330; x_wconf 89' lang='lat' dir='ltr'>ao</span> <span class='ocrx_word' id='word_1_91' title='bbox 1023 1286 1081 1351; x_wconf 91' lang='lat' dir='ltr'>spe</span> 
     </span>
     <span class='ocr_line' id='line_1_12' title="bbox 59 1357 1133 1448; baseline 0.001 -25"><span class='ocrx_word' id='word_1_92' title='bbox 59 1359 137 1423; x_wconf 90' lang='lat' dir='ltr'>omni</span> <span class='ocrx_word' id='word_1_93' title='bbox 158 1357 308 1444; x_wconf 87' lang='lat' dir='ltr'>adempta</span> <span class='ocrx_word' id='word_1_94' title='bbox 329 1357 511 1437; x_wconf 78' lang='lat' dir='ltr'>cernebant,</span> <span class='ocrx_word' id='word_1_95' title='bbox 535 1368 653 1438; x_wconf 86' lang='lat' dir='ltr'>tamen,</span> <span class='ocrx_word' id='word_1_96' title='bbox 676 1382 717 1425; x_wconf 91' lang='lat' dir='ltr'>ne</span> <span class='ocrx_word' id='word_1_97' title='bbox 733 1360 859 1448; x_wconf 90' lang='lat' dir='ltr'>culpam</span> <span class='ocrx_word' id='word_1_98' title='bbox 875 1361 965 1428; x_wconf 85' lang='lat' dir='ltr'>malis</span> <span class='ocrx_word' id='word_1_99' title='bbox 984 1363 1082 1430; x_wconf 85' lang='lat' dir='ltr'>adde·</span> <span class='ocrx_word' id='word_1_100' title='bbox 1100 1375 1133 1425; x_wconf 83' lang='lat' dir='ltr'>la</span> 
     </span>
     <span class='ocr_line' id='line_1_13' title="bbox 58 1452 1082 1542; baseline 0.007 -25"><span class='ocrx_word' id='word_1_101' title='bbox 58 1460 132 1531; x_wconf 88' lang='lat' dir='ltr'>rent,</span> <span class='ocrx_word' id='word_1_102' title='bbox 154 1474 214 1539; x_wconf 89' lang='lat' dir='ltr'>pro</span> <span class='ocrx_word' id='word_1_103' title='bbox 232 1452 418 1538; x_wconf 83' lang='lat' dir='ltr'>aequisque</span> <span class='ocrx_word' id='word_1_104' title='bbox 442 1475 501 1519; x_wconf 88' lang='lat' dir='ltr'>nec</span> <span class='ocrx_word' id='word_1_105' title='bbox 522 1452 666 1519; x_wconf 75' lang='lat' dir='ltr'>hortante</span> <span class='ocrx_word' id='word_1_106' title='bbox 687 1454 752 1521; x_wconf 95' lang='lat' dir='ltr'>ullo</span> <span class='ocrx_word' id='word_1_107' title='bbox 773 1477 833 1521; x_wconf 91' lang='lat' dir='ltr'>neo</span> <span class='ocrx_word' id='word_1_108' title='bbox 848 1456 1021 1542; x_wconf 80' lang='lat' dir='ltr'>imperante</span> <span class='ocrx_word' id='word_1_109' title='bbox 1039 1459 1082 1524; x_wconf 84' lang='lat' dir='ltr'>ad</span> 
     </span>
     <span class='ocr_line' id='line_1_14' title="bbox 10 1547 1079 1635; baseline 0.006 -22"><span class='ocrx_word' id='word_1_110' title='bbox 10 1600 14 1605; x_wconf 94' lang='lat'>.</span> <span class='ocrx_word' id='word_1_111' title='bbox 58 1547 256 1613; x_wconf 88' lang='lat' dir='ltr'>muniendum</span> <span class='ocrx_word' id='word_1_112' title='bbox 272 1548 357 1614; x_wconf 82' lang='lat' dir='ltr'>versi</span> <span class='ocrx_word' id='word_1_113' title='bbox 379 1558 482 1614; x_wconf 74' lang='lat' dir='ltr'>castm</span> <span class='ocrx_word' id='word_1_114' title='bbox 498 1559 625 1635; x_wconf 88' lang='lat' dir='ltr'>propter</span> <span class='ocrx_word' id='word_1_115' title='bbox 643 1571 757 1633; x_wconf 92' lang='lat' dir='ltr'>aquam</span> <span class='ocrx_word' id='word_1_116' title='bbox 775 1550 858 1618; x_wconf 88' lang='lat' dir='ltr'>vallo</span> <span class='ocrx_word' id='word_1_117' title='bbox 876 1553 1079 1632; x_wconf 84' lang='lat' dir='ltr'>circumdant,</span> 
     </span>
     <span class='ocr_line' id='line_1_15' title="bbox 59 1643 1132 1732; baseline 0 -22"><span class='ocrx_word' id='word_1_118' title='bbox 59 1666 110 1711; x_wconf 78' lang='lat' dir='ltr'>sua</span> <span class='ocrx_word' id='word_1_119' title='bbox 125 1644 189 1731; x_wconf 88' lang='lat' dir='ltr'>ipsi</span> <span class='ocrx_word' id='word_1_120' title='bbox 206 1665 303 1730; x_wconf 86' lang='lat' dir='ltr'>opera</span> <span class='ocrx_word' id='word_1_121' title='bbox 318 1643 520 1729; x_wconf 74' lang='lat' dir='ltr'>laboremque</span> <span class='ocrx_word' id='word_1_122' title='bbox 537 1645 673 1725; x_wconf 86' lang='lat' dir='ltr'>inritum,</span> <span class='ocrx_word' id='word_1_123' title='bbox 691 1649 1007 1732; x_wconf 77' lang='lat' dir='ltr'>praeterquamquod</span> <span class='ocrx_word' id='word_1_124' title='bbox 1023 1649 1082 1716; x_wconf 91' lang='lat' dir='ltr'>hc-</span> <span class='ocrx_word' id='word_1_125' title='bbox 1099 1660 1132 1711; x_wconf 83' lang='lat'>14</span> 
     </span>
     <span class='ocr_line' id='line_1_16' title="bbox 59 1738 1080 1826; baseline 0.004 -22"><span class='ocrx_word' id='word_1_126' title='bbox 59 1749 116 1805; x_wconf 85' lang='lat' dir='ltr'>stes</span> <span class='ocrx_word' id='word_1_127' title='bbox 134 1738 271 1826; x_wconf 87' lang='lat' dir='ltr'>superbe</span> <span class='ocrx_word' id='word_1_128' title='bbox 288 1738 500 1826; x_wconf 84' lang='lat' dir='ltr'>increpabant,</span> <span class='ocrx_word' id='word_1_129' title='bbox 519 1761 593 1805; x_wconf 94' lang='lat' dir='ltr'>cum</span> <span class='ocrx_word' id='word_1_130' title='bbox 609 1739 780 1806; x_wconf 86' lang='lat' dir='ltr'>miserabili</span> <span class='ocrx_word' id='word_1_131' title='bbox 798 1741 995 1809; x_wconf 80' lang='lat' dir='ltr'>confessione</span> <span class='ocrx_word' id='word_1_132' title='bbox 1014 1743 1080 1809; x_wconf 90' lang='lat' dir='ltr'>elu-</span> 
     </span>
     <span class='ocr_line' id='line_1_17' title="bbox 58 1828 1132 1920; baseline 0 -21"><span class='ocrx_word' id='word_1_133' title='bbox 58 1828 170 1899; x_wconf 82' lang='lat' dir='ltr'>tlcntes.</span> <span class='ocrx_word' id='word_1_134' title='bbox 207 1832 250 1898; x_wconf 85' lang='lat' dir='ltr'>ad</span> <span class='ocrx_word' id='word_1_135' title='bbox 271 1833 418 1899; x_wconf 89' lang='lat' dir='ltr'>consules</span> <span class='ocrx_word' id='word_1_136' title='bbox 439 1843 592 1912; x_wconf 89' lang='lat' dir='ltr'>maestos,</span> <span class='ocrx_word' id='word_1_137' title='bbox 619 1854 659 1898; x_wconf 91' lang='lat' dir='ltr'>ne</span> <span class='ocrx_word' id='word_1_138' title='bbox 681 1834 872 1901; x_wconf 87' lang='lat' dir='ltr'>advocantes</span> <span class='ocrx_word' id='word_1_139' title='bbox 899 1836 1026 1920; x_wconf 89' lang='lat' dir='ltr'>quidem</span> <span class='ocrx_word' id='word_1_140' title='bbox 1047 1837 1082 1901; x_wconf 92' lang='lat' dir='ltr'>in</span> <span class='ocrx_word' id='word_1_141' title='bbox 1100 1848 1132 1900; x_wconf 70' lang='grc' dir='ltr'>ιι</span> 
     </span>
     <span class='ocr_line' id='line_1_18' title="bbox 59 1926 1081 2012; baseline 0.004 -19"><span class='ocrx_word' id='word_1_142' title='bbox 59 1926 227 2006; x_wconf 86' lang='lat' dir='ltr'>consilium,</span> <span class='ocrx_word' id='word_1_143' title='bbox 246 1927 372 2012; x_wconf 89' lang='lat' dir='ltr'>quando</span> <span class='ocrx_word' id='word_1_144' title='bbox 389 1949 448 1994; x_wconf 90' lang='lat' dir='ltr'>neo</span> <span class='ocrx_word' id='word_1_145' title='bbox 461 1928 591 1995; x_wconf 91' lang='lat' dir='ltr'>oonsilio</span> <span class='ocrx_word' id='word_1_146' title='bbox 604 1950 663 1994; x_wconf 90' lang='lat' dir='ltr'>neo</span> <span class='ocrx_word' id='word_1_147' title='bbox 676 1928 793 1996; x_wconf 85' lang='lat' dir='ltr'>auxilio</span> <span class='ocrx_word' id='word_1_148' title='bbox 810 1928 899 1996; x_wconf 92' lang='lat' dir='ltr'>locus</span> <span class='ocrx_word' id='word_1_149' title='bbox 913 1940 1007 2008; x_wconf 87' lang='lat' dir='ltr'>esset,</span> <span class='ocrx_word' id='word_1_150' title='bbox 1022 1954 1081 1998; x_wconf 91' lang='lat' dir='ltr'>sua</span> 
     </span>
     <span class='ocr_line' id='line_1_19' title="bbox 59 2021 1080 2112; baseline 0.005 -25"><span class='ocrx_word' id='word_1_151' title='bbox 59 2031 166 2108; x_wconf 87' lang='lat' dir='ltr'>sponte</span> <span class='ocrx_word' id='word_1_152' title='bbox 180 2021 280 2110; x_wconf 83' lang='lat' dir='ltr'>legati</span> <span class='ocrx_word' id='word_1_153' title='bbox 296 2044 334 2088; x_wconf 90' lang='lat' dir='ltr'>ac</span> <span class='ocrx_word' id='word_1_154' title='bbox 350 2021 468 2088; x_wconf 90' lang='lat' dir='ltr'>tribuni</span> <span class='ocrx_word' id='word_1_155' title='bbox 485 2024 683 2104; x_wconf 87' lang='lat' dir='ltr'>conveniunt,</span> <span class='ocrx_word' id='word_1_156' title='bbox 702 2024 879 2110; x_wconf 90' lang='lat' dir='ltr'>militesque</span> <span class='ocrx_word' id='word_1_157' title='bbox 897 2026 939 2091; x_wconf 85' lang='lat' dir='ltr'>ad</span> <span class='ocrx_word' id='word_1_158' title='bbox 954 2036 1080 2112; x_wconf 91' lang='lat' dir='ltr'>praetc-</span> 
     </span>
     <span class='ocr_line' id='line_1_20' title="bbox 58 2117 1079 2208; baseline 0.003 -25"><span class='ocrx_word' id='word_1_159' title='bbox 58 2117 136 2184; x_wconf 90' lang='lat' dir='ltr'>rium</span> <span class='ocrx_word' id='word_1_160' title='bbox 152 2117 237 2185; x_wconf 83' lang='lat' dir='ltr'>versi</span> <span class='ocrx_word' id='word_1_161' title='bbox 254 2139 361 2204; x_wconf 90' lang='lat' dir='ltr'>opem,</span> <span class='ocrx_word' id='word_1_162' title='bbox 384 2139 481 2203; x_wconf 89' lang='lat' dir='ltr'>quam</span> <span class='ocrx_word' id='word_1_163' title='bbox 498 2119 552 2182; x_wconf 86' lang='lat' dir='ltr'>vix</span> <span class='ocrx_word' id='word_1_164' title='bbox 569 2119 613 2183; x_wconf 88' lang='lat' dir='ltr'>dii</span> <span class='ocrx_word' id='word_1_165' title='bbox 629 2119 810 2186; x_wconf 86' lang='lat' dir='ltr'>inmortales</span> <span class='ocrx_word' id='word_1_166' title='bbox 828 2120 909 2187; x_wconf 86' lang='lat' dir='ltr'>ferre</span> <span class='ocrx_word' id='word_1_167' title='bbox 926 2130 1079 2208; x_wconf 88' lang='lat' dir='ltr'>poterant,</span> 
     </span>
     <span class='ocr_line' id='line_1_21' title="bbox 59 2210 450 2298; baseline -0.005 -19"><span class='ocrx_word' id='word_1_168' title='bbox 59 2210 94 2279; x_wconf 84' lang='lat' dir='ltr'>ab</span> <span class='ocrx_word' id='word_1_169' title='bbox 112 2212 248 2279; x_wconf 88' lang='lat' dir='ltr'>ducibus</span> <span class='ocrx_word' id='word_1_170' title='bbox 267 2222 450 2298; x_wconf 86' lang='lat' dir='ltr'>exposcunt</span> 
     </span>
    </p>

    <p class='ocr_par' dir='ltr' id='par_1_3' title="bbox 10 2304 1126 3434">
     <span class='ocr_line' id='line_1_22' title="bbox 114 2304 1114 2395; baseline -0.002 -20"><span class='ocrx_word' id='word_1_171' title='bbox 114 2306 179 2375; x_wconf 88' lang='lat' dir='ltr'>III.</span> <span class='ocrx_word' id='word_1_172' title='bbox 211 2304 388 2391; x_wconf 82' lang='lat' dir='ltr'>Querentes</span> <span class='ocrx_word' id='word_1_173' title='bbox 406 2305 508 2394; x_wconf 85' lang='lat' dir='ltr'>magis</span> <span class='ocrx_word' id='word_1_174' title='bbox 526 2327 622 2390; x_wconf 87' lang='lat' dir='ltr'>quam</span> <span class='ocrx_word' id='word_1_175' title='bbox 640 2305 852 2372; x_wconf 88' lang='lat' dir='ltr'>consultantes</span> <span class='ocrx_word' id='word_1_176' title='bbox 870 2329 933 2373; x_wconf 85' lang='lat' dir='ltr'>nox</span> <span class='ocrx_word' id='word_1_177' title='bbox 951 2330 1081 2395; x_wconf 89' lang='lat' dir='ltr'>oppres·</span> <span class='ocrx_word' id='word_1_178' title='bbox 1100 2331 1114 2379; x_wconf 91' lang='lat'>1</span> 
     </span>
     <span class='ocr_line' id='line_1_23' title="bbox 10 2400 1079 2492; baseline -0.004 -20"><span class='ocrx_word' id='word_1_179' title='bbox 10 2400 24 2407; x_wconf 71' lang='grc'><em>“</em></span> <span class='ocrx_word' id='word_1_180' title='bbox 57 2405 102 2485; x_wconf 78' lang='lat' dir='ltr'>sit,</span> <span class='ocrx_word' id='word_1_181' title='bbox 120 2426 195 2472; x_wconf 89' lang='lat' dir='ltr'>cum</span> <span class='ocrx_word' id='word_1_182' title='bbox 210 2426 270 2491; x_wconf 88' lang='lat' dir='ltr'>pro</span> <span class='ocrx_word' id='word_1_183' title='bbox 286 2403 413 2492; x_wconf 88' lang='lat' dir='ltr'>ingenio</span> <span class='ocrx_word' id='word_1_184' title='bbox 427 2403 561 2487; x_wconf 89' lang='lat' dir='ltr'>quisque</span> <span class='ocrx_word' id='word_1_185' title='bbox 578 2401 756 2480; x_wconf 84' lang='lat' dir='ltr'>fremerent,</span> <span class='ocrx_word' id='word_1_186' title='bbox 775 2401 870 2467; x_wconf 85' lang='lat' dir='ltr'>alius:</span> <span class='ocrx_word' id='word_1_187' title='bbox 889 2408 960 2488; x_wconf 87' lang='lat' dir='ltr'>‘per</span> <span class='ocrx_word' id='word_1_188' title='bbox 972 2401 1079 2468; x_wconf 92' lang='lat' dir='ltr'>obices</span> 
     </span>
     <span class='ocr_line' id='line_1_24' title="bbox 55 2495 1082 2584; baseline -0.003 -20"><span class='ocrx_word' id='word_1_189' title='bbox 55 2497 198 2579; x_wconf 82' lang='lat' dir='ltr'>viarum,&#39;</span> <span class='ocrx_word' id='word_1_190' title='bbox 211 2497 308 2564; x_wconf 78' lang='lat' dir='ltr'>alius:</span> <span class='ocrx_word' id='word_1_191' title='bbox 328 2505 398 2584; x_wconf 89' lang='lat' dir='ltr'>‘per</span> <span class='ocrx_word' id='word_1_192' title='bbox 410 2498 544 2563; x_wconf 88' lang='lat' dir='ltr'>adversa</span> <span class='ocrx_word' id='word_1_193' title='bbox 560 2497 724 2575; x_wconf 90' lang='lat' dir='ltr'>montium,</span> <span class='ocrx_word' id='word_1_194' title='bbox 737 2518 794 2582; x_wconf 90' lang='lat' dir='ltr'>per</span> <span class='ocrx_word' id='word_1_195' title='bbox 807 2495 912 2574; x_wconf 85' lang='lat' dir='ltr'>silvas,</span> <span class='ocrx_word' id='word_1_196' title='bbox 926 2517 990 2579; x_wconf 90' lang='lat' dir='ltr'>qua</span> <span class='ocrx_word' id='word_1_197' title='bbox 1005 2496 1082 2562; x_wconf 84' lang='lat' dir='ltr'>ferri</span> 
     </span>
     <span class='ocr_line' id='line_1_25' title="bbox 56 2589 1114 2680; baseline -0.007 -21"><span class='ocrx_word' id='word_1_198' title='bbox 56 2615 142 2659; x_wconf 86' lang='lat' dir='ltr'>arma</span> <span class='ocrx_word' id='word_1_199' title='bbox 155 2601 312 2680; x_wconf 87' lang='lat' dir='ltr'>potenmt,</span> <span class='ocrx_word' id='word_1_200' title='bbox 331 2613 450 2658; x_wconf 90' lang='lat' dir='ltr'>eamus</span> <span class='ocrx_word' id='word_1_201' title='bbox 485 2591 580 2656; x_wconf 89' lang='lat' dir='ltr'>modo</span> <span class='ocrx_word' id='word_1_202' title='bbox 597 2591 639 2656; x_wconf 89' lang='lat' dir='ltr'>ad</span> <span class='ocrx_word' id='word_1_203' title='bbox 655 2590 779 2667; x_wconf 86' lang='lat' dir='ltr'>hostem</span> <span class='ocrx_word' id='word_1_204' title='bbox 796 2589 959 2676; x_wconf 87' lang='lat' dir='ltr'>pervenire</span> <span class='ocrx_word' id='word_1_205' title='bbox 976 2589 1079 2668; x_wconf 86' lang='lat' dir='ltr'>liceat,</span> <span class='ocrx_word' id='word_1_206' title='bbox 1098 2602 1114 2651; x_wconf 82' lang='lat'><strong><em>2</em></strong></span> 
     </span>
     <span class='ocr_line' id='line_1_26' title="bbox 54 2685 1126 2796; baseline -0.004 -42"><span class='ocrx_word' id='word_1_207' title='bbox 54 2709 147 2773; x_wconf 89' lang='lat' dir='ltr'>quem</span> <span class='ocrx_word' id='word_1_208' title='bbox 157 2709 217 2774; x_wconf 90' lang='lat' dir='ltr'>per</span> <span class='ocrx_word' id='word_1_209' title='bbox 229 2708 328 2753; x_wconf 91' lang='lat' dir='ltr'>annos</span> <span class='ocrx_word' id='word_1_210' title='bbox 346 2687 408 2752; x_wconf 92' lang='lat' dir='ltr'>iam</span> <span class='ocrx_word' id='word_1_211' title='bbox 422 2708 520 2796; x_wconf 88' lang='lat' dir='ltr'>prope</span> <span class='ocrx_word' id='word_1_212' title='bbox 532 2685 660 2772; x_wconf 86' lang='lat' dir='ltr'>triginta</span> <span class='ocrx_word' id='word_1_213' title='bbox 672 2685 842 2764; x_wconf 82' lang='lat' dir='ltr'>vincimus3</span> <span class='ocrx_word' id='word_1_214' title='bbox 861 2685 966 2750; x_wconf 90' lang='lat' dir='ltr'>omnia</span> <span class='ocrx_word' id='word_1_215' title='bbox 979 2706 1081 2769; x_wconf 91' lang='lat' dir='ltr'>aequa</span> <span class='ocrx_word' id='word_1_216' title='bbox 1122 2710 1126 2719; x_wconf 93' lang='lat'>·</span> 
     </span>
     <span class='ocr_line' id='line_1_27' title="bbox 54 2777 1080 2870; baseline -0.006 -21"><span class='ocrx_word' id='word_1_217' title='bbox 54 2793 83 2849; x_wconf 87' lang='lat' dir='ltr'>et</span> <span class='ocrx_word' id='word_1_218' title='bbox 98 2781 198 2870; x_wconf 83' lang='lat' dir='ltr'>plana</span> <span class='ocrx_word' id='word_1_219' title='bbox 214 2792 305 2847; x_wconf 90' lang='lat' dir='ltr'>erunt</span> <span class='ocrx_word' id='word_1_220' title='bbox 321 2780 496 2847; x_wconf 87' lang='lat' dir='ltr'>Romano</span> <span class='ocrx_word' id='word_1_221' title='bbox 487 2804 520 2845; x_wconf 90' lang='grc' dir='ltr'>ιιι</span> <span class='ocrx_word' id='word_1_222' title='bbox 537 2780 691 2867; x_wconf 88' lang='lat' dir='ltr'>perfidum</span> <span class='ocrx_word' id='word_1_223' title='bbox 711 2777 886 2846; x_wconf 84' lang='lat' dir='ltr'>Samnitem</span> <span class='ocrx_word' id='word_1_224' title='bbox 907 2778 1080 2867; x_wconf 88' lang='lat' dir='ltr'>pugnanti,</span> 
     </span>
     <span class='ocr_line' id='line_1_28' title="bbox 13 2874 1115 2962; baseline -0.001 -17"><span class='ocrx_word' id='word_1_225' title='bbox 13 2950 17 2955; x_wconf 69' lang='grc'><strong>,</strong></span> <span class='ocrx_word' id='word_1_226' title='bbox 53 2876 147 2945; x_wconf 76' lang='lat' dir='ltr'>alius:</span> <span class='ocrx_word' id='word_1_227' title='bbox 171 2882 250 2962; x_wconf 90' lang='lat' dir='ltr'>‘quo</span> <span class='ocrx_word' id='word_1_228' title='bbox 267 2885 322 2941; x_wconf 91' lang='lat' dir='ltr'>aut</span> <span class='ocrx_word' id='word_1_229' title='bbox 339 2897 403 2960; x_wconf 90' lang='lat' dir='ltr'>qua</span> <span class='ocrx_word' id='word_1_230' title='bbox 420 2875 548 2941; x_wconf 78' lang='lat' dir='ltr'>eamus?</span> <span class='ocrx_word' id='word_1_231' title='bbox 570 2898 647 2940; x_wconf 93' lang='lat' dir='ltr'>num</span> <span class='ocrx_word' id='word_1_232' title='bbox 665 2885 751 2941; x_wconf 91' lang='lat' dir='ltr'>mont</span> <span class='ocrx_word' id='word_1_233' title='bbox 754 2897 787 2941; x_wconf 87' lang='lat' dir='ltr'>es</span> <span class='ocrx_word' id='word_1_234' title='bbox 740 2874 908 2940; x_wconf 76' lang='lat' dir='ltr'>tmoliti</span> <span class='ocrx_word' id='word_1_235' title='bbox 931 2875 1005 2941; x_wconf 88' lang='lat' dir='ltr'>sede</span> <span class='ocrx_word' id='word_1_236' title='bbox 1023 2898 1082 2942; x_wconf 89' lang='lat' dir='ltr'>sua</span> <span class='ocrx_word' id='word_1_237' title='bbox 1100 2895 1115 2945; x_wconf 83' lang='lat' dir='ltr'>a</span> 
     </span>
     <span class='ocr_line' id='line_1_29' title="bbox 52 2969 1081 3063; baseline -0.002 -25"><span class='ocrx_word' id='word_1_238' title='bbox 52 2970 221 3063; x_wconf 62' lang='lat' dir='ltr'>murus?</span> <span class='ocrx_word' id='word_1_239' title='bbox 245 2971 322 3036; x_wconf 90' lang='lat' dir='ltr'>dum</span> <span class='ocrx_word' id='word_1_240' title='bbox 339 2969 418 3036; x_wconf 88' lang='lat' dir='ltr'>haec</span> <span class='ocrx_word' id='word_1_241' title='bbox 433 2969 703 3036; x_wconf 70' lang='lat' dir='ltr'>inminebunt&#39;c</span> <span class='ocrx_word' id='word_1_242' title='bbox 646 2993 703 3057; x_wconf 90' lang='lat' dir='ltr'>1ug</span> <span class='ocrx_word' id='word_1_243' title='bbox 703 2994 736 3048; x_wconf 90' lang='lat' dir='ltr'>a,</span> <span class='ocrx_word' id='word_1_244' title='bbox 759 2992 823 3054; x_wconf 91' lang='lat' dir='ltr'>qua</span> <span class='ocrx_word' id='word_1_245' title='bbox 840 2979 875 3035; x_wconf 90' lang='lat' dir='ltr'>tu</span> <span class='ocrx_word' id='word_1_246' title='bbox 840 2971 934 3036; x_wconf 88' lang='lat' dir='ltr'>tad</span> <span class='ocrx_word' id='word_1_247' title='bbox 956 2971 1029 3038; x_wconf 91' lang='lat' dir='ltr'>host</span> <span class='ocrx_word' id='word_1_248' title='bbox 1017 2979 1081 3036; x_wconf 92' lang='lat' dir='ltr'>tem</span> 
     </span>
     <span class='ocr_line' id='line_1_30' title="bbox 24 3055 1081 3152; baseline -0.002 -20"><span class='ocrx_word' id='word_1_249' title='bbox 24 3116 28 3121; x_wconf 88' lang='lat'>-</span> <span class='ocrx_word' id='word_1_250' title='bbox 52 3055 180 3135; x_wconf 78' lang='lat' dir='ltr'>venies?</span> <span class='ocrx_word' id='word_1_251' title='bbox 201 3065 314 3133; x_wconf 89' lang='lat' dir='ltr'>armati</span> <span class='ocrx_word' id='word_1_252' title='bbox 329 3064 476 3144; x_wconf 87' lang='lat' dir='ltr'>inermes,</span> <span class='ocrx_word' id='word_1_253' title='bbox 494 3065 619 3131; x_wconf 84' lang='lat' dir='ltr'>fortes</span> <span class='ocrx_word' id='word_1_254' title='bbox 610 3064 726 3152; x_wconf 86' lang='lat' dir='ltr'>rgnavi,</span> <span class='ocrx_word' id='word_1_255' title='bbox 744 3065 861 3149; x_wconf 91' lang='lat' dir='ltr'>pariter</span> <span class='ocrx_word' id='word_1_256' title='bbox 874 3087 983 3130; x_wconf 87' lang='lat' dir='ltr'>omnes</span> <span class='ocrx_word' id='word_1_257' title='bbox 997 3064 1081 3150; x_wconf 90' lang='lat' dir='ltr'>capti</span> 
     </span>
     <span class='ocr_line' id='line_1_31' title="bbox 55 3157 1081 3246; baseline -0.004 -20"><span class='ocrx_word' id='word_1_258' title='bbox 55 3170 148 3246; x_wconf 85' lang='lat' dir='ltr'>atque</span> <span class='ocrx_word' id='word_1_259' title='bbox 161 3160 240 3227; x_wconf 84' lang='lat' dir='ltr'>victi</span> <span class='ocrx_word' id='word_1_260' title='bbox 252 3181 372 3226; x_wconf 90' lang='lat' dir='ltr'>sumus.</span> <span class='ocrx_word' id='word_1_261' title='bbox 398 3182 439 3225; x_wconf 91' lang='lat' dir='ltr'>ne</span> <span class='ocrx_word' id='word_1_262' title='bbox 451 3160 570 3226; x_wconf 85' lang='lat' dir='ltr'>ferrum</span> <span class='ocrx_word' id='word_1_263' title='bbox 583 3159 711 3245; x_wconf 88' lang='lat' dir='ltr'>quidem</span> <span class='ocrx_word' id='word_1_264' title='bbox 729 3159 771 3223; x_wconf 90' lang='lat' dir='ltr'>ad</span> <span class='ocrx_word' id='word_1_265' title='bbox 787 3157 867 3224; x_wconf 90' lang='lat' dir='ltr'>bene</span> <span class='ocrx_word' id='word_1_266' title='bbox 884 3157 1081 3224; x_wconf 90' lang='lat' dir='ltr'>moriendum</span> 
     </span>
     <span class='ocr_line' id='line_1_32' title="bbox 52 3250 1116 3333; baseline -0.009 -9"><span class='ocrx_word' id='word_1_267' title='bbox 52 3254 216 3324; x_wconf 78' lang='lat' dir='ltr'>oblaturus</span> <span class='ocrx_word' id='word_1_268' title='bbox 234 3264 283 3322; x_wconf 87' lang='lat' dir='ltr'>est</span> <span class='ocrx_word' id='word_1_269' title='bbox 299 3254 409 3333; x_wconf 89' lang='lat' dir='ltr'>hostis,</span> <span class='ocrx_word' id='word_1_270' title='bbox 424 3254 538 3321; x_wconf 87' lang='lat' dir='ltr'>sedens</span> <span class='ocrx_word' id='word_1_271' title='bbox 556 3252 673 3320; x_wconf 92' lang='lat' dir='ltr'>bellum</span> <span class='ocrx_word' id='word_1_272' title='bbox 687 3250 850 3319; x_wconf 83' lang='lat' dir='ltr'>conficiet&#39;</span> <span class='ocrx_word' id='word_1_273' title='bbox 879 3250 956 3315; x_wconf 89' lang='lat' dir='ltr'>his</span> <span class='ocrx_word' id='word_1_274' title='bbox 946 3250 1116 3321; x_wconf 74' lang='lat' dir='ltr'>mvioema</span> 
     </span>
     <span class='ocr_line' id='line_1_33' title="bbox 10 3345 1080 3434; baseline -0.007 -16"><span class='ocrx_word' id='word_1_275' title='bbox 10 3380 23 3395; x_wconf 89' lang='lat'><em>·</em></span> <span class='ocrx_word' id='word_1_276' title='bbox 51 3349 251 3418; x_wconf 87' lang='lat' dir='ltr'>sermonibus</span> <span class='ocrx_word' id='word_1_277' title='bbox 264 3371 328 3434; x_wconf 91' lang='lat' dir='ltr'>qua</span> <span class='ocrx_word' id='word_1_278' title='bbox 341 3349 404 3416; x_wconf 92' lang='lat' dir='ltr'>cibi</span> <span class='ocrx_word' id='word_1_279' title='bbox 421 3371 484 3433; x_wconf 90' lang='lat' dir='ltr'>qua</span> <span class='ocrx_word' id='word_1_280' title='bbox 496 3348 611 3433; x_wconf 87' lang='lat' dir='ltr'>quietis</span> <span class='ocrx_word' id='word_1_281' title='bbox 624 3348 779 3414; x_wconf 92' lang='lat' dir='ltr'>inmemor</span> <span class='ocrx_word' id='word_1_282' title='bbox 790 3368 854 3412; x_wconf 87' lang='lat' dir='ltr'>nox</span> <span class='ocrx_word' id='word_1_283' title='bbox 867 3345 1009 3411; x_wconf 88' lang='lat' dir='ltr'>traducta</span> <span class='ocrx_word' id='word_1_284' title='bbox 1022 3354 1080 3412; x_wconf 90' lang='lat' dir='ltr'>est.</span> 
     </span>
    </p>

    <p class='ocr_par' dir='ltr' id='par_1_4' title="bbox 50 3439 1149 4084">
     <span class='ocr_line' id='line_1_34' title="bbox 113 3439 1082 3529; baseline -0.005 -17"><span class='ocrx_word' id='word_1_285' title='bbox 113 3444 166 3512; x_wconf 85' lang='lat' dir='ltr'>Ne</span> <span class='ocrx_word' id='word_1_286' title='bbox 180 3440 377 3511; x_wconf 85' lang='lat' dir='ltr'>Samnitibus</span> <span class='ocrx_word' id='word_1_287' title='bbox 394 3443 523 3528; x_wconf 88' lang='lat' dir='ltr'>quidem</span> <span class='ocrx_word' id='word_1_288' title='bbox 541 3441 707 3508; x_wconf 90' lang='lat' dir='ltr'>consilium</span> <span class='ocrx_word' id='word_1_289' title='bbox 724 3442 759 3505; x_wconf 93' lang='lat' dir='ltr'>in</span> <span class='ocrx_word' id='word_1_290' title='bbox 775 3450 840 3506; x_wconf 90' lang='lat' dir='ltr'>tam</span> <span class='ocrx_word' id='word_1_291' title='bbox 856 3439 947 3506; x_wconf 90' lang='lat' dir='ltr'>laetis</span> <span class='ocrx_word' id='word_1_292' title='bbox 967 3461 1082 3529; x_wconf 90' lang='lat' dir='ltr'>suppe-</span> 
     </span>
     <span class='ocr_line' id='line_1_35' title="bbox 50 3533 1149 3622; baseline -0.006 -15"><span class='ocrx_word' id='word_1_293' title='bbox 50 3539 140 3607; x_wconf 86' lang='lat' dir='ltr'>tebat</span> <span class='ocrx_word' id='word_1_294' title='bbox 155 3535 262 3615; x_wconf 80' lang='lat' dir='ltr'>rebus.</span> <span class='ocrx_word' id='word_1_295' title='bbox 297 3538 403 3622; x_wconf 84' lang='lat' dir='ltr'>itaque</span> <span class='ocrx_word' id='word_1_296' title='bbox 420 3537 558 3603; x_wconf 89' lang='lat' dir='ltr'>universi</span> <span class='ocrx_word' id='word_1_297' title='bbox 576 3535 773 3602; x_wconf 90' lang='lat' dir='ltr'>Herennium</span> <span class='ocrx_word' id='word_1_298' title='bbox 788 3533 939 3601; x_wconf 90' lang='lat' dir='ltr'>Pontium</span> <span class='ocrx_word' id='word_1_299' title='bbox 960 3543 1082 3622; x_wconf 89' lang='lat' dir='ltr'>patrem</span> <span class='ocrx_word' id='word_1_300' title='bbox 1146 3534 1149 3539; x_wconf 77' lang='grc'><strong>’</strong></span> 
     </span>
     <span class='ocr_line' id='line_1_36' title="bbox 50 3629 1115 3721; baseline -0.001 -22"><span class='ocrx_word' id='word_1_301' title='bbox 50 3632 251 3721; x_wconf 86' lang='lat' dir='ltr'>imperatoris</span> <span class='ocrx_word' id='word_1_302' title='bbox 267 3654 324 3718; x_wconf 89' lang='lat' dir='ltr'>per</span> <span class='ocrx_word' id='word_1_303' title='bbox 341 3632 459 3697; x_wconf 89' lang='lat' dir='ltr'>litteras</span> <span class='ocrx_word' id='word_1_304' title='bbox 477 3629 706 3697; x_wconf 85' lang='lat' dir='ltr'>consulendum</span> <span class='ocrx_word' id='word_1_305' title='bbox 724 3639 861 3695; x_wconf 88' lang='lat' dir='ltr'>censent.</span> <span class='ocrx_word' id='word_1_306' title='bbox 892 3631 956 3695; x_wconf 90' lang='lat' dir='ltr'>iam</span> <span class='ocrx_word' id='word_1_307' title='bbox 968 3629 997 3695; x_wconf 91' lang='lat' dir='ltr'>is</span> <span class='ocrx_word' id='word_1_308' title='bbox 1010 3652 1082 3718; x_wconf 87' lang='lat' dir='ltr'>gra·</span> <span class='ocrx_word' id='word_1_309' title='bbox 1100 3646 1115 3698; x_wconf 71' lang='lat' dir='ltr'>a</span> 
     </span>
     <span class='ocr_line' id='line_1_37' title="bbox 51 3721 1082 3808; baseline -0.007 -13"><span class='ocrx_word' id='word_1_310' title='bbox 51 3727 99 3795; x_wconf 83' lang='lat' dir='ltr'>vis</span> <span class='ocrx_word' id='word_1_311' title='bbox 117 3725 211 3794; x_wconf 88' lang='lat' dir='ltr'>annis</span> <span class='ocrx_word' id='word_1_312' title='bbox 228 3749 293 3793; x_wconf 93' lang='lat' dir='ltr'>non</span> <span class='ocrx_word' id='word_1_313' title='bbox 309 3725 496 3792; x_wconf 89' lang='lat' dir='ltr'>militaribus</span> <span class='ocrx_word' id='word_1_314' title='bbox 516 3724 628 3803; x_wconf 92' lang='lat' dir='ltr'>solum,</span> <span class='ocrx_word' id='word_1_315' title='bbox 643 3723 699 3789; x_wconf 88' lang='lat' dir='ltr'>sed</span> <span class='ocrx_word' id='word_1_316' title='bbox 712 3722 856 3788; x_wconf 89' lang='lat' dir='ltr'>civilibus</span> <span class='ocrx_word' id='word_1_317' title='bbox 870 3744 996 3808; x_wconf 90' lang='lat' dir='ltr'>quoque</span> <span class='ocrx_word' id='word_1_318' title='bbox 1009 3721 1082 3788; x_wconf 91' lang='lat' dir='ltr'>abs-</span> 
     </span>
     <span class='ocr_line' id='line_1_38' title="bbox 52 3815 1081 3906; baseline -0.009 -17"><span class='ocrx_word' id='word_1_319' title='bbox 52 3829 193 3889; x_wconf 82' lang='lat' dir='ltr'>cesserat</span> <span class='ocrx_word' id='word_1_320' title='bbox 209 3818 407 3898; x_wconf 90' lang='lat' dir='ltr'>muneribus,</span> <span class='ocrx_word' id='word_1_321' title='bbox 424 3819 457 3884; x_wconf 93' lang='lat' dir='ltr'>in</span> <span class='ocrx_word' id='word_1_322' title='bbox 475 3840 604 3906; x_wconf 87' lang='lat' dir='ltr'>corporo</span> <span class='ocrx_word' id='word_1_323' title='bbox 621 3827 728 3883; x_wconf 91' lang='lat' dir='ltr'>tamen</span> <span class='ocrx_word' id='word_1_324' title='bbox 746 3816 869 3882; x_wconf 86' lang='lat' dir='ltr'>adfecto</span> <span class='ocrx_word' id='word_1_325' title='bbox 886 3815 1015 3903; x_wconf 83' lang='lat' dir='ltr'>vigebat</span> <span class='ocrx_word' id='word_1_326' title='bbox 1032 3815 1081 3880; x_wconf 88' lang='lat' dir='ltr'>vis</span> 
     </span>
     <span class='ocr_line' id='line_1_39' title="bbox 53 3907 1114 4000; baseline -0.01 -18"><span class='ocrx_word' id='word_1_327' title='bbox 53 3913 150 3982; x_wconf 84' lang='lat' dir='ltr'>animi</span> <span class='ocrx_word' id='word_1_328' title='bbox 172 3913 366 3999; x_wconf 86' lang='lat' dir='ltr'>consiliique.</span> <span class='ocrx_word' id='word_1_329' title='bbox 402 3912 430 3977; x_wconf 93' lang='lat' dir='ltr'>is</span> <span class='ocrx_word' id='word_1_330' title='bbox 452 3911 507 3979; x_wconf 93' lang='lat' dir='ltr'>ubi</span> <span class='ocrx_word' id='word_1_331' title='bbox 530 3912 664 4000; x_wconf 89' lang='lat' dir='ltr'>accepit,</span> <span class='ocrx_word' id='word_1_332' title='bbox 692 3913 734 3978; x_wconf 84' lang='lat' dir='ltr'>ad</span> <span class='ocrx_word' id='word_1_333' title='bbox 755 3911 895 3977; x_wconf 85' lang='lat' dir='ltr'>furculas</span> <span class='ocrx_word' id='word_1_334' title='bbox 918 3907 1114 3976; x_wconf 80' lang='lat' dir='ltr'>Caudinass</span> 
     </span>
     <span class='ocr_line' id='line_1_40' title="bbox 51 4003 1081 4084; baseline -0.009 -7"><span class='ocrx_word' id='word_1_335' title='bbox 51 4010 133 4077; x_wconf 89' lang='lat' dir='ltr'>inter</span> <span class='ocrx_word' id='word_1_336' title='bbox 151 4009 233 4076; x_wconf 86' lang='lat' dir='ltr'>duos</span> <span class='ocrx_word' id='word_1_337' title='bbox 252 4008 350 4075; x_wconf 88' lang='lat' dir='ltr'>saltus</span> <span class='ocrx_word' id='word_1_338' title='bbox 368 4007 493 4076; x_wconf 88' lang='lat' dir='ltr'>clausos</span> <span class='ocrx_word' id='word_1_339' title='bbox 511 4030 582 4076; x_wconf 91' lang='lat' dir='ltr'>esse</span> <span class='ocrx_word' id='word_1_340' title='bbox 599 4008 754 4075; x_wconf 87' lang='lat' dir='ltr'>exercitus</span> <span class='ocrx_word' id='word_1_341' title='bbox 768 4006 941 4084; x_wconf 88' lang='lat' dir='ltr'>Romanoa,</span> <span class='ocrx_word' id='word_1_342' title='bbox 955 4003 1081 4071; x_wconf 91' lang='lat' dir='ltr'>consul-</span> 
     </span>
    </p>
   </div>
   <div class='ocr_carea' id='block_1_3' title="bbox 0 0 1292 4524">
    <p class='ocr_par' dir='ltr' id='par_1_5' title="bbox 0 0 1292 4524">
     <span class='ocr_line' id='line_1_41' title="bbox 0 0 1292 4524; baseline 0 0"><span class='ocrx_word' id='word_1_343' title='bbox 0 0 1292 4524; x_wconf 95' lang='lat' dir='ltr'> </span> 
     </span>
    </p>
   </div>
  </div>
 </body>
</html>
