2566 4524
154 251 219 318 342
377 261 496 316 uranu
513 258 570 330 vr,
589 260 631 314 aa.
643 259 686 314 37.
705 257 884 329 [ascesa
897 258 962 328 aso]

155 444 228 487 cum
248 427 338 507 parte
360 417 552 505 collegarum
574 425 605 482 et
626 438 691 482 uno
714 438 755 482 ex
772 415 905 482 tribunis
923 415 1060 481 militum
1075 416 1162 496 Fabio,
1208 462 1210 467 -

155 513 325 580 artifices
316 535 380 578 ram
406 519 453 578 tot
478 532 632 577 annorum
657 533 719 576 usu
744 511 899 576 tractandi
924 511 1049 576 animos
1072 510 1210 619 plebia:

154 609 308 696 primores
320 616 445 693 patrum
458 606 629 691 productos
642 604 863 692 interrogando
882 605 921 670 de
941 605 1085 692 singulis,
1102 626 1210 691 quac

107 726 137 772 ιι
157 703 339 769 ferebantur
355 701 397 765 ad
413 700 580 809 populum,
599 698 788 786 fatigabant:
807 699 959 765 auderent
946 708 1000 764 tne
1017 692 1210 811 postqul

157 806 205 875 ut,
233 819 307 861 cum
332 794 441 861 bina
432 816 542 880 rugera
564 794 632 882 agri
653 792 739 879 plebi
760 793 988 873 dividerentur,
1016 794 1091 880 ipsis
1108 794 1162 880 plus
1204 794 1210 859 ι’

157 891 331 976 quingenta
350 889 461 975 iugera
481 886 598 953 habere
619 888 726 954 liceret
713 896 798 966 tut,
817 888 933 974 singuli
950 910 1051 974 prope
1068 897 1161 954 trecen-

158 996 263 1051 torum
289 983 405 1049 civium
430 983 629 1069 possiderent
650 1005 757 1069 agros,
784 981 908 1069 plebeio
930 982 1053 1048 homini
1072 981 1162 1048 vixad
1195 1052 1201 1061 ,

157 1088 275 1145 tectum
305 1078 519 1143 necessarium
544 1086 600 1142 aut
624 1077 730 1142 locum
757 1077 936 1163 sepulturae
964 1100 1043 1144 suus
1068 1083 1162 1163 pateret

108 1195 140 1244 ιι
158 1173 253 1262 ager?
269 1197 311 1240 an
322 1173 460 1260 placeret
472 1171 599 1237 faenore
618 1171 862 1237 circumventam
878 1170 1016 1259 plebem,
1033 1172 1067 1255 ni
1082 1169 1161 1259 potius
1198 1182 1201 1187 '

158 1293 254 1358 quam
277 1278 394 1335 sortem
417 1267 569 1333 creditum
588 1266 702 1344 solvat,
727 1289 840 1352 corpus
858 1267 892 1331 in
908 1288 1042 1331 nervum
1059 1289 1094 1331 ac
1110 1286 1163 1350 erp
1196 1318 1199 1325 .

157 1363 253 1450 plicia
274 1363 349 1428 dare
371 1371 403 1427 et
424 1360 579 1449 gregatim
601 1359 715 1424 cotidie
737 1360 776 1425 de
799 1359 867 1425 foro
889 1360 1033 1425 addictos
1059 1359 1125 1425 duci
1144 1364 1164 1420 et
1196 1386 1199 1393 ·

158 1456 272 1544 repleri
298 1457 411 1522 vinctis
437 1454 559 1521 nobiles
591 1455 703 1519 domus
735 1463 780 1532 et,
816 1453 1009 1538 ubicumque
1040 1450 1162 1541 patriciu

158 1550 291 1628 habitet,
310 1548 356 1614 ibi
373 1571 529 1615 carcerem
547 1548 704 1634 privatum
723 1547 812 1613 esse?

7 1698 10 1704 .
127 1667 141 1712 1
224 1641 413 1710 XXXVII.
448 1642 541 1708 Haec
566 1642 697 1729 indigna
722 1642 963 1726 miserandaque
986 1642 1093 1707 auditu
1113 1660 1165 1706 cun

161 1739 247 1825 apud
269 1738 414 1803 timentes
438 1737 563 1803 sibimet
584 1738 672 1824 ipsos
694 1736 811 1801 maiore
834 1737 1030 1802 audientium
1047 1737 1166 1823 indigna

126 1852 141 1899 2
160 1833 244 1898 tione
266 1854 363 1918 quam
381 1854 439 1897 sua
456 1832 698 1917 increpuissent,
722 1831 808 1915 atqui
825 1853 885 1896 nec
902 1853 997 1918 agros
1017 1825 1168 1916 occupandi

160 1927 290 1993 modum
307 1946 366 1991 nec
384 1925 511 1990 faenore
530 1925 706 2002 trucidandi
717 1923 844 2010 plebem
856 1924 953 1989 alium
966 1925 1106 2010 patribus
1119 1944 1169 1987 um·
1192 1918 1195 1923 ’

161 2042 257 2103 quam
279 2019 347 2083 sore
368 2017 589 2096 adfirmabant,
616 2019 679 2083 nisi
699 2018 833 2083 alterum
851 2017 1001 2105 explebe
1020 2017 1168 2092 consulem,

128 2112 324 2180 scustodem
352 2133 427 2176 suae
448 2111 615 2190 libertatis,
642 2112 744 2199 plebis
771 2112 908 2178 fecisset.
944 2113 1102 2178 contemni
1123 2112 1172 2176 ian

161 2205 303 2272 tribunos
320 2204 436 2294 plebis,
455 2206 571 2293 quippe
589 2228 670 2290 quae
687 2215 827 2291 potestas
845 2207 909 2272 iam
928 2229 1021 2271 suam
1037 2207 1107 2292 ipsa
1122 2205 1171 2268 vin

2 2368 8 2374 ,
127 2300 351 2412 ufrangatint
338 2301 536 2366 tercedendo.
572 2322 636 2365 non
653 2323 748 2387 posse
766 2323 867 2384 aequo
884 2301 952 2367 iure
969 2301 1038 2387 agi,
1060 2298 1136 2365 ubi
1128 2321 1173 2364 m-

160 2398 284 2506 perium
304 2419 402 2484 penes
423 2396 510 2474 illos,
536 2418 634 2483 penes
658 2419 692 2460 se
718 2396 870 2461 auxilium
897 2404 1020 2460 tantum
1047 2396 1096 2460 sit
1128 2389 1175 2457 nisi

161 2492 293 2578 imperio
316 2492 545 2557 communicato
568 2512 740 2575 numquam
761 2489 913 2577 plebem
904 2514 937 2554 ιιι
954 2498 1044 2576 parte
1061 2488 1127 2576 pari
1142 2483 1175 2551 rei

160 2586 306 2672 publicae
333 2585 410 2651 sore.
446 2607 505 2650 nec
532 2606 603 2649 esse
629 2584 714 2668 quod
741 2585 909 2668 quisquam
935 2585 1012 2648 satis
1035 2592 1134 2670 putet,
1157 2576 1177 2644 si
1208 2634 1210 2653 ,

160 2679 356 2766 plebeiorum
377 2703 412 2744 ra
413 2679 456 2743 tio
480 2679 612 2745 comitiis
636 2679 853 2744 consularibus
875 2678 988 2743 habeat
977 2687 1042 2758 t3ur
1069 2673 1178 2743 nisial·
1206 2678 1210 2749 ζ

162 2784 264 2838 terum
282 2772 491 2838 cousulemt
457 2796 478 2837 u
480 2774 564 2858 tique
579 2773 723 2859 explebe
737 2773 805 2838 fieri
817 2796 946 2838 necesse
961 2774 1015 2852 sit,
1035 2773 1178 2838 neminen
1208 2758 1210 2775 ¹

129 2867 240 2935 afore.
281 2889 323 2930 an
342 2867 406 2930 iam
428 2868 579 2933 memoria
601 2868 718 2947 exisse,
743 2890 815 2932 cum
833 2867 973 2933 tribunos
992 2868 1127 2932 militum
1142 2863 1178 2929 id·

164 2960 245 3025 circo
262 2960 367 3046 potius
386 2981 481 3046 quam
497 2962 642 3027 consules
657 2964 755 3027 creari
766 2962 947 3048 placuisset,
966 2971 1002 3025 ut
1016 2972 1048 3027 et
1062 2958 1177 3047 plebeiis

161 3064 282 3141 pateret
300 3079 442 3122 summus
455 3057 570 3135 honos,
590 3066 737 3141 quattuor
753 3066 785 3122 et
802 3057 1012 3142 quadraginta
1030 3057 1179 3121 anniane-

80 3186 84 3192 ·
128 3170 144 3218 6
162 3151 279 3217 minem
297 3172 337 3215 ex
353 3150 446 3238 plebe
465 3151 623 3218 tribunum
641 3152 776 3215 militum
794 3160 932 3215 creatum
951 3151 1043 3217 esse?
1060 3151 1115 3234 qui
1127 3168 1179 3213 cre·

162 3246 286 3324 derent,
313 3244 437 3312 duobus
459 3269 544 3311 nunc
565 3246 599 3310 in
620 3244 698 3311 locis
721 3269 779 3310 sua
804 3245 964 3309 voluntate
990 3244 1177 3330 inpertituros

161 3338 248 3425 plebi
268 3339 434 3418 honorem,
458 3341 512 3425 qui
530 3349 642 3406 octona
658 3340 728 3404 loca
745 3339 878 3404 tribunis
896 3338 1033 3403 militum
1052 3334 1178 3404 creandis

163 3454 317 3517 occupare
336 3433 420 3499 soliti
437 3435 513 3513 sint,
533 3444 564 3499 et
552 3434 622 3500 tad
641 3433 783 3499 consulat
771 3443 837 3498 tum
852 3433 935 3498 viam
950 3432 1019 3497 fieri
1032 3452 1178 3520 passuros,

130 3547 144 3595 ⁷
163 3548 218 3611 qur
207 3525 430 3592 tribunatum
448 3538 592 3638 saeptum
609 3537 673 3593 tam
691 3528 745 3591 diu
758 3527 943 3593 habuerint?
964 3526 1038 3615 lege
1052 3527 1178 3594 obtinen-

163 3620 240 3685 dum
258 3642 341 3700 esse,
361 3622 447 3708 quod
465 3623 598 3688 comitiis
611 3622 814 3710 pergratiam
828 3630 974 3707 nequeat,
994 3631 1027 3687 et
1041 3641 1178 3725 seponen-

164 3714 241 3780 dum
262 3725 351 3783 extra
372 3728 529 3785 certamen
551 3717 683 3782 alterum
701 3718 913 3795 consulatum,
937 3717 979 3782 ad
996 3739 1091 3802 quem
1107 3708 1177 3802 pleb

164 3810 205 3875 sit
192 3809 339 3890 taditus,
363 3813 511 3896 quoniam
527 3813 561 3876 in
579 3811 746 3878 certamine
763 3812 889 3877 relictus
912 3812 1090 3897 praemium
1110 3828 1177 3874 scm·

129 3920 219 3988 sper
235 3907 418 4016 potentioris
436 3906 485 3971 sut
473 3916 561 3973 turus
580 3907 629 3972 sit.
665 3929 724 3971 nec
745 3906 809 3970 iam
830 3929 926 3993 posse
949 3907 1012 3971 dici
1034 3907 1080 3986 id,
1106 3895 1175 3988 quod

164 4006 255 4066 antea
271 4001 387 4067 iactare
405 4000 531 4066 soliti
506 4010 581 4080 smt,
600 4024 664 4067 uon
681 4023 752 4067 esec
769 4001 802 4066 in
816 4001 948 4088 plebeiis
962 4001 1092 4067 idoneos
1104 3997 1173 4063 viros

32 4140 120 4256 'k
