<?xml version="1.0" encoding="UTF-8"?>
<!DOCTYPE html PUBLIC "-//W3C//DTD XHTML 1.0 Transitional//EN"
    "http://www.w3.org/TR/xhtml1/DTD/xhtml1-transitional.dtd">
<html xmlns="http://www.w3.org/1999/xhtml" xml:lang="en" lang="en">
 <head>
  <title>
</title>
<meta http-equiv="Content-Type" content="text/html;charset=utf-8" />
  <meta name='ocr-system' content='tesseract 3.04.00' />
  <meta name='ocr-capabilities' content='ocr_page ocr_carea ocr_par ocr_line ocrx_word'/>
</head>
<body>
  <div class='ocr_page' id='page_1' title='image "./titiliviaburbec01weisgoog_0407.png"; bbox 0 0 2566 4524; ppageno 0'>
   <div class='ocr_carea' id='block_1_1' title="bbox 177 258 947 342">
    <p class='ocr_par' dir='ltr' id='par_1_1' title="bbox 177 258 947 342">
     <span class='ocr_line' id='line_1_1' title="bbox 177 258 947 342; baseline 0 -16"><span class='ocrx_word' id='word_1_1' title='bbox 177 258 242 326; x_wconf 80' lang='lat'>318</span> <span class='ocrx_word' id='word_1_2' title='bbox 430 271 550 328; x_wconf 79' lang='lat' dir='ltr'>LIBER</span> <span class='ocrx_word' id='word_1_3' title='bbox 566 271 621 342; x_wconf 90' lang='lat' dir='ltr'>VI,</span> <span class='ocrx_word' id='word_1_4' title='bbox 640 270 681 326; x_wconf 87' lang='grc'>13.</span> <span class='ocrx_word' id='word_1_5' title='bbox 694 270 739 326; x_wconf 84' lang='grc'>14.</span> <span class='ocrx_word' id='word_1_6' title='bbox 760 274 836 340; x_wconf 83' lang='lat' dir='ltr'>[au.</span> <span class='ocrx_word' id='word_1_7' title='bbox 846 270 872 327; x_wconf 84' lang='lat' dir='ltr'>c&#39;.</span> <span class='ocrx_word' id='word_1_8' title='bbox 882 271 947 342; x_wconf 76' lang='lat'><strong>369]</strong></span> 
     </span>
    </p>
   </div>
   <div class='ocr_carea' id='block_1_2' title="bbox 141 427 1101 3740">
    <p class='ocr_par' dir='ltr' id='par_1_2' title="bbox 142 427 1101 1748">
     <span class='ocr_line' id='line_1_2' title="bbox 177 427 1101 518; baseline -0.002 -21"><span class='ocrx_word' id='word_1_9' title='bbox 177 431 273 497; x_wconf 85' lang='lat' dir='ltr'>caede</span> <span class='ocrx_word' id='word_1_10' title='bbox 291 429 428 518; x_wconf 88' lang='lat' dir='ltr'>spatium</span> <span class='ocrx_word' id='word_1_11' title='bbox 445 429 487 495; x_wconf 92' lang='lat' dir='ltr'>ad</span> <span class='ocrx_word' id='word_1_12' title='bbox 508 427 707 495; x_wconf 86' lang='lat' dir='ltr'>evadendum</span> <span class='ocrx_word' id='word_1_13' title='bbox 728 428 852 495; x_wconf 90' lang='lat' dir='ltr'>interim</span> <span class='ocrx_word' id='word_1_14' title='bbox 874 428 1070 495; x_wconf 87' lang='lat' dir='ltr'>multitudini</span> <span class='ocrx_word' id='word_1_15' title='bbox 1088 431 1101 495; x_wconf 78' lang='lat' dir='ltr'>c·</span> 
     </span>
     <span class='ocr_line' id='line_1_3' title="bbox 143 523 1101 610; baseline -0.005 -13"><span class='ocrx_word' id='word_1_16' title='bbox 143 526 256 597; x_wconf 72' lang='lat' dir='ltr'>neatis</span> <span class='ocrx_word' id='word_1_17' title='bbox 274 548 359 605; x_wconf 88' lang='lat' dir='ltr'>esse,</span> <span class='ocrx_word' id='word_1_18' title='bbox 385 523 558 592; x_wconf 82' lang='lat' dir='ltr'>missilibus</span> <span class='ocrx_word' id='word_1_19' title='bbox 576 545 615 590; x_wconf 86' lang='lat' dir='ltr'>ac</span> <span class='ocrx_word' id='word_1_20' title='bbox 636 531 754 589; x_wconf 88' lang='lat' dir='ltr'>terrore</span> <span class='ocrx_word' id='word_1_21' title='bbox 774 523 910 610; x_wconf 88' lang='lat' dir='ltr'>inpediri</span> <span class='ocrx_word' id='word_1_22' title='bbox 932 546 1061 592; x_wconf 90' lang='lat' dir='ltr'>cursum</span> <span class='ocrx_word' id='word_1_23' title='bbox 1084 550 1101 592; x_wconf 92' lang='lat' dir='ltr'>o</span> 
     </span>
     <span class='ocr_line' id='line_1_4' title="bbox 176 617 1101 708; baseline -0.001 -20"><span class='ocrx_word' id='word_1_24' title='bbox 176 621 335 707; x_wconf 74' lang='lat' dir='ltr'>tendoque</span> <span class='ocrx_word' id='word_1_25' title='bbox 352 641 467 708; x_wconf 86' lang='lat' dir='ltr'>agmen</span> <span class='ocrx_word' id='word_1_26' title='bbox 484 619 592 698; x_wconf 87' lang='lat' dir='ltr'>teneri,</span> <span class='ocrx_word' id='word_1_27' title='bbox 611 617 687 684; x_wconf 92' lang='lat' dir='ltr'>dum</span> <span class='ocrx_word' id='word_1_28' title='bbox 706 618 838 703; x_wconf 83' lang='lat' dir='ltr'>adsequi</span> <span class='ocrx_word' id='word_1_29' title='bbox 853 619 953 706; x_wconf 88' lang='lat' dir='ltr'>pedes</span> <span class='ocrx_word' id='word_1_30' title='bbox 971 629 1003 685; x_wconf 89' lang='lat' dir='ltr'>et</span> <span class='ocrx_word' id='word_1_31' title='bbox 1018 621 1101 687; x_wconf 89' lang='lat' dir='ltr'>iusta</span> 
     </span>
     <span class='ocr_line' id='line_1_5' title="bbox 144 713 1101 800; baseline -0.001 -18"><span class='ocrx_word' id='word_1_32' title='bbox 144 715 331 788; x_wconf 88' lang='lat' dir='ltr'>aconficere</span> <span class='ocrx_word' id='word_1_33' title='bbox 355 714 481 780; x_wconf 84' lang='lat' dir='ltr'>hostem</span> <span class='ocrx_word' id='word_1_34' title='bbox 506 722 624 800; x_wconf 90' lang='lat' dir='ltr'>posset.</span> <span class='ocrx_word' id='word_1_35' title='bbox 673 713 771 800; x_wconf 81' lang='lat' dir='ltr'>fugae</span> <span class='ocrx_word' id='word_1_36' title='bbox 801 713 1017 799; x_wconf 89' lang='lat' dir='ltr'>sequendique</span> <span class='ocrx_word' id='word_1_37' title='bbox 1048 738 1101 781; x_wconf 86' lang='lat' dir='ltr'>nor</span> 
     </span>
     <span class='ocr_line' id='line_1_6' title="bbox 175 807 1101 896; baseline 0.001 -20"><span class='ocrx_word' id='word_1_38' title='bbox 175 819 301 876; x_wconf 89' lang='lat' dir='ltr'>noctem</span> <span class='ocrx_word' id='word_1_39' title='bbox 325 807 398 875; x_wconf 86' lang='lat' dir='ltr'>finis</span> <span class='ocrx_word' id='word_1_40' title='bbox 425 807 494 874; x_wconf 83' lang='lat' dir='ltr'>suit</span> <span class='ocrx_word' id='word_1_41' title='bbox 540 816 632 894; x_wconf 84' lang='lat' dir='ltr'>capta</span> <span class='ocrx_word' id='word_1_42' title='bbox 657 830 784 895; x_wconf 88' lang='lat' dir='ltr'>quoque</span> <span class='ocrx_word' id='word_1_43' title='bbox 810 829 849 874; x_wconf 92' lang='lat' dir='ltr'>ac</span> <span class='ocrx_word' id='word_1_44' title='bbox 874 808 997 896; x_wconf 82' lang='lat' dir='ltr'>direpta</span> <span class='ocrx_word' id='word_1_45' title='bbox 1022 811 1101 877; x_wconf 90' lang='lat' dir='ltr'>eode</span> 
     </span>
     <span class='ocr_line' id='line_1_7' title="bbox 177 902 1101 991; baseline 0.001 -20"><span class='ocrx_word' id='word_1_46' title='bbox 177 914 280 971; x_wconf 81' lang='lat' dir='ltr'>castre</span> <span class='ocrx_word' id='word_1_47' title='bbox 296 902 486 971; x_wconf 88' lang='lat' dir='ltr'>Volscorum</span> <span class='ocrx_word' id='word_1_48' title='bbox 503 903 683 991; x_wconf 87' lang='lat' dir='ltr'>praedaque</span> <span class='ocrx_word' id='word_1_49' title='bbox 701 902 804 969; x_wconf 89' lang='lat' dir='ltr'>omnis</span> <span class='ocrx_word' id='word_1_50' title='bbox 821 912 946 990; x_wconf 90' lang='lat' dir='ltr'>praeter</span> <span class='ocrx_word' id='word_1_51' title='bbox 963 904 1065 971; x_wconf 89' lang='lat' dir='ltr'>libera</span> <span class='ocrx_word' id='word_1_52' title='bbox 1082 929 1101 972; x_wconf 88' lang='lat' dir='ltr'>o</span> 
     </span>
     <span class='ocr_line' id='line_1_8' title="bbox 143 998 1101 1085; baseline 0.001 -20"><span class='ocrx_word' id='word_1_53' title='bbox 143 999 268 1071; x_wconf 78' lang='lat' dir='ltr'>rmiliti</span> <span class='ocrx_word' id='word_1_54' title='bbox 289 1020 440 1065; x_wconf 86' lang='lat' dir='ltr'>concessa</span> <span class='ocrx_word' id='word_1_55' title='bbox 461 1007 518 1065; x_wconf 88' lang='lat' dir='ltr'>est.</span> <span class='ocrx_word' id='word_1_56' title='bbox 554 1020 628 1084; x_wconf 87' lang='lat' dir='ltr'>pars</span> <span class='ocrx_word' id='word_1_57' title='bbox 652 998 790 1063; x_wconf 89' lang='lat' dir='ltr'>maxima</span> <span class='ocrx_word' id='word_1_58' title='bbox 807 998 1005 1085; x_wconf 83' lang='lat' dir='ltr'>captivorum</span> <span class='ocrx_word' id='word_1_59' title='bbox 1027 1001 1101 1066; x_wconf 92' lang='lat' dir='ltr'>exl</span> 
     </span>
     <span class='ocr_line' id='line_1_9' title="bbox 176 1090 1101 1180; baseline -0.001 -19"><span class='ocrx_word' id='word_1_60' title='bbox 176 1102 272 1180; x_wconf 88' lang='lat' dir='ltr'>atquo</span> <span class='ocrx_word' id='word_1_61' title='bbox 289 1092 439 1159; x_wconf 80' lang='lat' dir='ltr'>Hernicis</span> <span class='ocrx_word' id='word_1_62' title='bbox 456 1091 526 1171; x_wconf 83' lang='lat' dir='ltr'>fuit,</span> <span class='ocrx_word' id='word_1_63' title='bbox 545 1113 604 1157; x_wconf 86' lang='lat' dir='ltr'>nee</span> <span class='ocrx_word' id='word_1_64' title='bbox 621 1090 786 1157; x_wconf 91' lang='lat' dir='ltr'>hominum</span> <span class='ocrx_word' id='word_1_65' title='bbox 803 1092 843 1157; x_wconf 93' lang='lat' dir='ltr'>de</span> <span class='ocrx_word' id='word_1_66' title='bbox 860 1092 963 1178; x_wconf 85' lang='lat' dir='ltr'>plebe,</span> <span class='ocrx_word' id='word_1_67' title='bbox 981 1103 1018 1158; x_wconf 89' lang='lat' dir='ltr'>ut</span> <span class='ocrx_word' id='word_1_68' title='bbox 1037 1096 1101 1160; x_wconf 79' lang='lat' dir='ltr'>cret&#39;</span> 
     </span>
     <span class='ocr_line' id='line_1_10' title="bbox 177 1186 1101 1274; baseline -0.003 -20"><span class='ocrx_word' id='word_1_69' title='bbox 177 1198 226 1254; x_wconf 86' lang='lat' dir='ltr'>set</span> <span class='ocrx_word' id='word_1_70' title='bbox 250 1188 395 1254; x_wconf 75' lang='lat' dir='ltr'>mercede</span> <span class='ocrx_word' id='word_1_71' title='bbox 420 1187 588 1265; x_wconf 81' lang='lat' dir='ltr'>militasse,</span> <span class='ocrx_word' id='word_1_72' title='bbox 617 1187 674 1252; x_wconf 92' lang='lat' dir='ltr'>sed</span> <span class='ocrx_word' id='word_1_73' title='bbox 699 1186 857 1274; x_wconf 84' lang='lat' dir='ltr'>principes</span> <span class='ocrx_word' id='word_1_74' title='bbox 884 1186 1014 1271; x_wconf 90' lang='lat' dir='ltr'>quidam</span> <span class='ocrx_word' id='word_1_75' title='bbox 1040 1188 1101 1255; x_wconf 68' lang='lat' dir='ltr'>inv&lt;</span> 
     </span>
     <span class='ocr_line' id='line_1_11' title="bbox 176 1280 1101 1369; baseline 0.002 -21"><span class='ocrx_word' id='word_1_76' title='bbox 176 1283 309 1364; x_wconf 87' lang='lat' dir='ltr'>inventi,</span> <span class='ocrx_word' id='word_1_77' title='bbox 337 1282 506 1348; x_wconf 83' lang='lat' dir='ltr'>manifesta</span> <span class='ocrx_word' id='word_1_78' title='bbox 522 1280 616 1361; x_wconf 89' lang='lat' dir='ltr'>fides,</span> <span class='ocrx_word' id='word_1_79' title='bbox 643 1280 771 1369; x_wconf 89' lang='lat' dir='ltr'>publica</span> <span class='ocrx_word' id='word_1_80' title='bbox 793 1303 854 1368; x_wconf 87' lang='lat' dir='ltr'>ope</span> <span class='ocrx_word' id='word_1_81' title='bbox 870 1280 1007 1349; x_wconf 82' lang='lat' dir='ltr'>Volscos</span> <span class='ocrx_word' id='word_1_82' title='bbox 1030 1283 1101 1350; x_wconf 84' lang='lat' dir='ltr'>bost</span> 
     </span>
     <span class='ocr_line' id='line_1_12' title="bbox 142 1376 1101 1465; baseline -0.002 -18"><span class='ocrx_word' id='word_1_83' title='bbox 142 1379 269 1447; x_wconf 82' lang='lat' dir='ltr'>aiutos.</span> <span class='ocrx_word' id='word_1_84' title='bbox 307 1376 543 1444; x_wconf 76' lang='lat' dir='ltr'>Cerceiensium</span> <span class='ocrx_word' id='word_1_85' title='bbox 565 1398 691 1461; x_wconf 86' lang='lat' dir='ltr'>quoque</span> <span class='ocrx_word' id='word_1_86' title='bbox 713 1376 842 1462; x_wconf 81' lang='lat' dir='ltr'>quidem</span> <span class='ocrx_word' id='word_1_87' title='bbox 864 1377 983 1465; x_wconf 87' lang='lat' dir='ltr'>cogniti</span> <span class='ocrx_word' id='word_1_88' title='bbox 1009 1387 1043 1443; x_wconf 89' lang='lat' dir='ltr'>et</span> <span class='ocrx_word' id='word_1_89' title='bbox 1065 1401 1101 1445; x_wconf 90' lang='lat' dir='ltr'>co</span> 
     </span>
     <span class='ocr_line' id='line_1_13' title="bbox 175 1470 1101 1562; baseline -0.001 -22"><span class='ocrx_word' id='word_1_90' title='bbox 175 1471 321 1553; x_wconf 84' lang='lat' dir='ltr'>Velitris3</span> <span class='ocrx_word' id='word_1_91' title='bbox 343 1473 542 1556; x_wconf 82' lang='lat' dir='ltr'>Romamque</span> <span class='ocrx_word' id='word_1_92' title='bbox 561 1493 672 1537; x_wconf 89' lang='lat' dir='ltr'>omnes</span> <span class='ocrx_word' id='word_1_93' title='bbox 689 1470 779 1536; x_wconf 85' lang='lat' dir='ltr'>missi</span> <span class='ocrx_word' id='word_1_94' title='bbox 796 1472 1075 1557; x_wconf 77' lang='lat' dir='ltr'>percunctantibus</span> <span class='ocrx_word' id='word_1_95' title='bbox 1096 1498 1101 1562; x_wconf 61' lang='lat'><strong>3</strong></span> 
     </span>
     <span class='ocr_line' id='line_1_14' title="bbox 175 1566 1101 1654; baseline 0 -20"><span class='ocrx_word' id='word_1_96' title='bbox 175 1567 264 1634; x_wconf 85' lang='lat' dir='ltr'>ribus</span> <span class='ocrx_word' id='word_1_97' title='bbox 281 1576 406 1654; x_wconf 86' lang='lat' dir='ltr'>patrum</span> <span class='ocrx_word' id='word_1_98' title='bbox 425 1567 544 1644; x_wconf 87' lang='lat' dir='ltr'>eadem,</span> <span class='ocrx_word' id='word_1_99' title='bbox 563 1588 645 1650; x_wconf 86' lang='lat' dir='ltr'>quae</span> <span class='ocrx_word' id='word_1_100' title='bbox 663 1566 816 1646; x_wconf 77' lang='lat' dir='ltr'>dictatori,</span> <span class='ocrx_word' id='word_1_101' title='bbox 834 1566 1047 1633; x_wconf 85' lang='lat' dir='ltr'>defectionem</span> <span class='ocrx_word' id='word_1_102' title='bbox 1066 1591 1101 1634; x_wconf 90' lang='lat' dir='ltr'>su</span> 
     </span>
     <span class='ocr_line' id='line_1_15' title="bbox 178 1660 852 1748; baseline -0.003 -20"><span class='ocrx_word' id='word_1_103' title='bbox 178 1683 239 1747; x_wconf 92' lang='lat' dir='ltr'>que</span> <span class='ocrx_word' id='word_1_104' title='bbox 257 1661 375 1748; x_wconf 87' lang='lat' dir='ltr'>populi,</span> <span class='ocrx_word' id='word_1_105' title='bbox 395 1660 481 1726; x_wconf 92' lang='lat' dir='ltr'>haud</span> <span class='ocrx_word' id='word_1_106' title='bbox 497 1660 646 1746; x_wconf 85' lang='lat' dir='ltr'>perplexe</span> <span class='ocrx_word' id='word_1_107' title='bbox 664 1661 852 1726; x_wconf 82' lang='lat' dir='ltr'>indicavere.</span> 
     </span>
    </p>

    <p class='ocr_par' dir='ltr' id='par_1_3' title="bbox 143 1754 1101 2128">
     <span class='ocr_line' id='line_1_16' title="bbox 143 1754 1101 1843; baseline 0.003 -22"><span class='ocrx_word' id='word_1_108' title='bbox 143 1777 158 1825; x_wconf 91' lang='lat'>1</span> <span class='ocrx_word' id='word_1_109' title='bbox 241 1755 369 1843; x_wconf 62' lang='lat' dir='ltr'>XIIII,</span> <span class='ocrx_word' id='word_1_110' title='bbox 381 1754 529 1820; x_wconf 75' lang='lat' dir='ltr'>Dictator</span> <span class='ocrx_word' id='word_1_111' title='bbox 545 1754 718 1820; x_wconf 89' lang='lat' dir='ltr'>exercitum</span> <span class='ocrx_word' id='word_1_112' title='bbox 735 1756 769 1820; x_wconf 90' lang='lat' dir='ltr'>in</span> <span class='ocrx_word' id='word_1_113' title='bbox 787 1755 909 1821; x_wconf 86' lang='lat' dir='ltr'>stativis</span> <span class='ocrx_word' id='word_1_114' title='bbox 928 1756 1065 1836; x_wconf 87' lang='lat' dir='ltr'>tenebat,</span> <span class='ocrx_word' id='word_1_115' title='bbox 1085 1782 1101 1824; x_wconf 90' lang='lat' dir='ltr'>n</span> 
     </span>
     <span class='ocr_line' id='line_1_17' title="bbox 178 1848 1100 1937; baseline 0 -19"><span class='ocrx_word' id='word_1_116' title='bbox 178 1851 303 1931; x_wconf 89' lang='lat' dir='ltr'>dubius,</span> <span class='ocrx_word' id='word_1_117' title='bbox 322 1848 440 1918; x_wconf 88' lang='lat' dir='ltr'>bellum</span> <span class='ocrx_word' id='word_1_118' title='bbox 458 1872 531 1916; x_wconf 92' lang='lat' dir='ltr'>cum</span> <span class='ocrx_word' id='word_1_119' title='bbox 543 1850 583 1916; x_wconf 90' lang='lat' dir='ltr'>iis</span> <span class='ocrx_word' id='word_1_120' title='bbox 595 1850 721 1937; x_wconf 90' lang='lat' dir='ltr'>populis</span> <span class='ocrx_word' id='word_1_121' title='bbox 734 1859 838 1936; x_wconf 90' lang='lat' dir='ltr'>patres</span> <span class='ocrx_word' id='word_1_122' title='bbox 852 1851 1005 1932; x_wconf 84' lang='lat' dir='ltr'>iussuros,</span> <span class='ocrx_word' id='word_1_123' title='bbox 1025 1875 1100 1918; x_wconf 87' lang='lat' dir='ltr'>cum</span> 
     </span>
     <span class='ocr_line' id='line_1_18' title="bbox 177 1944 1101 2036; baseline 0.002 -23"><span class='ocrx_word' id='word_1_124' title='bbox 177 1947 263 2013; x_wconf 84' lang='lat' dir='ltr'>dorni</span> <span class='ocrx_word' id='word_1_125' title='bbox 281 1955 390 2011; x_wconf 84' lang='lat' dir='ltr'>exorta</span> <span class='ocrx_word' id='word_1_126' title='bbox 405 1944 506 2010; x_wconf 89' lang='lat' dir='ltr'>moles</span> <span class='ocrx_word' id='word_1_127' title='bbox 525 1945 629 2032; x_wconf 87' lang='lat' dir='ltr'>coegit</span> <span class='ocrx_word' id='word_1_128' title='bbox 646 1945 740 2011; x_wconf 87' lang='lat' dir='ltr'>acciri</span> <span class='ocrx_word' id='word_1_129' title='bbox 757 1945 894 2012; x_wconf 89' lang='lat' dir='ltr'>Romam</span> <span class='ocrx_word' id='word_1_130' title='bbox 912 1969 986 2012; x_wconf 89' lang='lat' dir='ltr'>eum</span> <span class='ocrx_word' id='word_1_131' title='bbox 1007 1949 1101 2036; x_wconf 83' lang='lat' dir='ltr'>glisce</span> 
     </span>
     <span class='ocr_line' id='line_1_19' title="bbox 177 2039 1101 2128; baseline 0.004 -22"><span class='ocrx_word' id='word_1_132' title='bbox 177 2041 246 2106; x_wconf 86' lang='lat' dir='ltr'>dies</span> <span class='ocrx_word' id='word_1_133' title='bbox 264 2039 431 2118; x_wconf 86' lang='lat' dir='ltr'>seditione,</span> <span class='ocrx_word' id='word_1_134' title='bbox 458 2061 555 2124; x_wconf 88' lang='lat' dir='ltr'>quam</span> <span class='ocrx_word' id='word_1_135' title='bbox 573 2039 665 2106; x_wconf 85' lang='lat' dir='ltr'>solito</span> <span class='ocrx_word' id='word_1_136' title='bbox 687 2041 790 2128; x_wconf 87' lang='lat' dir='ltr'>magis</span> <span class='ocrx_word' id='word_1_137' title='bbox 812 2042 1015 2107; x_wconf 89' lang='lat' dir='ltr'>metuendam</span> <span class='ocrx_word' id='word_1_138' title='bbox 1038 2066 1101 2110; x_wconf 89' lang='lat' dir='ltr'>auc·</span> 
     </span>
    </p>

    <p class='ocr_par' dir='ltr' id='par_1_4' title="bbox 141 2133 1101 2319">
     <span class='ocr_line' id='line_1_20' title="bbox 141 2133 1101 2216; baseline 0.002 -13"><span class='ocrx_word' id='word_1_139' title='bbox 141 2154 158 2203; x_wconf 77' lang='lat'>2</span> <span class='ocrx_word' id='word_1_140' title='bbox 177 2133 288 2200; x_wconf 80' lang='lat' dir='ltr'>ciebat</span> <span class='ocrx_word' id='word_1_141' title='bbox 315 2156 380 2201; x_wconf 92' lang='lat' dir='ltr'>non</span> <span class='ocrx_word' id='word_1_142' title='bbox 397 2135 561 2200; x_wconf 74' lang='lat' dir='ltr'>misniam</span> <span class='ocrx_word' id='word_1_143' title='bbox 579 2136 735 2202; x_wconf 82' lang='lat' dir='ltr'>orationes</span> <span class='ocrx_word' id='word_1_144' title='bbox 753 2135 847 2202; x_wconf 86' lang='lat' dir='ltr'>modo</span> <span class='ocrx_word' id='word_1_145' title='bbox 860 2135 908 2201; x_wconf 86' lang='lat' dir='ltr'>M.</span> <span class='ocrx_word' id='word_1_146' title='bbox 918 2136 1033 2216; x_wconf 85' lang='lat' dir='ltr'>Manli,</span> <span class='ocrx_word' id='word_1_147' title='bbox 1054 2141 1101 2205; x_wconf 70' lang='lat' dir='ltr'>set</span> 
     </span>
     <span class='ocr_line' id='line_1_21' title="bbox 176 2229 1101 2319; baseline 0.002 -23"><span class='ocrx_word' id='word_1_148' title='bbox 176 2229 341 2318; x_wconf 88' lang='lat' dir='ltr'>popularia</span> <span class='ocrx_word' id='word_1_149' title='bbox 361 2229 396 2296; x_wconf 94' lang='lat' dir='ltr'>in</span> <span class='ocrx_word' id='word_1_150' title='bbox 416 2230 568 2319; x_wconf 86' lang='lat' dir='ltr'>speciem,</span> <span class='ocrx_word' id='word_1_151' title='bbox 595 2230 790 2297; x_wconf 85' lang='lat' dir='ltr'>tumultuosa</span> <span class='ocrx_word' id='word_1_152' title='bbox 811 2231 922 2296; x_wconf 90' lang='lat' dir='ltr'>eadem</span> <span class='ocrx_word' id='word_1_153' title='bbox 943 2253 1008 2316; x_wconf 91' lang='lat' dir='ltr'>qua</span> <span class='ocrx_word' id='word_1_154' title='bbox 1029 2256 1101 2298; x_wconf 92' lang='lat' dir='ltr'>men</span> 
     </span>
    </p>

    <p class='ocr_par' dir='ltr' id='par_1_5' title="bbox 143 2324 1101 2699">
     <span class='ocr_line' id='line_1_22' title="bbox 143 2324 1101 2394; baseline 0 0"><span class='ocrx_word' id='word_1_155' title='bbox 143 2345 159 2394; x_wconf 81' lang='grc'><strong>3</strong></span> <span class='ocrx_word' id='word_1_156' title='bbox 176 2335 246 2392; x_wconf 89' lang='lat' dir='ltr'>rent</span> <span class='ocrx_word' id='word_1_157' title='bbox 262 2325 396 2392; x_wconf 83' lang='lat' dir='ltr'>intuenti</span> <span class='ocrx_word' id='word_1_158' title='bbox 414 2335 510 2392; x_wconf 80' lang='lat' dir='ltr'>erant.</span> <span class='ocrx_word' id='word_1_159' title='bbox 547 2324 760 2391; x_wconf 83' lang='lat' dir='ltr'>centurionem</span> <span class='ocrx_word' id='word_1_160' title='bbox 781 2325 920 2392; x_wconf 90' lang='lat' dir='ltr'>nobilem</span> <span class='ocrx_word' id='word_1_161' title='bbox 938 2327 1101 2394; x_wconf 86' lang='lat' dir='ltr'>militaribt</span> 
     </span>
     <span class='ocr_line' id='line_1_23' title="bbox 176 2420 1101 2508; baseline -0.001 -21"><span class='ocrx_word' id='word_1_162' title='bbox 176 2422 217 2486; x_wconf 92' lang='lat' dir='ltr'>tis</span> <span class='ocrx_word' id='word_1_163' title='bbox 243 2421 416 2487; x_wconf 74' lang='lat' dir='ltr'>iudicabam</span> <span class='ocrx_word' id='word_1_164' title='bbox 440 2420 594 2508; x_wconf 89' lang='lat' dir='ltr'>pecuniae</span> <span class='ocrx_word' id='word_1_165' title='bbox 620 2442 694 2486; x_wconf 86' lang='lat' dir='ltr'>cum</span> <span class='ocrx_word' id='word_1_166' title='bbox 724 2421 797 2486; x_wconf 88' lang='lat' dir='ltr'>duci</span> <span class='ocrx_word' id='word_1_167' title='bbox 824 2420 969 2501; x_wconf 82' lang='lat' dir='ltr'>vidisset,</span> <span class='ocrx_word' id='word_1_168' title='bbox 1008 2425 1101 2488; x_wconf 72' lang='lat' dir='ltr'>medi&lt;</span> 
     </span>
     <span class='ocr_line' id='line_1_24' title="bbox 177 2516 1101 2597; baseline 0.002 -14"><span class='ocrx_word' id='word_1_169' title='bbox 177 2539 249 2583; x_wconf 86' lang='lat' dir='ltr'>uum</span> <span class='ocrx_word' id='word_1_170' title='bbox 271 2527 397 2584; x_wconf 85' lang='lat' dir='ltr'>caterva</span> <span class='ocrx_word' id='word_1_171' title='bbox 419 2539 477 2583; x_wconf 89' lang='lat' dir='ltr'>sua</span> <span class='ocrx_word' id='word_1_172' title='bbox 499 2516 632 2582; x_wconf 86' lang='lat' dir='ltr'>accurrit</span> <span class='ocrx_word' id='word_1_173' title='bbox 654 2525 685 2581; x_wconf 88' lang='lat' dir='ltr'>et</span> <span class='ocrx_word' id='word_1_174' title='bbox 706 2539 837 2581; x_wconf 88' lang='lat' dir='ltr'>manum</span> <span class='ocrx_word' id='word_1_175' title='bbox 857 2516 978 2597; x_wconf 86' lang='lat' dir='ltr'>iniecit,</span> <span class='ocrx_word' id='word_1_176' title='bbox 1005 2519 1101 2584; x_wconf 79' lang='lat' dir='ltr'>vocis&lt;</span> 
     </span>
     <span class='ocr_line' id='line_1_25' title="bbox 176 2609 1092 2699; baseline 0 -21"><span class='ocrx_word' id='word_1_177' title='bbox 176 2634 237 2697; x_wconf 89' lang='lat' dir='ltr'>que</span> <span class='ocrx_word' id='word_1_178' title='bbox 254 2613 296 2678; x_wconf 89' lang='lat' dir='ltr'>de</span> <span class='ocrx_word' id='word_1_179' title='bbox 310 2610 456 2699; x_wconf 89' lang='lat' dir='ltr'>superbia</span> <span class='ocrx_word' id='word_1_180' title='bbox 469 2622 594 2697; x_wconf 83' lang='lat' dir='ltr'>patrum</span> <span class='ocrx_word' id='word_1_181' title='bbox 608 2633 646 2676; x_wconf 88' lang='lat' dir='ltr'>ac</span> <span class='ocrx_word' id='word_1_182' title='bbox 659 2610 841 2676; x_wconf 88' lang='lat' dir='ltr'>crudelitate</span> <span class='ocrx_word' id='word_1_183' title='bbox 858 2609 1092 2678; x_wconf 83' lang='lat' dir='ltr'>faeneratorum</span> 
     </span>
    </p>

    <p class='ocr_par' dir='ltr' id='par_1_6' title="bbox 142 2686 1101 3076">
     <span class='ocr_line' id='line_1_26' title="bbox 142 2686 1101 2792; baseline 0 -20"><span class='ocrx_word' id='word_1_184' title='bbox 142 2725 159 2773; x_wconf 83' lang='lat'>4</span> <span class='ocrx_word' id='word_1_185' title='bbox 177 2706 266 2772; x_wconf 89' lang='lat' dir='ltr'>seriis</span> <span class='ocrx_word' id='word_1_186' title='bbox 287 2686 405 2792; x_wconf 49' lang='lat' dir='ltr'>flebis,</span> <span class='ocrx_word' id='word_1_187' title='bbox 432 2704 600 2770; x_wconf 88' lang='lat' dir='ltr'>virtutibus</span> <span class='ocrx_word' id='word_1_188' title='bbox 623 2704 690 2771; x_wconf 90' lang='lat' dir='ltr'>eius</span> <span class='ocrx_word' id='word_1_189' title='bbox 713 2704 773 2770; x_wconf 88' lang='lat' dir='ltr'>viri</span> <span class='ocrx_word' id='word_1_190' title='bbox 794 2705 998 2790; x_wconf 84' lang='lat' dir='ltr'>fortunaque:</span> <span class='ocrx_word' id='word_1_191' title='bbox 1028 2713 1101 2772; x_wconf 82' lang='lat' dir='ltr'>‘tun</span> 
     </span>
     <span class='ocr_line' id='line_1_27' title="bbox 177 2797 1101 2887; baseline 0.001 -21"><span class='ocrx_word' id='word_1_192' title='bbox 177 2799 257 2887; x_wconf 89' lang='lat' dir='ltr'>ego,&#39;</span> <span class='ocrx_word' id='word_1_193' title='bbox 279 2799 381 2882; x_wconf 88' lang='lat' dir='ltr'>inquit</span> <span class='ocrx_word' id='word_1_194' title='bbox 404 2798 609 2884; x_wconf 86' lang='lat' dir='ltr'>‘nequiquam</span> <span class='ocrx_word' id='word_1_195' title='bbox 626 2798 686 2864; x_wconf 88' lang='lat' dir='ltr'>hac</span> <span class='ocrx_word' id='word_1_196' title='bbox 704 2799 814 2864; x_wconf 85' lang='lat' dir='ltr'>dextra</span> <span class='ocrx_word' id='word_1_197' title='bbox 833 2797 1026 2887; x_wconf 84' lang='lat' dir='ltr'>Capitolium</span> <span class='ocrx_word' id='word_1_198' title='bbox 1046 2825 1101 2867; x_wconf 88' lang='lat' dir='ltr'>arc</span> 
     </span>
     <span class='ocr_line' id='line_1_28' title="bbox 178 2893 1101 2980; baseline 0.003 -21"><span class='ocrx_word' id='word_1_199' title='bbox 178 2893 382 2972; x_wconf 81' lang='lat' dir='ltr'>servaverim,</span> <span class='ocrx_word' id='word_1_200' title='bbox 411 2893 439 2958; x_wconf 91' lang='lat' dir='ltr'>si</span> <span class='ocrx_word' id='word_1_201' title='bbox 465 2894 566 2959; x_wconf 85' lang='lat' dir='ltr'>civem</span> <span class='ocrx_word' id='word_1_202' title='bbox 587 2894 894 2980; x_wconf 85' lang='lat' dir='ltr'>commilitonemque</span> <span class='ocrx_word' id='word_1_203' title='bbox 916 2918 1023 2961; x_wconf 87' lang='lat' dir='ltr'>meum</span> <span class='ocrx_word' id='word_1_204' title='bbox 1050 2907 1101 2963; x_wconf 87' lang='lat' dir='ltr'>tan</span> 
     </span>
     <span class='ocr_line' id='line_1_29' title="bbox 179 2985 1101 3076; baseline 0.002 -22"><span class='ocrx_word' id='word_1_205' title='bbox 179 2985 281 3055; x_wconf 80' lang='lat' dir='ltr'>Gallis</span> <span class='ocrx_word' id='word_1_206' title='bbox 303 2987 474 3054; x_wconf 67' lang='lat' dir='ltr'>uctonbus</span> <span class='ocrx_word' id='word_1_207' title='bbox 501 2998 628 3076; x_wconf 88' lang='lat' dir='ltr'>captum</span> <span class='ocrx_word' id='word_1_208' title='bbox 654 2991 688 3055; x_wconf 88' lang='lat' dir='ltr'>in</span> <span class='ocrx_word' id='word_1_209' title='bbox 715 2991 898 3056; x_wconf 84' lang='lat' dir='ltr'>servitutem</span> <span class='ocrx_word' id='word_1_210' title='bbox 926 3012 964 3055; x_wconf 89' lang='lat' dir='ltr'>ac</span> <span class='ocrx_word' id='word_1_211' title='bbox 986 2992 1101 3057; x_wconf 63' lang='lat' dir='ltr'>vincula</span> 
     </span>
    </p>

    <p class='ocr_par' dir='ltr' id='par_1_7' title="bbox 144 3082 1101 3362">
     <span class='ocr_line' id='line_1_30' title="bbox 144 3082 1101 3172; baseline 0.002 -22"><span class='ocrx_word' id='word_1_212' title='bbox 144 3101 159 3150; x_wconf 87' lang='lat'><strong>5</strong></span> <span class='ocrx_word' id='word_1_213' title='bbox 177 3082 322 3149; x_wconf 65' lang='lat' dir='ltr'>videam?</span> <span class='ocrx_word' id='word_1_214' title='bbox 364 3082 521 3150; x_wconf 83' lang='lat' dir='ltr'>inderem</span> <span class='ocrx_word' id='word_1_215' title='bbox 539 3085 683 3150; x_wconf 87' lang='lat' dir='ltr'>creditori</span> <span class='ocrx_word' id='word_1_216' title='bbox 700 3086 805 3172; x_wconf 89' lang='lat' dir='ltr'>palam</span> <span class='ocrx_word' id='word_1_217' title='bbox 821 3085 939 3172; x_wconf 88' lang='lat' dir='ltr'>populo</span> <span class='ocrx_word' id='word_1_218' title='bbox 958 3085 1053 3151; x_wconf 79' lang='lat' dir='ltr'>solvit</span> <span class='ocrx_word' id='word_1_219' title='bbox 1069 3087 1101 3152; x_wconf 90' lang='lat' dir='ltr'>lil</span> 
     </span>
     <span class='ocr_line' id='line_1_31' title="bbox 177 3177 1101 3265; baseline 0.002 -19"><span class='ocrx_word' id='word_1_220' title='bbox 177 3189 209 3246; x_wconf 84' lang='lat' dir='ltr'>et</span> <span class='ocrx_word' id='word_1_221' title='bbox 229 3200 302 3246; x_wconf 79' lang='lat' dir='ltr'>aere</span> <span class='ocrx_word' id='word_1_222' title='bbox 323 3177 489 3245; x_wconf 81' lang='lat' dir='ltr'>liberatum</span> <span class='ocrx_word' id='word_1_223' title='bbox 511 3179 637 3258; x_wconf 80' lang='lat' dir='ltr'>emittit,</span> <span class='ocrx_word' id='word_1_224' title='bbox 665 3181 741 3247; x_wconf 89' lang='lat' dir='ltr'>deos</span> <span class='ocrx_word' id='word_1_225' title='bbox 765 3189 858 3265; x_wconf 86' lang='lat' dir='ltr'>atque</span> <span class='ocrx_word' id='word_1_226' title='bbox 880 3179 1024 3247; x_wconf 84' lang='lat' dir='ltr'>homines</span> <span class='ocrx_word' id='word_1_227' title='bbox 1052 3181 1101 3248; x_wconf 83' lang='lat' dir='ltr'>obt</span> 
     </span>
     <span class='ocr_line' id='line_1_32' title="bbox 176 3272 1101 3362; baseline 0.001 -24"><span class='ocrx_word' id='word_1_228' title='bbox 176 3286 255 3352; x_wconf 83' lang='lat' dir='ltr'>tem,</span> <span class='ocrx_word' id='word_1_229' title='bbox 278 3283 314 3338; x_wconf 85' lang='lat' dir='ltr'>ut</span> <span class='ocrx_word' id='word_1_230' title='bbox 329 3272 378 3338; x_wconf 77' lang='lat' dir='ltr'>M.</span> <span class='ocrx_word' id='word_1_231' title='bbox 396 3272 533 3354; x_wconf 86' lang='lat' dir='ltr'>Manlio,</span> <span class='ocrx_word' id='word_1_232' title='bbox 555 3272 715 3340; x_wconf 80' lang='lat' dir='ltr'>liberatori</span> <span class='ocrx_word' id='word_1_233' title='bbox 732 3296 804 3352; x_wconf 89' lang='lat' dir='ltr'>suo,</span> <span class='ocrx_word' id='word_1_234' title='bbox 831 3275 953 3360; x_wconf 85' lang='lat' dir='ltr'>parenti</span> <span class='ocrx_word' id='word_1_235' title='bbox 971 3275 1101 3362; x_wconf 86' lang='lat' dir='ltr'>plebis]</span> 
     </span>
    </p>

    <p class='ocr_par' dir='ltr' id='par_1_8' title="bbox 144 3368 1101 3552">
     <span class='ocr_line' id='line_1_33' title="bbox 144 3368 1101 3456; baseline -0.002 -21"><span class='ocrx_word' id='word_1_236' title='bbox 144 3389 158 3436; x_wconf 83' lang='lat'><strong>6</strong></span> <span class='ocrx_word' id='word_1_237' title='bbox 177 3390 246 3444; x_wconf 82' lang='lat' dir='ltr'>nae,</span> <span class='ocrx_word' id='word_1_238' title='bbox 265 3368 399 3454; x_wconf 69' lang='lat' dir='ltr'>gratiam</span> <span class='ocrx_word' id='word_1_239' title='bbox 416 3368 562 3434; x_wconf 84' lang='lat' dir='ltr'>referant.</span> <span class='ocrx_word' id='word_1_240' title='bbox 590 3382 738 3456; x_wconf 81' lang='lat' dir='ltr'>acceptus</span> <span class='ocrx_word' id='word_1_241' title='bbox 758 3369 914 3455; x_wconf 86' lang='lat' dir='ltr'>extemplo</span> <span class='ocrx_word' id='word_1_242' title='bbox 932 3369 966 3433; x_wconf 95' lang='lat' dir='ltr'>in</span> <span class='ocrx_word' id='word_1_243' title='bbox 984 3369 1101 3435; x_wconf 78' lang='lat' dir='ltr'>tumult</span> 
     </span>
     <span class='ocr_line' id='line_1_34' title="bbox 177 3460 1101 3552; baseline 0.004 -26"><span class='ocrx_word' id='word_1_244' title='bbox 177 3460 303 3527; x_wconf 84' lang='lat' dir='ltr'>turbam</span> <span class='ocrx_word' id='word_1_245' title='bbox 330 3471 362 3526; x_wconf 86' lang='lat' dir='ltr'>et</span> <span class='ocrx_word' id='word_1_246' title='bbox 386 3462 455 3548; x_wconf 89' lang='lat' dir='ltr'>ipse</span> <span class='ocrx_word' id='word_1_247' title='bbox 485 3463 657 3539; x_wconf 39' lang='lat' dir='ltr'>tumultum,</span> <span class='ocrx_word' id='word_1_248' title='bbox 685 3463 835 3552; x_wconf 83' lang='lat' dir='ltr'>augebat,</span> <span class='ocrx_word' id='word_1_249' title='bbox 872 3463 1034 3530; x_wconf 78' lang='lat' dir='ltr'>cicatrices</span> <span class='ocrx_word' id='word_1_250' title='bbox 1063 3486 1101 3530; x_wconf 85' lang='lat' dir='ltr'>ac</span> 
     </span>
    </p>

    <p class='ocr_par' dir='ltr' id='par_1_9' title="bbox 144 3552 1101 3740">
     <span class='ocr_line' id='line_1_35' title="bbox 144 3552 1101 3646; baseline -0.002 -22"><span class='ocrx_word' id='word_1_251' title='bbox 144 3577 158 3624; x_wconf 77' lang='lat'><strong>7</strong></span> <span class='ocrx_word' id='word_1_252' title='bbox 176 3555 317 3633; x_wconf 84' lang='lat' dir='ltr'>Veienti,</span> <span class='ocrx_word' id='word_1_253' title='bbox 335 3552 460 3623; x_wconf 81' lang='lat' dir='ltr'>Gallico</span> <span class='ocrx_word' id='word_1_254' title='bbox 479 3559 610 3643; x_wconf 79' lang='lat' dir='ltr'>aliisque</span> <span class='ocrx_word' id='word_1_255' title='bbox 627 3559 776 3646; x_wconf 87' lang='lat' dir='ltr'>deinceps</span> <span class='ocrx_word' id='word_1_256' title='bbox 794 3559 886 3624; x_wconf 84' lang='lat' dir='ltr'>bellis</span> <span class='ocrx_word' id='word_1_257' title='bbox 903 3569 1101 3625; x_wconf 64' lang='lat' dir='ltr'>ostentauere</span> 
     </span>
     <span class='ocr_line' id='line_1_36' title="bbox 176 3650 1101 3740; baseline 0.001 -26"><span class='ocrx_word' id='word_1_258' title='bbox 176 3650 331 3731; x_wconf 77' lang='lat' dir='ltr'>litantem,</span> <span class='ocrx_word' id='word_1_259' title='bbox 360 3674 393 3718; x_wconf 85' lang='lat' dir='ltr'>se</span> <span class='ocrx_word' id='word_1_260' title='bbox 411 3654 626 3719; x_wconf 83' lang='lat' dir='ltr'>restituentem</span> <span class='ocrx_word' id='word_1_261' title='bbox 645 3677 772 3719; x_wconf 88' lang='lat' dir='ltr'>eversos</span> <span class='ocrx_word' id='word_1_262' title='bbox 790 3663 936 3740; x_wconf 87' lang='lat' dir='ltr'>penates,</span> <span class='ocrx_word' id='word_1_263' title='bbox 962 3652 1101 3738; x_wconf 79' lang='lat' dir='ltr'>multipsu</span> 
     </span>
    </p>
   </div>
   <div class='ocr_carea' id='block_1_3' title="bbox 145 3746 1101 4122">
    <p class='ocr_par' dir='ltr' id='par_1_10' title="bbox 145 3746 1101 4122">
     <span class='ocr_line' id='line_1_37' title="bbox 178 3746 1084 3839; baseline 0.003 -29"><span class='ocrx_word' id='word_1_264' title='bbox 178 3755 262 3811; x_wconf 80' lang='lat' dir='ltr'>sorte</span> <span class='ocrx_word' id='word_1_265' title='bbox 282 3746 428 3812; x_wconf 80' lang='lat' dir='ltr'>exsoluta</span> <span class='ocrx_word' id='word_1_266' title='bbox 447 3748 662 3839; x_wconf 78' lang='lat' dir='ltr'>mergentibus</span> <span class='ocrx_word' id='word_1_267' title='bbox 684 3771 809 3835; x_wconf 87' lang='lat' dir='ltr'>semper</span> <span class='ocrx_word' id='word_1_268' title='bbox 831 3758 947 3814; x_wconf 80' lang='lat' dir='ltr'>sortem</span> <span class='ocrx_word' id='word_1_269' title='bbox 968 3747 1084 3823; x_wconf 81' lang='lat' dir='ltr'>usuris,</span> 
     </span>
     <span class='ocr_line' id='line_1_38' title="bbox 175 3838 1101 3922; baseline -0.005 -16"><span class='ocrx_word' id='word_1_270' title='bbox 175 3841 475 3920; x_wconf 75' lang='lat' dir='ltr'>tumfaeuereess03</span> <span class='ocrx_word' id='word_1_271' title='bbox 493 3842 720 3922; x_wconf 78' lang='lat' dir='ltr'>viderolucem,</span> <span class='ocrx_word' id='word_1_272' title='bbox 735 3844 849 3922; x_wconf 80' lang='lat' dir='ltr'>iorum,</span> <span class='ocrx_word' id='word_1_273' title='bbox 864 3843 981 3909; x_wconf 82' lang='lat' dir='ltr'>civium</span> <span class='ocrx_word' id='word_1_274' title='bbox 991 3865 1043 3908; x_wconf 79' lang='lat' dir='ltr'>ore</span> <span class='ocrx_word' id='word_1_275' title='bbox 1050 3838 1101 3905; x_wconf 73' lang='lat' dir='ltr'>M]</span> 
     </span>
     <span class='ocr_line' id='line_1_39' title="bbox 145 3935 1101 4024; baseline -0.002 -22"><span class='ocrx_word' id='word_1_276' title='bbox 145 3954 286 4024; x_wconf 76' lang='lat' dir='ltr'>sopore,</span> <span class='ocrx_word' id='word_1_277' title='bbox 314 3936 424 4002; x_wconf 85' lang='lat' dir='ltr'>omnia</span> <span class='ocrx_word' id='word_1_278' title='bbox 439 3938 615 4024; x_wconf 82' lang='lat' dir='ltr'>parantium</span> <span class='ocrx_word' id='word_1_279' title='bbox 638 3939 790 4005; x_wconf 79' lang='lat' dir='ltr'>beneficia</span> <span class='ocrx_word' id='word_1_280' title='bbox 812 3938 851 4004; x_wconf 91' lang='lat' dir='ltr'>ab</span> <span class='ocrx_word' id='word_1_281' title='bbox 873 3938 928 4003; x_wconf 90' lang='lat' dir='ltr'>illo</span> <span class='ocrx_word' id='word_1_282' title='bbox 951 3959 987 4002; x_wconf 86' lang='lat' dir='ltr'>se</span> <span class='ocrx_word' id='word_1_283' title='bbox 1007 3935 1101 4002; x_wconf 69' lang='lat' dir='ltr'>habnt</span> 
     </span>
     <span class='ocr_line' id='line_1_40' title="bbox 177 4031 1101 4122; baseline -0.004 -24"><span class='ocrx_word' id='word_1_284' title='bbox 177 4031 334 4098; x_wconf 62' lang='lat' dir='ltr'>mucrene</span> <span class='ocrx_word' id='word_1_285' title='bbox 360 4033 498 4119; x_wconf 69' lang='lat' dir='ltr'>conpone</span> <span class='ocrx_word' id='word_1_286' title='bbox 520 4035 665 4120; x_wconf 80' lang='lat' dir='ltr'>vitaeque</span> <span class='ocrx_word' id='word_1_287' title='bbox 692 4057 729 4101; x_wconf 87' lang='lat' dir='ltr'>ac</span> <span class='ocrx_word' id='word_1_288' title='bbox 756 4033 918 4122; x_wconf 72' lang='lat' dir='ltr'>sanguinis</span> <span class='ocrx_word' id='word_1_289' title='bbox 946 4032 1029 4118; x_wconf 88' lang='lat' dir='ltr'>quod</span> <span class='ocrx_word' id='word_1_290' title='bbox 1052 4048 1101 4112; x_wconf 86' lang='lat' dir='ltr'>sup</span> 
     </span>
    </p>
   </div>
   <div class='ocr_carea' id='block_1_4' title="bbox 0 0 1289 4524">
    <p class='ocr_par' dir='ltr' id='par_1_11' title="bbox 0 0 1289 4524">
     <span class='ocr_line' id='line_1_41' title="bbox 0 0 1289 4524; baseline 0 0"><span class='ocrx_word' id='word_1_291' title='bbox 0 0 1289 4524; x_wconf 95' lang='lat' dir='ltr'> </span> 
     </span>
    </p>
   </div>
  </div>
 </body>
</html>
