2566 4524
145 269 210 336 380
426 277 544 333 LIBER
560 277 632 347 VH,
649 276 692 332 30.
712 280 750 347 [a.
759 294 788 332 u.
797 293 822 332 e.
831 276 897 348 411]

145 440 243 507 miore
269 436 396 504 rincnlo
422 445 580 502 contracta
610 445 703 500 esset.
748 444 824 500 tunc
855 434 955 515 enim,
992 446 1027 503 ut
1056 438 1108 524 qui
1130 462 1160 507 ex

147 557 249 620 aequo
275 556 334 600 nos
359 531 485 598 venisse
515 532 549 596 in
579 529 749 596 amicitiam
779 530 1051 613 meminissemus,
1084 533 1161 601 amici

147 629 280 697 forsitan
304 627 421 713 pariter
447 648 484 691 ac
510 647 609 704 nunc,
646 624 778 691 subiecti
808 634 905 710 atque
931 624 1062 693 obnoxii
1085 627 1159 695 vobis

112 744 128 793 s
146 724 250 788 minus
269 743 427 787 essemus:
444 741 542 799 nunc,
561 718 775 785 misericordia
791 728 898 786 vestra
915 720 1073 787 conciliati
1088 722 1159 788 auri·

146 818 251 903 licque
269 818 303 882 in
320 815 424 882 dubiis
442 814 537 881 rebus
555 815 693 894 defensi,
715 812 905 881 beneficium
922 838 1051 901 quoque
1068 838 1159 904 accep
1197 874 1199 881 .

147 923 214 978 tum
237 911 376 978 colamus
399 919 534 996 oportet,
561 931 601 976 ne
623 909 738 997 ingrati
760 919 854 995 atque
876 910 965 976 omni
987 933 1049 998 ope
1071 910 1159 977 diana
1196 906 1199 931 ¹

112 1029 130 1076 4
146 1008 347 1090 humanaque
364 1005 487 1092 indigni
504 1004 676 1070 videamur.
704 1026 806 1089 neque
823 1003 968 1085 hercule,
987 1005 1073 1091 quod
1084 1002 1160 1072 Sam·

146 1103 227 1167 nites
245 1102 365 1187 priores
384 1100 476 1165 amici
494 1099 633 1183 sociique
650 1098 742 1165 vobis
759 1098 835 1165 facti
853 1108 941 1178 sunt,
966 1100 1008 1166 ad
1024 1100 1060 1166 id
1074 1099 1159 1167 valere

148 1196 289 1274 arbitror,
308 1218 348 1261 ne
366 1217 424 1261 nos
442 1194 476 1259 in
493 1194 662 1260 amicitiam
680 1194 879 1281 accipiamur,
899 1195 958 1261 sed
975 1204 1011 1261 ut
1024 1202 1159 1263 vetustate

147 1302 178 1357 et
209 1291 310 1379 gradu
339 1289 467 1356 honoris
498 1311 556 1354 nos
586 1297 754 1374 praestent.
798 1310 901 1374 neque
932 1288 1019 1356 enim
1053 1288 1160 1357 foedere

149 1384 353 1464 Samnitium,
376 1406 416 1450 ne
439 1407 502 1469 qua
518 1406 602 1450 nova
618 1383 790 1472 iungeretis
807 1383 949 1463 foedera,
974 1392 1100 1451 cautum
1115 1393 1159 1450 cst

112 1502 129 1550 a
147 1480 207 1544 fuit
229 1479 357 1564 quidem
379 1478 464 1564 apud
484 1500 542 1544 vos
561 1500 685 1565 semper
703 1478 779 1544 satis
796 1476 880 1545 iusta
897 1498 997 1547 eausa
1013 1477 1158 1554 amicitiae,

114 1595 129 1644 6
147 1574 228 1640 velle
247 1596 320 1639 eum
337 1572 428 1639 vobis
451 1572 586 1639 amicum
609 1593 693 1651 esse,
721 1572 775 1656 qui
797 1594 855 1639 vos
878 1583 1057 1659 appeteret:
1083 1572 1159 1639 Can

146 1668 235 1755 pani,
256 1668 315 1733 etsi
332 1666 458 1734 fortuna
474 1689 624 1753 praesens
642 1666 808 1755 magnifice
825 1667 913 1752 loqui
929 1667 1092 1754 prohibet,
1111 1688 1159 1733 non

148 1762 234 1829 urbis
253 1763 472 1849 amplitudine,
494 1785 559 1828 non
577 1762 645 1849 agri
661 1762 803 1829 ubertate
824 1761 881 1827 ulli
901 1762 1023 1849 populo
1044 1770 1160 1851 praeter·

147 1881 243 1942 quam
265 1859 356 1925 vobis
379 1860 540 1936 cedentes,
567 1857 653 1923 haud
674 1880 785 1944 parva,
812 1866 848 1921 ut
869 1856 1018 1937 arbitror,
1041 1854 1159 1925 accesso

114 1973 128 2020 ⁷
148 1952 239 2017 bonis
257 1952 352 2017 rebus
367 1953 479 2017 vestris
493 1953 527 2016 in
540 1952 709 2017 amicitiam
722 1951 865 2017 venimus
878 1960 1031 2018 vestram.
1057 1948 1158 2037 Aequi

147 2045 350 2129 Volscisque,
369 2047 503 2113 aeternis
521 2046 665 2113 hostibus
682 2047 777 2113 huius
789 2046 891 2126 urbis,
914 2048 1158 2133 quandocumque

149 2161 183 2203 se
205 2140 372 2218 moverint,
401 2140 440 2205 ab
463 2150 552 2228 tergo
578 2142 694 2207 erimus
721 2151 766 2219 et,
794 2141 880 2226 quod
905 2163 965 2208 vos
991 2164 1053 2229 pro
1079 2141 1158 2209 saluts

146 2243 254 2299 nostra
270 2235 389 2320 priores
408 2235 559 2314 feceritis,
577 2235 611 2300 id
627 2258 686 2301 nos
699 2257 756 2321 pro
769 2234 900 2321 imperio
912 2246 1023 2304 vestro
1037 2247 1070 2305 et
1080 2232 1159 2325 glou

113 2345 273 2415 asemper
294 2328 456 2394 faciemus.
503 2329 641 2394 subactis
664 2328 714 2395 his
736 2329 898 2417 gentibus,
921 2351 1006 2415 qnae
1024 2332 1158 2397 internos

149 2446 268 2508 vosque
287 2435 374 2503 sunt,
397 2425 483 2509 quod
499 2446 596 2510 prope
615 2424 698 2489 diem
715 2423 857 2490 futurum
875 2424 1013 2512 spondet
1032 2437 1064 2493 et
1080 2426 1158 2491 virtu

148 2528 179 2583 et
193 2519 318 2584 fortuna
331 2529 450 2598 vestra,
470 2520 631 2585 continens
644 2519 809 2604 imperium
827 2541 929 2603 usque
947 2520 990 2585 ad
1007 2544 1067 2587 nos
1084 2517 1159 2585 habe

114 2612 231 2680 ebitis.
277 2614 425 2679 acerbum
447 2635 484 2680 ac
505 2614 655 2679 miserum
679 2624 740 2692 est,
764 2613 848 2696 quod
866 2612 960 2678 fateri
976 2637 1039 2680 nos
1057 2615 1159 2680 form
1194 2624 1199 2705 J

148 2729 256 2772 nostra
282 2709 380 2794 cogit:
412 2731 449 2774 eo
472 2718 600 2774 ventum
628 2717 689 2786 est,
720 2718 825 2794 patres
852 2709 1039 2796 conscripti,
1068 2718 1100 2775 ut
1120 2710 1158 2772 aut

99 2820 131 2869 10
149 2804 320 2867 amicorum
339 2814 392 2868 aut
410 2804 607 2870 inimicorum
626 2803 781 2891 Campani
805 2804 917 2869 simus:
948 2804 977 2871 si
998 2800 1157 2877 defenditis,

148 2897 259 2973 vestri,
288 2897 315 2960 si
337 2897 493 2976 deseritis,
519 2897 707 2965 Samnitium
731 2897 861 2976 erimus3
889 2896 1040 2985 Capuam
1057 2896 1157 2987 ergotl
1194 2922 1199 2929 ·

150 2989 358 3077 Campaniam
381 3015 506 3058 omnem
528 2994 640 3059 vestris
664 3017 704 3058 an
728 2991 918 3059 Samnitium
942 2992 1066 3060 viribus
1091 3006 1157 3059 acet
1193 3018 1196 3022 ·

97 3102 127 3152 11
149 3084 223 3151 dere
241 3087 371 3166 malitis,
396 3087 575 3153 deliberate.
620 3087 765 3154 omnibus
785 3086 927 3171 quidem,
951 3086 1103 3166 Romani,
1119 3100 1156 3149 sc·
1192 3106 1199 3115 ·

148 3190 244 3246 stram
275 3181 520 3248 misericordiam
551 3192 754 3266 vestrumque
785 3180 938 3246 auxilium
970 3204 1105 3268 aequum
1123 3178 1155 3243 esi
1191 3254 1199 3267 .

146 3285 269 3360 patere,
296 3277 335 3341 iis
358 3285 463 3342 tamen
485 3277 635 3354 maxime,
663 3277 731 3361 qui,
760 3299 830 3341 eam
851 3274 1085 3362 inplorantibus
1106 3268 1154 3339 affit

147 3370 300 3435 auxilium
319 3373 394 3436 dum
414 3395 508 3458 supra
526 3372 609 3438 vires
628 3394 701 3437 suas
715 3379 890 3457 praestant,
909 3369 1053 3459 (omnes)
1069 3362 1154 3457 ipsil!

96 3480 129 3528 12
147 3461 229 3526 hanc
242 3466 461 3531 necessitatem
471 3476 632 3532 venerunt.
652 3488 842 3550 quamquam
855 3466 1071 3552 pugnavimus
1083 3456 1153 3529 verit

120 3631 123 3635 ¹
146 3577 204 3642 pro
222 3554 386 3639 Sidicinis,
404 3583 439 3626 re
452 3582 509 3647 pro
527 3561 632 3639 nobis,
652 3582 724 3625 cum
741 3560 920 3625 videremus
939 3560 1104 3627 finitimum
1116 3572 1153 3641 pt·

145 3649 256 3734 pulum
279 3653 400 3720 nefario
422 3654 583 3720 latrocinio
608 3653 798 3721 Samnitium
824 3653 889 3740 peti
911 3663 960 3732 et,
987 3654 1045 3721 ubi
1065 3646 1152 3719 coalt-

146 3757 292 3832 grassent
302 3745 449 3826 Sidicini,
468 3750 509 3814 ad
522 3771 579 3814 nos
593 3750 794 3814 traiecturum
807 3746 886 3812 illud
898 3746 1080 3814 incendium
1094 3757 1151 3809 esst
1193 3746 1199 3831 ζ

96 3859 128 3910 11
146 3862 205 3907 nec
224 3841 307 3906 enim
325 3865 424 3921 nunc,
444 3845 517 3927 quia
535 3844 643 3910 dolent
659 3842 805 3908 iniuriam
823 3852 990 3928 acceptam
1009 3838 1151 3910 Sumnibb

146 3936 203 4000 sed
221 3936 295 4019 quia
312 3938 466 4023 gaudent,
486 3938 623 4003 oblatam
637 3938 698 4004 sibi
711 3959 781 4003 esse
795 3958 941 4016 causam,
963 3942 1150 4035 011111131111111.1
1190 3922 1199 3979 l

96 4047 130 4095 14
146 4051 204 4094 nos
224 4030 361 4096 veniunt.
408 4056 462 4111 an,
486 4033 513 4098 si
534 4033 612 4099 ultio
634 4033 699 4099 irae
721 4032 800 4098 haec
818 4043 850 4099 et
867 4055 932 4099 non
951 4032 1073 4099 occasio
1088 4042 1150 4110 cup!-
