2566 4524
348 275 465 329 Luras
480 274 554 346 1111,
571 274 595 329 r.
617 271 836 347 [aarum]
1044 265 1107 330 201

77 435 234 522 mulgatae
248 431 329 520 legis
343 433 382 496 de
396 431 577 499 consulibus
591 433 733 498 creandis
753 456 792 499 ex
808 432 911 520 plebe,
930 444 962 499 et
978 435 1109 520 imperio

77 540 107 596 et
126 526 307 615 insignibus
330 526 546 593 consularibus
568 550 655 593 usos.
694 551 760 593 non
781 538 886 593 tamen
905 550 964 616 pro
985 528 1108 595 firmato
1126 553 1143 600 a

77 626 138 691 iam
160 623 248 691 stetit
267 622 471 710 magistratus
494 623 561 689 eius
584 623 650 701 ius,
682 623 758 707 quia
774 624 865 689 tertio
886 647 995 691 mense
1013 647 1109 711 quam

77 720 210 785 inierunt
230 740 389 804 augurum
409 717 533 782 decreto
554 717 685 804 perinde
707 739 744 783 aa
770 718 847 783 vitio
873 719 969 785 creati
989 719 1109 786 honore

77 813 194 891 abiere,
222 812 310 897 quod
328 809 366 877 O.
386 809 531 888 Curtius,
559 811 614 895 qui
635 812 769 878 comitiis
788 835 897 879 eorum
918 814 1108 900 praefuerat,

77 931 187 996 par-um
205 916 289 972 recte
308 904 544 971 tabernaculum
561 906 706 992 cepisset.

136 1001 258 1089 Legati
275 999 316 1066 ab
332 999 527 1066 Ardeatibus
545 999 682 1066 Romam
699 1011 852 1067 venerunt
872 1001 917 1067 ita
938 1002 978 1067 de
995 1003 1110 1070 iniuria
1126 1027 1144 1074 4

77 1106 256 1182 querentes,
279 1105 328 1173 ut,
352 1095 380 1160 si
397 1095 574 1160 demeretur
591 1117 642 1174 ea,
664 1096 698 1160 in
715 1095 843 1161 foedere
860 1106 955 1181 atque
973 1098 1110 1164 amicitia
1201 1122 1203 1127 ·

77 1213 240 1257 mansuros
259 1190 403 1254 restituto
421 1212 497 1276 agro
515 1200 688 1276 appareret.
724 1191 765 1257 ab
788 1201 899 1257 senatu
920 1214 1108 1279 responsum
1126 1214 1143 1262 5
1275 1186 1278 1193 ¹

77 1297 141 1365 est,
165 1284 319 1350 iudicium
335 1285 444 1370 populi
465 1284 602 1349 rescindi
620 1284 660 1351 ab
679 1295 790 1351 senatu
807 1309 870 1351 non
887 1309 995 1372 posse,
1018 1309 1109 1372 prae-

77 1391 218 1466 terquam
231 1379 318 1462 quod
329 1378 417 1442 nullo
430 1401 489 1444 nec
503 1379 647 1465 exemplo
660 1402 718 1444 nec
727 1380 794 1445 iure
807 1380 904 1458 fieret,
924 1380 1109 1446 concordiae

81 1475 170 1540 etiam
183 1475 329 1540 ordinum
341 1496 446 1540 causa.
477 1474 504 1539 si
516 1471 673 1539 Ardeates
692 1498 751 1540 sua
768 1484 910 1562 tempora
927 1485 1108 1561 exspectare
1126 1496 1142 1545 o

82 1568 173 1634 velint
188 1568 414 1652 arbitriumque
433 1569 555 1633 senatui
572 1567 724 1635 levandae
741 1569 873 1636 iniuriae
892 1594 967 1636 suae
980 1571 1110 1657 permit·

86 1675 153 1742 tant,
170 1664 239 1731 fore
247 1674 284 1727 ut
294 1662 463 1749 postmodo
475 1663 644 1750 gaudeant,
663 1687 698 1730 se
710 1665 775 1730 irae
787 1666 975 1743 moderatos,
995 1665 1110 1730 sciant-

90 1779 152 1842 que,
177 1757 321 1845 patribus
344 1779 444 1842 aeque
466 1779 559 1823 curae
577 1757 691 1836 fuisse,
718 1781 758 1824 ne
781 1782 843 1843 qua
864 1760 977 1824 iniuria
998 1760 1032 1825 in
1054 1782 1108 1825 eos

93 1863 215 1918 oreretur
231 1874 269 1917 ac
286 1874 326 1917 ne
344 1861 412 1917 orta
429 1852 575 1918 diuturna
594 1862 687 1918 esset.
714 1853 758 1918 ita
775 1852 881 1941 legati,
900 1875 973 1919 cum
992 1875 1026 1918 se
1039 1875 1108 1919 rem
1126 1875 1141 1921 7

93 1943 230 2034 integram
247 1945 400 2011 relaturos
419 1946 581 2024 dixissent,
601 1948 731 2012 comiter
748 1947 880 2013 dimissi.

146 2039 283 2118 Parisii,
303 2063 376 2104 cum
394 2040 461 2106 sine
479 2041 580 2105 curuli
597 2042 784 2128 magistratu
801 2065 851 2107 res
869 2041 997 2128 publica
1014 2052 1108 2122 esset,

100 2133 182 2200 coiere
201 2146 232 2200 et
253 2135 443 2222 interregem
464 2158 620 2200 creavere.
657 2137 829 2214 contentio,
858 2137 1044 2203 consulesne
1065 2161 1110 2203 an

99 2225 193 2294 cibun
213 2229 349 2293 militum
371 2241 562 2308 crearentur,
589 2230 623 2294 in
649 2230 827 2316 interregno
853 2253 922 2295 rem
944 2232 1011 2296 dies
1035 2253 1109 2297 con-

96 2319 182 2405 plures
198 2325 308 2390 tenuit.
344 2325 481 2390 interrex
498 2347 535 2390 ac
553 2333 681 2390 senatus
701 2325 865 2390 consulum
889 2325 1028 2404 comitia,
1055 2326 1110 2391 tri-
1126 2344 1144 2394 8

97 2411 157 2483 huni
171 2419 271 2507 plebis
290 2430 322 2485 et
338 2419 427 2506 plebs
446 2420 643 2485 tribunorum
660 2420 795 2484 militum
807 2430 843 2484 ut
856 2419 1029 2485 habeantur
1043 2431 1111 2486 teu-

98 2507 166 2578 dunc
200 2514 343 2579 vicerunt
363 2525 483 2600 patres,
511 2514 585 2599 quia
607 2524 639 2579 et
659 2514 750 2600 plebs
776 2514 915 2600 patriciis
943 2537 1000 2579 seu
1025 2514 1110 2581 hunc

99 2624 141 2673 teu
153 2608 242 2673 illum
264 2609 405 2674 delatura
426 2609 578 2674 honorem
599 2609 717 2673 frustra
739 2619 857 2674 certare
880 2609 1057 2695 supersedit
1078 2618 1110 2674 et
1128 2629 1143 2677 9

96 2700 234 2789 principes
251 2702 353 2789 plebis
372 2726 411 2768 ea
428 2703 555 2769 comitia
572 2703 746 2782 malebant,
765 2703 879 2788 quibus
897 2727 961 2769 non
978 2703 1110 2770 habere-

98 2802 135 2859 tur
148 2798 223 2862 ratio
243 2821 310 2876 sua,
329 2819 424 2881 quam
443 2797 557 2882 quibus
575 2809 610 2863 ut
627 2799 750 2886 indigni
767 2799 1017 2885 praeterirentur.
1056 2799 1110 2865 cn·-

98 2884 158 2955 buni
172 2914 298 2977 quoque
315 2891 401 2977 plebi
423 2903 581 2958 certamen
598 2893 666 2959 sine
685 2894 799 2959 effectu
812 2894 846 2958 in
858 2893 1011 2960 beneficio
1024 2893 1110 2981 apud

97 2984 230 3066 primores
247 2996 372 3072 patrum
389 2987 552 3072 reliquere.

151 3079 186 3145 T.
200 3080 367 3165 Quinctius
380 3081 538 3147 Barbatus
555 3082 693 3149 interrex
711 3083 856 3148 consules
876 3093 960 3147 creat
971 3083 1109 3147 Lucium
1129 3103 1162 3151 10

99 3166 241 3258 Papirium
267 3175 483 3263 Mugilanum,
513 3178 556 3242 L.
580 3176 802 3264 Sempronium
828 3176 1019 3241 Atratinum.
1059 3176 1109 3241 his

99 3271 262 3347 consulibus
281 3294 354 3336 cum
371 3271 566 3338 Ardeatibus
584 3272 697 3338 foedus
714 3282 899 3337 renovatum
917 3281 974 3336 est.
1014 3269 1110 3355 idque

98 3368 273 3432 monumenti
292 3376 355 3446 est,
383 3368 527 3439 consules
546 3391 600 3433 eos
618 3368 672 3433 illo
689 3390 772 3432 anno
790 3367 904 3444 fuisse,
931 3366 986 3450 qui
1007 3387 1110 3450 neque

97 3451 300 3529 bannalibus
321 3462 433 3548 priscis
456 3485 558 3547 neque
584 3463 618 3527 in
643 3462 731 3528 libris
758 3460 998 3572 magistratuum
1023 3461 1112 3527 inve-

98 3550 170 3622 niunt
169 3580 220 3624 ur:
248 3558 357 3636 credo,
384 3558 470 3642 quod
487 3557 603 3623 tribuni
620 3557 700 3621 milit
688 3568 755 3621 tum
771 3557 860 3621 initio
878 3555 952 3622 anni
974 3555 1109 3634 fuerunt,
1129 3575 1160 3624 11

99 3665 128 3711 00
139 3653 264 3737 perinde
282 3674 320 3717 ac
339 3652 366 3717 si
383 3663 429 3717 tot
429 3676 484 3717 um
501 3675 618 3717 annum
630 3653 664 3716 in
677 3652 807 3738 imperio
825 3650 950 3728 fuerint,
970 3649 1110 3715 suffectis

97 3737 126 3808 fit
140 3747 319 3814 consulibus
336 3749 558 3834 praetermissa
575 3748 703 3813 nomina
721 3747 887 3813 consulum
903 3746 1025 3811 horum.
1052 3744 1111 3809 Li·
1129 3762 1161 3810 12

99 3834 181 3908 cinus
204 3842 316 3908 Macer
342 3853 451 3908 auctor
477 3853 539 3921 est,
567 3855 598 3907 et
624 3843 658 3907 in
680 3842 806 3908 foedere
828 3839 1003 3906 Ardeatino
1026 3850 1057 3903 et
1077 3837 1111 3900 in

98 3928 183 4006 linteis
201 3940 289 4007 libris
306 3939 348 4004 ad
365 3939 542 4006 Monetae
532 3952 640 4005 invent
641 3963 670 4005 a.
706 3957 736 4004 et
754 3939 841 4016 foris,
860 3959 932 4002 cum
951 3946 997 4002 tot
1013 3944 1111 3999 terro-

97 4050 137 4098 res
152 4059 171 4101 a
186 4034 327 4101 finitimis
346 4036 493 4102 ostentati
510 4047 626 4115 essent,
645 4045 676 4100 et
693 4034 779 4099 domi
797 4033 894 4098 otium
912 4031 980 4096 fuit.
1157 4041 1160 4047 '

1047 4166 1231 4262 .Α
