2566 4524
131 240 197 310 478
359 253 480 308 arana
495 251 597 322 vnn,
615 250 658 306 aa
677 247 892 320 [ancras]

101 435 117 484 s
136 414 237 481 tenuit
254 411 394 478 Aemilia
413 409 466 475 lex
487 408 641 475 violentos
662 407 733 473 illos
757 428 904 474 censores
928 405 969 475 Ο.
985 407 1115 474 Furium
1131 417 1156 475 et

133 509 182 576 Μ.
202 505 396 595 Geganium,
424 504 479 590 qui
506 504 667 591 quidiste
695 501 899 591 magistratus
925 503 961 569 in
985 503 1158 592 republica

134 601 343 669 malefacere
365 610 474 686 posset
497 597 688 677 indicarunt,
716 618 788 663 cum
809 596 856 664 ira
876 596 986 664 finitae
1007 599 1158 688 potestatis

133 697 235 764 Mam.
254 695 442 772 Aemilium,
468 694 643 781 principem
669 693 780 759 aetatis
807 715 883 760 suae
908 691 987 761 belli
1013 692 1157 780 domique,

84 814 118 863 10
135 792 290 860 aerarium
311 790 469 868 fecerunt3
496 789 596 854 tenuit
616 789 764 874 deinceps
787 788 889 854 omnis
915 808 1069 855 censores
1093 788 1161 855 intra

136 896 262 954 centum
289 907 443 950 annorum
470 884 626 970 spatium3
657 893 743 950 tenet
765 880 804 950 O.
827 881 992 950 Plautium
1021 883 1159 973 collegam

84 1002 116 1052 11
135 992 225 1047 tuum
241 978 345 1046 isdem
362 979 527 1066 auspiciis,
547 979 659 1045 eodem
674 977 743 1045 iure
760 985 909 1045 creatum.
947 1001 991 1044 an
1007 978 1096 1046 hunc
1108 1000 1160 1045 non

134 1086 171 1141 nt
191 1075 248 1160 qui
270 1074 388 1160 optimo
409 1072 477 1139 iure
500 1095 612 1139 censor
633 1081 756 1138 creatus
775 1082 859 1138 esset
871 1072 1022 1160 'populus
1041 1071 1162 1141 creavit?

134 1182 170 1238 tu
187 1193 269 1236 unus
288 1168 422 1235 eximius
440 1191 489 1247 es,
512 1167 624 1253 inquo
646 1167 708 1234 hoc
728 1167 933 1256 praecipuam
956 1191 995 1236 ac
1015 1169 1162 1259 singulare

84 1285 116 1336 12
134 1263 258 1332 valeat?
273 1286 368 1349 quem
382 1271 416 1328 tu
429 1285 537 1352 regem
551 1262 775 1329 sacrificiorum
783 1263 891 1330 crees?
903 1263 1074 1351 amplexus
1086 1263 1163 1351 regni

135 1383 251 1428 nomen
267 1368 304 1425 ut
320 1358 376 1443 qui
394 1358 512 1445 optimo
529 1358 597 1424 iure
614 1381 672 1424 rex
689 1357 811 1425 Romae
829 1368 953 1426 creatus
972 1360 1016 1426 sit
1034 1371 1162 1427 creatum

136 1476 172 1520 se
190 1454 282 1520 dicet.
318 1474 413 1537 quem
432 1452 577 1519 semestri
593 1453 755 1533 dictatura,
775 1475 870 1541 quern
886 1452 1072 1543 interregno
1085 1454 1163 1541 quin·

135 1568 198 1632 que
216 1547 338 1612 dierum
356 1556 536 1612 contentum
553 1546 621 1613 fore
639 1545 752 1635 putes?
773 1569 869 1635 quem
886 1546 969 1614 clavi
986 1548 1106 1636 figendi
1117 1555 1164 1614 aut

86 1662 118 1711 ra
134 1642 283 1708 ludorum
301 1661 397 1707 causa
415 1641 599 1708 dictatorem
616 1642 766 1709 audacter
782 1642 890 1708 crees?
914 1662 1014 1728 quam
1036 1643 1090 1709 isti
1109 1652 1164 1710 sto·

135 1735 217 1804 lidos
236 1758 273 1802 ac
291 1735 438 1801 socordes
456 1736 557 1802 videri
574 1736 700 1803 creditis
718 1758 787 1816 eos,
810 1736 871 1822 qui>
886 1734 970 1803 intra
986 1737 1163 1804 vicesimum

136 1831 221 1898 diem
237 1830 419 1919 ingentibus
436 1831 531 1898 rebus
549 1831 648 1920 gestis
662 1831 816 1898 dictatura
830 1853 864 1897 ee
878 1830 1106 1899 abdicaverunt
1117 1842 1163 1899 aut

85 1946 119 1995 14
135 1927 192 2012 qui
207 1926 284 1991 vitlo
302 1925 398 1990 creati
416 1924 559 1991 abienmt
576 1925 782 2014 magistratu?
803 1925 880 2011 quid
897 1948 960 2014 ego
977 1927 1108 2012 antiqua
1121 1948 1163 1993 re·

134 2017 262 2108 petam?
277 2041 378 2104 nuper
390 2017 472 2084 intra
485 2019 594 2085 decem
607 2041 707 2085 annos
718 2020 757 2086 C.
766 2018 914 2087 Maenius
930 2020 1075 2100 dictator,
1089 2019 1162 2107 quia,

135 2134 209 2179 cum
226 2111 426 2197 quaestiones
445 2112 584 2178 severius
603 2136 698 2200 quarn
712 2114 902 2200 quibusdam
919 2114 1103 2202 potentrbus
1121 2123 1164 2180 tu-

135 2215 204 2272 tum
233 2215 299 2277 erat
325 2215 498 2286 exerceret,
527 2209 673 2294 contagio
699 2209 767 2275 eius
793 2209 880 2294 quod
904 2207 1080 2294 quaerebat
1103 2208 1164 2296 ipse

136 2300 277 2367 criminis
295 2299 452 2368 obiectata
469 2301 509 2367 ab
526 2301 662 2369 inimicis
679 2312 738 2382 est,
756 2314 792 2368 ut
807 2303 950 2389 privatus
969 2301 1098 2371 obviam
1113 2303 1164 2369 iret

136 2394 273 2474 crimini,
297 2395 451 2462 dictatura
468 2418 503 2463 se
521 2395 688 2462 abdicavit.
723 2397 796 2463 nolo
815 2419 875 2485 ego
892 2396 988 2464 istam
1006 2398 1042 2463 in
1058 2409 1090 2465 tc
1106 2420 1165 2464 mo-

85 2512 118 2561 15
135 2489 288 2557 destiam:
323 2512 364 2556 ne
392 2491 631 2580 degeneraveris
658 2515 678 2556 a
703 2490 823 2559 familia
852 2490 1116 2578 imperiosissima
1138 2499 1164 2558 et

136 2583 376 2671 superbissima,
398 2609 464 2652 non
482 2586 546 2665 die,
569 2609 633 2652 non
650 2585 727 2653 hora
745 2586 836 2652 citius
854 2608 951 2671 quam
972 2610 1107 2655 neccsse
1123 2593 1165 2653 est

86 2701 118 2753 16
136 2679 323 2767 magistratu
341 2679 466 2759 abieris,
481 2681 576 2747 modo
588 2702 629 2746 ne
643 2680 778 2747 excedas
792 2680 915 2746 finitum
929 2691 1069 2769 tempus.
1096 2681 1164 2749 satis

135 2785 184 2840 est
201 2784 256 2840 aut
268 2775 353 2840 diem
366 2785 421 2841 aut
438 2798 580 2843 mensem
597 2798 748 2842 censurae
767 2774 909 2841 adicere?
930 2776 1112 2856 triennium,
1124 2776 1166 2842 in·

136 2869 218 2951 quit,
238 2876 269 2932 et
288 2890 345 2935 sex
362 2891 487 2936 menses
505 2871 588 2937 ultra
604 2893 701 2957 quam
717 2870 791 2938 licet
807 2869 948 2937 Aemilia
969 2870 1044 2960 lege
1062 2893 1165 2939 censu·

134 2981 203 3026 ram
220 2983 338 3050 geram,
354 2971 385 3029 et
398 2963 484 3031 solus
502 2988 621 3052 geram.
652 2965 713 3032 hoc
727 2965 854 3050 quidem
871 2965 936 3030 iam
953 2987 1057 3053 regno
1073 2964 1165 3032 simile

84 3081 115 3130 17
135 3067 193 3123 est
224 3079 266 3124 an
278 3057 432 3147 collegam
450 3058 649 3148 subrogabis,
663 3081 759 3147 quem
771 3083 811 3126 ne
824 3060 858 3125 in
871 3058 1032 3126 demortui
1045 3060 1165 3147 quidem

84 3174 116 3224 ra
133 3151 240 3219 locum
258 3151 430 3242 subrogare
446 3153 497 3221 fas
516 3154 584 3221 est?
607 3154 747 3242 paenitet
765 3154 862 3232 enim,
886 3154 974 3238 quod
992 3153 1167 3241 antiquissi-

134 3270 224 3313 mum
246 3247 397 3314 sollemne
415 3257 447 3314 et
464 3247 565 3315 solum
584 3246 625 3314 ab
646 3247 731 3336 ipso,
755 3247 806 3313 cui
826 3248 877 3326 fit,
898 3247 1083 3316 institutum
1104 3248 1165 3325 deo,

135 3340 176 3406 ab
193 3340 399 3408 nobilissimis
416 3342 607 3410 antistitibus
621 3342 689 3407 cius
704 3343 785 3408 sacri
794 3342 834 3406 ad
847 3363 1014 3408 servorum
1033 3343 1167 3410 minisb·

84 3459 115 3509 19
133 3434 215 3499 rium
232 3435 400 3522 religiosus
413 3458 525 3504 censor
537 3435 705 3517 deduxisti,
722 3459 803 3526 gens
821 3435 980 3521 antiquior
997 3436 1165 3526 originibus

134 3527 223 3596 urbis
240 3529 350 3610 huius,
368 3531 504 3620 hospitio
522 3533 653 3600 deorum
669 3531 881 3599 inmortalium
899 3541 1029 3613 sancta,
1047 3543 1168 3622 propter

134 3632 166 3689 te
183 3646 221 3692 ac
238 3633 327 3692 tuam
344 3649 510 3695 censuram
531 3626 614 3696 intra
634 3650 752 3696 annum
770 3626 811 3695 ab
830 3627 927 3715 stirpe
950 3629 1094 3697 extincta
1114 3635 1164 3704 cst,

132 3719 194 3786 nisi
212 3722 393 3790 universam
409 3747 478 3791 rem
494 3724 655 3813 publicam
668 3746 706 3793 eo
719 3723 839 3791 nefario
852 3717 1076 3807 obstrinxeris,
1089 3720 1164 3812 quod

82 3839 116 3889 so
134 3818 266 3886 ominari
288 3819 383 3888 etiam
410 3820 594 3888 reformidat
619 3819 753 3889 animus.
788 3819 866 3887 urbs
887 3842 927 3887 eo
949 3818 1055 3890 lustro
1082 3829 1162 3908 capta

132 3921 195 3991 est,
218 3935 296 4000 quo,
315 3916 479 3984 demortuo
498 3916 619 4004 collega
639 3915 677 3984 0.
695 3916 778 3983 Iulio
796 3937 942 3996 censore,
960 3916 1005 3984 L.
1024 3916 1161 4006 Papirius

133 4004 263 4090 Cursor,
281 4034 321 4079 ne
334 4012 435 4080 abiret
451 4012 647 4101 magistratu,
657 4011 705 4079 M.
716 4011 901 4081 Cornelium
908 4009 1165 4101 Maluginensem
