2566 4524
288 247 407 303 amsa
423 247 594 318 V1,29.30.
613 251 652 319 [a.
663 247 838 321 cascesa]
1016 239 1080 307 335

47 407 174 476 siintra
191 404 317 472 moenia
334 426 369 471 se
386 404 588 492 recepissent,
607 407 765 494 extemplo
782 417 923 476 ureretur
936 432 1012 498 ager
1025 411 1080 476 de-

47 501 268 590 populatisque
291 499 436 568 omnibus
459 499 583 567 obsidio
604 501 676 568 urbi
697 502 873 569 inferretur.
914 506 971 571 sed
993 517 1114 592 post-5

47 619 141 684 quam
159 595 289 682 direptis
307 595 349 661 ad
361 593 469 660 Aliam
487 595 597 662 castris
615 595 716 662 victor
727 597 892 664 Romanus
910 598 1027 678 aderat,
1045 601 1080 665 id
1173 629 1176 632 ·

47 712 172 777 quoque
189 689 419 756 munimentum
435 689 592 769 relictum3
607 699 643 755 et
659 690 713 756 vix
730 692 854 758 moenia
872 701 940 759 tuta
951 695 1011 759 rati
1024 717 1080 781 op-

47 786 120 874 pido
138 807 173 852 se
190 784 363 851 Praeneste
380 783 554 849 includunt.
590 801 661 850 octo
678 796 841 871 praeterea
858 788 975 873 oppida
991 798 1079 855 erant
1098 811 1114 858 e

47 880 106 947 sub
132 879 252 946 ditione
272 878 557 946 Praenestinorum.
593 879 635 945 ad
656 901 694 944 ea
711 880 927 948 circumlatum
949 882 1078 963 bellum,

47 975 257 1062 deincepsque
278 973 365 1040 haud
386 996 502 1062 magno
524 972 693 1039 certamine
711 975 811 1060 captis
829 974 967 1042 Velitras
990 999 1079 1045 exer-

47 1071 125 1137 m'tus
143 1071 268 1135 ductus.
296 1091 352 1135 eae
369 1090 494 1153 quoquc
512 1078 719 1155 expugnatae.
747 1080 814 1133 tum
832 1069 874 1134 ad
891 1080 986 1157 caput
1003 1071 1078 1138 belli
1097 1095 1111 1142 r

47 1163 217 1231 Praeneste
234 1173 373 1230 ventum.
408 1163 443 1229 id
459 1187 523 1231 non
540 1165 586 1243 vi,
615 1165 672 1230 sed
688 1188 746 1252 per
763 1165 953 1232 deditionem
970 1189 1078 1255 recep-

47 1269 112 1324 tum
135 1267 194 1324 est
239 1257 279 1323 Τ.
299 1255 481 1341 Quinctius,
509 1258 608 1324 semel
629 1259 696 1324 acie
719 1259 833 1340 victor,
860 1261 943 1328 binis
965 1263 1076 1328 castris
1096 1284 1113 1332 8
1220 1309 1227 1321 .

47 1353 193 1433 nostium,
211 1375 327 1420 novem
344 1353 467 1439 oppidis
482 1354 514 1419 vi
527 1354 637 1439 captis,
654 1352 826 1421 Praeneste
840 1356 874 1420 in
888 1356 1079 1422 deditionem

47 1458 187 1536 accepto,
204 1448 340 1515 Romam
353 1448 480 1514 revertit
494 1448 753 1534 triumphansque
767 1450 893 1537 siguum
905 1449 1078 1517 Praeneste

47 1541 212 1611 {evectum
233 1543 320 1609 Iovis
342 1542 545 1629 Imperatoris
567 1543 601 1607 in
624 1541 816 1629 Capitolium
838 1545 917 1611 tulit.
953 1545 1079 1612 dedica
1097 1566 1134 1628 e⁴

47 1661 112 1704 nrm
129 1647 179 1705 est
196 1638 276 1703 inter
294 1637 406 1704 cellam
422 1637 509 1704 lovis
526 1658 565 1704 ac
581 1636 747 1704 Minervae
768 1638 939 1726 tabulaque
961 1640 1021 1707 sub
1040 1663 1077 1706 eo

47 1730 121 1812 ixa,
147 1742 388 1800 monumentum
404 1756 510 1800 rerum
527 1742 702 1820 gestarum,
728 1733 778 1800 his
796 1734 895 1800 ferme
912 1734 1012 1800 incisa
1028 1735 1080 1800 lit-

47 1828 118 1895 uris
136 1826 211 1893 fuit:
230 1827 386 1915 ‘Iuppiter
403 1837 497 1912 atque
515 1828 580 1893 divi
598 1850 707 1894 omnes
725 1828 786 1894 hoc
803 1829 965 1908 dederunt,
983 1837 1019 1893 ut
1038 1829 1077 1893 Τ.

47 1918 215 2008 Quinctius
233 1923 365 1989 dictator
381 1923 498 2010 oppida
514 1945 630 1990 novem
647 1922 792 2010 caperet?
832 1924 883 1991 die
904 1924 1077 1990 vicensimo
1096 1943 1129 1991 10

47 2033 141 2103 [uam
158 2026 282 2084 creatus
300 2027 367 2083 erat
384 2019 537 2084 dictatura
556 2041 591 2084 se
608 2017 775 2085 abdicavit.

106 2111 231 2178 XXX.
268 2111 406 2178 Comitia
422 2112 496 2178 inde
512 2112 620 2179 habita
638 2112 835 2179 tribunorum
851 2113 985 2179 militum
1003 2135 1078 2179 cou-
1097 2135 1110 2181 1

47 2206 142 2274 tutan·
158 2216 326 2294 potestate,
345 2206 460 2293 quibus
480 2216 633 2291 aequatus
650 2208 852 2292 patriciorum
868 2206 1079 2293 plebeiorum·
1185 2242 1189 2255 ·

47 2319 106 2387 {uc
124 2325 284 2369 numerus.
321 2326 361 2369 ex
377 2302 519 2389 patribus
538 2303 634 2368 creati
651 2302 689 2366 P.
709 2312 739 2366 et
758 2301 797 2368 C.
810 2302 925 2367 Manlii
943 2324 1016 2367 cum
1033 2303 1075 2366 L.
1096 2322 1113 2369 2

47 2389 141 2478 lulio,
167 2397 278 2484 plebes
301 2396 340 2464 O.
360 2395 542 2476 Sextilium,
569 2396 617 2462 M.
636 2395 815 2475 Albinium,
841 2397 884 2461 L.
902 2395 1079 2461 Antistium

47 2486 142 2560 ledit.
167 2492 310 2572 Mauliis,
328 2494 414 2579 quod
430 2515 546 2580 genere
563 2491 715 2578 plebeios,
734 2490 836 2579 gratia
848 2490 966 2556 Iulium
981 2491 1078 2556 antei·
1096 2510 1112 2557 3

47 2596 135 2665 rant,
154 2586 267 2652 Volsci
283 2588 444 2674 provincia
461 2588 529 2653 sine
547 2596 644 2666 sorte,
669 2587 736 2652 sine
754 2585 974 2673 conparatione
992 2593 1080 2649 extra

47 2681 189 2748 >rdinam
206 2682 293 2760 data,
313 2682 402 2747 cuius
420 2691 452 2747 et
468 2682 555 2767 ipsos
572 2682 741 2768 postmodo
760 2690 791 2746 et
807 2690 927 2767 patres,
951 2680 1006 2764 qui
1025 2679 1081 2744 de-

47 2767 166 2856 lerant,
184 2775 347 2863 paenituit
373 2776 568 2864 inexplorato
585 2776 769 2864 pabulatum
787 2777 931 2843 cohortes
949 2775 1077 2853 misere3
1096 2794 1114 2842 4

47 2871 162 2954 {uibus
179 2870 267 2936 velut
284 2870 519 2949 circumventis,
546 2892 619 2936 cum
635 2871 669 2937 id
686 2871 768 2937 falso
790 2871 968 2936 nuntiatum
986 2878 1079 2947 esset,

47 2958 121 3035 lum
144 2965 303 3054 praesidio
325 2974 360 3030 ut
381 2974 488 3031 essent
509 2966 595 3032 citati
616 2965 772 3046 feruntur,
799 2990 839 3033 ne
862 2976 988 3034 auctore
1010 2965 1081 3050 qui-

47 3052 120 3129 lem
138 3061 316 3139 adservato,
335 3060 389 3146 qui
407 3083 461 3126 eos
479 3060 580 3127 hostis
592 3061 729 3127 Latinus
747 3084 805 3147 pro
822 3062 921 3126 milita
934 3060 1079 3126 Romano

47 3147 216 3223 &astratus
239 3165 319 3234 erat,
346 3154 409 3241 ipsi
429 3155 462 3220 in
483 3155 613 3221 insidias
639 3156 893 3243 praecipitavere.
932 3154 978 3219 ibi
1003 3153 1079 3216 dum
1098 3170 1113 3217 5

47 3251 157 3338 miquo
171 3249 243 3318 loco
261 3250 331 3317 sola
346 3250 461 3316 virtute
477 3250 613 3316 militum
625 3261 779 3317 restantes
793 3249 927 3316 caedunt
944 3247 1080 3313 caedun-

47 3362 170 3434 urque,
190 3356 294 3413 castra
309 3345 434 3412 iuterim
446 3344 591 3411 Romana
607 3345 741 3412 iacentia
756 3346 790 3410 in
803 3366 914 3430 campo
928 3342 968 3410 ab
982 3341 1080 3408 altera

47 3454 135 3525 parte
152 3442 262 3509 hostes
279 3441 432 3508 invasere.
468 3440 509 3508 ab
528 3440 661 3507 ducibus
679 3441 847 3526 utrubique
868 3441 1011 3528 proditae
1034 3449 1080 3504 te-
1099 3459 1113 3506 e

47 3538 194 3606 ueritate
215 3545 310 3622 atque
331 3535 455 3601 inscitia
475 3557 537 3602 res.
577 3535 731 3621 quidquid
757 3535 912 3622 superfuit
937 3535 1082 3600 fortunae

47 3626 160 3722 populi
174 3630 327 3711 Romani,
344 3629 378 3697 id
395 3630 529 3696 militum
546 3629 641 3695 etiam
658 3629 726 3696 sine
742 3639 863 3697 rectore
881 3629 1002 3696 stabilis
1019 3627 1083 3692 vir-

47 3744 95 3797 us
115 3733 223 3792 tutata
239 3734 297 3791 est
332 3747 414 3811 quac
432 3724 487 3791 ubi
498 3723 636 3790 Romam
653 3733 727 3790 sunt
739 3724 847 3804 relata,
865 3722 1082 3813 primumdic-
1100 3741 1114 3787 t

47 3833 185 3891 turrem
207 3819 270 3886 dici
290 3819 449 3907 placebat3
475 3819 603 3899 deinde,
629 3828 800 3907 postquam
821 3819 946 3905 quietae
967 3839 1020 3884 res
1042 3837 1082 3880 ex

47 3909 180 3985 Volscis
198 3914 433 3994 adferebantur,
457 3924 488 3980 et
509 3915 666 4002 apparuit,
692 3916 814 3981 nescire
831 3936 887 3981 eos
903 3908 1035 3978 victoria
1049 3915 1082 3972 et

47 4029 193 4100 'empore
206 4007 259 4088 uti,
279 4010 417 4077 mvocati
430 4009 527 4076 etiam
538 4009 612 4076 inde
625 4009 779 4076 exercitus
793 4029 831 4074 ac
843 4008 951 4086 duces,
969 4002 1082 4068 otium·
