2566 4524
252 274 371 330 uranu
388 274 471 344 vm,
489 276 532 331 ao.
544 275 586 330 31.
608 275 788 348 [sceau]
806 232 815 246 ’
973 266 1037 334 429

77 436 107 502 it.
135 458 199 501 non
216 433 282 497 dux
300 432 403 511 militi,
422 454 486 497 non
502 432 592 498 miles
610 433 684 499 duci
696 433 806 500 defuit.
834 456 931 521 eques
944 437 1039 504 etiam
1057 452 1073 504 o

78 552 133 597 ore
145 531 187 596 L.
195 526 341 595 Cominio
356 527 480 594 tribuno
493 527 636 608 militum,
651 529 705 613 qui
719 528 905 614 aliquotiens
917 530 1038 619 impetu

78 648 96 692 o
123 645 326 711 perrumpere
351 645 416 687 non
441 631 563 708 poterat
585 623 724 689 hostium
746 647 874 712 agmen,
903 627 1038 692 detraxit

77 743 110 786 os
135 718 226 804 equis
249 728 343 802 atque
365 717 409 782 ita
427 717 598 784 concitatos
621 718 796 786 calcaribus
817 722 974 809 permisit,
1002 731 1038 788 ut

77 817 159 881 inere
178 837 233 880 eos
255 812 341 877 nulla
363 812 411 878 vis
433 822 550 898 posset.
586 836 643 901 per
664 806 765 894 arma,
791 838 849 902 per
869 818 954 884 viros
975 819 1038 884 late

77 933 145 997 gem
158 909 283 973 dedere.
315 917 441 973 secutus
459 907 557 993 pedes
575 907 729 995 impetum
745 910 885 994 equitum
904 912 1037 979 turbatis
1055 934 1070 983 t

76 1004 149 1069 ibus
167 1002 271 1067 intulit
290 1002 389 1088 signa.
430 1002 543 1089 viginti
560 1002 647 1068 milia
663 1002 801 1069 hostium
820 1027 913 1071 caesa
931 1029 968 1072 eo
986 1007 1037 1072 die

77 1108 178 1162 untur.
224 1105 366 1161 auctores
389 1094 504 1174 habeo,
531 1095 581 1163 bis
604 1119 677 1162 cum
697 1098 787 1165 hoste
807 1099 898 1188 signa
915 1101 1039 1165 conlata

77 1203 156 1258 stone
173 1190 316 1268 absente,
335 1189 385 1256 bis
402 1213 469 1255 rem
488 1191 614 1278 egregie
627 1201 760 1278 gestam.
787 1194 872 1281 apud
885 1194 1038 1278 antiquis-

77 1310 99 1352 >s
120 1286 287 1370 scriptores
306 1286 464 1356 unahaec
481 1308 590 1373 pugna
606 1286 772 1366 invenitur,
794 1287 828 1351 in
846 1287 1035 1372 quibusdam

77 1379 170 1446 ilibus
189 1388 255 1444 tota
272 1401 322 1445 res
340 1380 561 1465 praetermissa
579 1389 637 1465 est.
664 1381 814 1469 magister
827 1381 981 1466 equitum,
1000 1392 1036 1448 ut
1053 1401 1069 1450 8

77 1485 150 1542 anta
163 1472 273 1551 caede,
292 1473 398 1538 multis
411 1475 529 1560 potitus
544 1475 652 1561 spoliis
666 1485 816 1562 congesta
828 1476 862 1541 in
873 1477 1036 1564 ingentem

77 1593 152 1634 vum
170 1568 296 1634 hostilia
313 1592 400 1633 arma
418 1567 543 1635 subdito
560 1570 633 1656 igne
657 1571 881 1648 concremavit,
905 1593 963 1637 seu
979 1591 1069 1639 vo·e

82 1663 117 1729 id
131 1663 261 1729 deorum
275 1663 411 1749 cuipiam
424 1663 485 1728 fuit
498 1686 555 1729 seu
568 1665 694 1730 credere
706 1663 783 1730 libet
791 1664 893 1731 Fabio
905 1667 1036 1746 auctori,

77 1767 184 1837 actum,
203 1780 243 1823 ne
258 1780 333 1823 suae
346 1757 463 1844 gloriae
477 1759 615 1825 fructum
624 1759 757 1825 dictator
769 1769 894 1847 caperet
906 1783 1037 1827 nomen-

86 1852 133 1919 ibi
153 1852 303 1919 scriberet
325 1861 379 1917 aut
406 1853 506 1939 spolia
530 1854 563 1919 in
588 1854 746 1942 triumpho
771 1853 875 1921 ferret
915 1854 1037 1921 litterae
1056 1876 1087 1924 10

77 1969 130 2033 que
147 1946 188 2012 de
205 1969 239 2013 re
256 1970 405 2034 prospere
422 1958 514 2034 gesta
530 1949 572 2015 ad
589 1959 747 2027 senatum,
765 1971 829 2015 non
846 1949 888 2015 ad
905 1949 1037 2015 dictato·

91 2041 205 2109 missae
222 2051 442 2129 argumentum
460 2043 549 2110 fuere
567 2044 695 2110 minime
713 2065 785 2110 cnm
802 2065 842 2110 eo
863 2044 1038 2110 communi-

77 2137 237 2204 islaudes.
263 2137 308 2202 ita
320 2147 403 2204 certe
417 2138 549 2204 dictator
561 2139 594 2203 id
607 2138 727 2204 factum
744 2140 878 2226 accepit,
897 2148 932 2204 ut
944 2140 1035 2205 laetis

90 2232 223 2298 victoria
238 2240 329 2319 parta
345 2255 421 2320 prae
435 2254 469 2298 se
482 2232 577 2298 ferret
588 2233 668 2297 uam
681 2232 909 2316 tristitiamque.
937 2233 1035 2298 misso
1055 2254 1086 2302 11

77 2335 255 2413 rerepente
274 2337 383 2393 senatu
402 2349 437 2393 se
455 2349 495 2392 ex
512 2326 599 2391 curia
614 2325 782 2412 proripuit,
800 2333 868 2390 tum
880 2346 956 2390 vero
972 2347 1036 2390 non

77 2421 197 2486 mitium
219 2422 320 2508 magis
342 2422 483 2508 legiones
506 2443 601 2506 quam
622 2420 818 2485 maiestatem
840 2418 1037 2485 dictatoriam

77 2515 259 2601 lisciplinam
286 2516 452 2581 militarem
478 2539 497 2581 a
522 2515 674 2603 magistro
700 2513 841 2598 equitum
865 2513 982 2578 victam
1004 2522 1036 2579 et

77 2632 149 2676 *sam
163 2611 322 2689 dictitans,
342 2611 369 2676 si
381 2611 428 2675 illi
439 2611 556 2697 inpune
571 2619 712 2697 spretum
727 2608 894 2696 imperium
910 2607 1034 2674 fuisset.

77 2726 110 2770 re
132 2704 244 2791 plenus
266 2705 421 2770 minarum
443 2706 570 2789 iraeque
591 2703 751 2791 profectus
773 2703 807 2768 in
832 2711 935 2769 castra
960 2722 1034 2768 cum
1053 2722 1085 2774 12

77 2800 150 2864 imis
176 2799 339 2866 itineribus
366 2801 457 2878 isset,
488 2809 683 2866 nontamen
708 2799 890 2886 praevenire
915 2797 1037 2864 famam

77 2902 159 2959 entus
173 2893 222 2958 sui
235 2894 346 2981 potuit.
372 2904 608 2980 praecurrerant
625 2895 710 2960 enim
727 2893 767 2959 ab
784 2893 863 2961 urbe
880 2893 936 2979 qui
951 2916 1035 2961 nun·
1053 2915 1085 2963 13

77 2996 130 3067 nt,
153 2988 337 3054 dictatorem
354 2989 482 3054 avidum
498 3011 620 3075 poenae
637 2989 757 3067 venire,
784 2987 911 3054 alternis
933 3008 1035 3073 paene

77 3083 107 3149 is
126 3082 166 3150 Τ.
184 3083 298 3150 Manlii
315 3085 434 3150 factum
451 3084 640 3150 laudantem.

77 3176 206 3245 XXXI.
232 3178 351 3246 Fabius
366 3180 510 3245 contione
524 3178 680 3265 extemplo
694 3177 847 3244 advocata
859 3174 1034 3260 obtestatus
1053 3198 1066 3243 1

77 3280 117 3340 tes
141 3283 203 3353 est,
230 3283 265 3339 ut
287 3296 350 3359 qua
371 3275 485 3340 virtute
502 3296 568 3339 rem
585 3273 746 3361 publicam
760 3269 803 3337 ab
819 3267 1033 3335 infestissimis

76 3367 147 3434 ibus
165 3368 393 3448 defendissent,
412 3362 523 3436 eadem
541 3392 590 3448 se,
609 3369 698 3434 cuius
716 3368 813 3432 ductu
830 3363 1033 3451 auspicioque

77 3474 168 3543 sent,
202 3463 243 3530 ab
274 3465 426 3551 inpotenti
456 3464 638 3531 crudelitate
664 3460 822 3528 dictatoris
849 3468 1033 3525 tutarentur.

77 3580 109 3625 rs
132 3568 290 3625 amentem
311 3559 442 3638 invidia,
469 3559 583 3624 iratum
604 3558 711 3628 virtmi
732 3556 852 3623 alienae
876 3553 1065 3622 felicitati-r

104 3653 223 3734 furere,
250 3655 337 3739 quod
359 3677 394 3721 se
415 3654 544 3721 absente
566 3653 765 3741 respublica
791 3650 917 3740 egregie
941 3657 1033 3738 gesta

77 3758 100 3828 t3
127 3749 235 3830 malle,
258 3749 288 3816 si
308 3759 429 3816 mutare
451 3751 609 3816 fortunam
625 3757 747 3836 posset,
769 3748 855 3835 apud
873 3744 1032 3813 Samnites

77 3843 269 3913 nRomauos
278 3845 439 3913 victoriam
453 3868 538 3926 esse;
555 3845 723 3933 imperium
730 3843 872 3911 dictitare
881 3849 1029 3929 spretum,
1049 3858 1064 3906 3

77 3961 164 4026 quam
181 3962 246 4008 non
263 3941 374 4009 eadem
391 3951 495 4010 mente
511 3941 647 4030 pugnari
663 3939 810 4018 vetuerit,
828 3960 892 4023 qua
907 3954 1030 4023 pugua-

100 4034 217 4104 doleat.
261 4045 294 4105 et
318 4047 393 4105 tunc
417 4037 536 4105 invidia
561 4037 702 4125 inpedire
726 4035 873 4102 virtutem
898 4028 1032 4096 alienam
