2550 4530
226 256 229 262 ·
343 261 822 333 1,1111,111’1,14.15.[1.0.115]
1030 254 1096 320 319
1166 276 1171 341 j

74 426 285 512 ruodcumque
308 421 369 488 sibi
391 421 600 506 campania,
627 420 793 507 penatibus
814 421 950 509 publicis
972 445 1009 490 10
1030 425 1095 511 pri·

74 522 142 589 'atis
161 520 240 585 iuris
257 518 361 595 fuerit,
379 517 413 581 id
431 539 503 582 cum
521 538 585 582 uno
603 516 729 582 homine
748 539 827 583 esse.

124 614 190 681 His
212 613 344 679 vocibus
366 612 514 677 instincta
535 610 645 697 plebes
667 633 741 677 cum
761 611 826 678 iam
843 611 936 679 unius
958 613 1128 683 1101111111

74 720 160 789 sset,
189 708 296 774 addita
313 706 376 772 alia
392 706 604 797 commotioris
621 707 663 772 ad
680 707 785 773 omnia
802 707 957 774 turbanda
974 710 1096 775 consilii

74 830 120 873 as.
157 803 296 868 fundum
312 802 347 866 in
362 800 502 879 Veienti,
527 811 620 887 caput
636 803 828 888 patrimonii,
857 803 989 870 subiecit
1005 826 1095 891 prae-
1114 826 1147 876 10

75 900 147 967 oni:
167 894 495 982 ‘nequemvestrum,'
512 896 614 980 iuquit
632 894 1095 984 6(10111111,(1011011110011111

74 1019 91 1061 1
117 1015 155 1060 re
178 1013 251 1058 mea
272 991 438 1076 supererit,
465 991 637 1055 iudicatum
659 990 859 1057 addictumve
881 993 957 1058 duci
974 994 1094 1078 patiar?

74 1091 91 1155 1
109 1110 189 1154 vero
205 1087 251 1153 ita
268 1085 411 1151 accendit
428 1084 559 1162 animos,
578 1094 614 1149 ut
630 1107 688 1171 per
705 1108 797 1152 omne
815 1086 865 1152 fas
882 1108 920 1153 ac
937 1087 1028 1154 nefas
1046 1111 1096 1154 se·

74 1182 165 1250 uturi
182 1181 342 1247 vindicem
358 1178 511 1245 libertatis
529 1180 718 1245 viderentur.

127 1275 186 1342 Ad
201 1275 263 1341 hoo
285 1273 373 1340 domi
393 1273 602 1340 contionantis
623 1274 657 1339 in
677 1275 808 1339 modum
830 1296 990 1341 sermones
1010 1276 1095 1363 pleni
1115 1299 1145 1346 11

74 1372 231 1438 ciminum
241 1370 276 1434 11
287 1376 408 1455 patres3
425 1368 506 1432 inter
519 1389 597 1452 quos
612 1390 684 1432 cum
697 1368 815 1434 omisso
830 1369 1009 1435 discrimine
1020 1392 1097 1436 vera

74 1492 102 1535 1
120 1489 206 1532 vana
221 1465 346 1542 iaceret,
365 1463 530 1528 thesauros
545 1459 661 1528 Gallici
678 1463 746 1528 auri
759 1463 909 1530 occultari
921 1487 941 1530 a
953 1464 1095 1551 patribus

74 1562 149 1640 ecit,
178 1581 238 1626 nec
260 1559 324 1624 iarn
345 1556 545 1644 possidendis
567 1555 702 1642 pubhcis
725 1558 810 1645 agris
829 1567 991 1626 contentos
1014 1582 1094 1637 esse,

74 1657 125 1722 risi
141 1653 308 1742 pecuniam
326 1673 451 1737 quoque
468 1650 630 1738 publicam
647 1661 803 1732 avertaut3
822 1675 861 1718 11
876 1675 927 1719 res
946 1654 974 1719 si
990 1655 1096 1740 palam

74 1751 132 1829 iat,
156 1748 278 1815 exsolvi
294 1746 421 1834 plebem
441 1768 513 1811 aere
531 1746 632 1812 alieno
653 1768 757 1833 posse.
792 1769 874 1832 quas
894 1747 951 1814 ubi
973 1748 1095 1815 obiecta
1114 1770 1145 1817 12

74 1866 138 1932 pes
156 1853 218 1922 est,
246 1843 405 1908 enimvero
422 1841 589 1929 indignum
610 1841 734 1907 facinus
757 1841 870 1920 videri,
898 1864 971 1908 cum
988 1845 1096 1910 confe-

74 1939 195 2006 rendum
213 1938 255 2004 ad
272 1937 488 2003 redimendam
509 1937 668 2002 civitatem
690 1933 831 2004 aGallis
853 1960 964 2003 aurum
985 1938 1094 2005 fuerit:

74 2033 181 2101 tributo
199 2032 408 2099 conlationem
425 2031 553 2110 factam,
570 2032 656 2097 idem
673 2055 785 2098 aurum
803 2055 843 2098 ex
860 2032 1004 2099 hostibus
1022 2055 1096 2122 cap-

74 2142 133 2195 urm
148 2128 184 2192 in
198 2149 374 2213 paucorum
393 2127 543 2213 praedam
566 2126 710 2192 cessisse.
749 2127 856 2211 itaque
878 2128 1094 2212 exsequeban-
1113 2149 1146 2198 11

74 2223 313 2308 turquaerendo,
332 2220 388 2287 ubi
401 2230 506 2286 tantae
519 2221 565 2285 rei
577 2219 697 2286 furtum
710 2223 927 2301 occultaretur,
945 2224 1092 2289 differen-

74 2317 149 2402 ique
168 2327 200 2382 et
217 2327 357 2402 tempore
375 2338 433 2382 suo
448 2337 482 2381 se
494 2315 703 2379 iudicaturum
716 2315 831 2380 dicenti
845 2317 955 2383 ceteris
970 2319 1095 2384 omissis

74 2434 102 2481 10
124 2434 235 2479 versae
258 2420 347 2477 erant
367 2411 508 2476 omnium
535 2432 642 2488 curae,
669 2409 918 2499 apparebatque,
944 2432 1003 2478 nec
1029 2413 1096 2478 veri

74 2507 171 2576 hdicii
188 2506 322 2593 gratiam
339 2505 475 2570 mediam
492 2526 551 2570 nec
568 2504 642 2569 falsi
659 2504 866 2570 offensionem
883 2505 962 2571 1011.

126 2599 207 2666 XV.
246 2599 298 2665 Ita
315 2599 477 2685 suspensis
495 2599 590 2664 rebus
608 2599 741 2664 dictator
761 2600 879 2666 accitus
898 2599 939 2666 ab
956 2600 1128 2670 exercitur
1251 2677 1254 2683 ,

74 2695 226 2763 hurbem
242 2695 337 2760 veuit.
373 2704 500 2781 postero
523 2695 573 2759 die
592 2704 704 2778 senatu
725 2694 832 2761 habito
855 2717 928 2762 cum
946 2696 1022 2762 satis
1040 2719 1095 2783 pe-

74 2790 217 2858 iolitatus
242 2791 420 2856 voluntates
445 2790 610 2856 hominum
635 2791 797 2857 discedere
823 2802 967 2858 senaurm
992 2791 1033 2859 ab
1060 2815 1095 2859 se

74 2886 230 2964 uetuisset,
249 2886 383 2971 stipatus
402 2907 440 2950 ea
456 2884 668 2964 multitudine,
692 2886 769 2952 selle
785 2886 820 2951 11
837 2887 963 2953 comitio
980 2887 1093 2975 posita,

74 2982 218 3049 tiatorem
238 2981 280 3047 ad
296 2979 344 3046 M.
362 2980 520 3046 Mnnhum
541 2981 641 3060 misit3
669 2981 723 3066 qui
744 2982 904 3049 dictatoris
926 2983 1017 3049 iussu
1038 3002 1129 3050 vor

74 3086 165 3156 111111,
183 3100 256 3144 cum
270 3077 397 3164 signum
410 3078 476 3143 suis
491 3078 639 3155 dedisset,
657 3078 770 3142 adesse
784 3087 950 3155 certamen,
969 3079 1094 3167 agmine

74 3172 185 3257 rigenti
202 3173 244 3237 ad
261 3172 397 3238 tribunal
413 3173 507 3238 venit
543 3172 617 3237 hinc
635 3181 773 3249 senatus,
791 3171 864 3236 hinc
880 3169 981 3258 plebs,
1001 3193 1094 3236 suum
1113 3193 1129 3240 1

74 3265 199 3353 puisque
215 3266 373 3334 intuentes
390 3268 516 3346 ducem,
539 3266 676 3333 velutin
693 3266 760 3332 acie
778 3265 990 3332 constiterant.
1025 3275 1094 3330 tum
1111 3286 1129 3334 4

74 3361 199 3428 lictator
216 3361 339 3428 silentio
356 3362 454 3428 facto:
479 3361 636 3440 ‘utinam,'
657 3360 759 3446 inquit
782 3360 873 3426 ‘mihi
889 3359 1094 3447 patribusque

74 3454 219 3522 Romanis
235 3457 281 3522 ita
297 3457 337 3523 de
355 3458 467 3524 ceteris
484 3456 579 3523 rebus
597 3478 671 3522 cum
686 3454 780 3543 plebe
793 3456 967 3535 conveniat,
986 3478 1096 3542 quem-

74 3550 239 3617 admodum
260 3553 346 3636 quod
368 3553 408 3618 ad
429 3561 461 3618 te
483 3551 593 3617 attinet
614 3573 747 3636 eamque
772 3573 853 3630 rem,
881 3573 976 3636 quam
1002 3551 1042 3617 dc
1064 3561 1095 3617 te

74 3664 137 3711 urm
159 3645 374 3731 quaesiturus,
401 3655 627 3713 conventurum
649 3646 725 3712 satis
748 3645 882 3712 confido.
922 3668 1011 3733 spem
1028 3646 1129 3716 fac-5

74 3743 130 3806 tam
148 3764 168 3807 a
184 3751 217 3806 te
235 3741 353 3811 civitati
369 3743 471 3820 video,
488 3741 551 3807 fide
565 3740 715 3807 incolumi
729 3764 769 3807 ex
782 3740 938 3809 thesauris
952 3738 1093 3820 Gallicis,

74 3846 146 3913 quos
171 3834 326 3922 primores
353 3846 477 3922 patrum
503 3836 673 3914 occultent,
705 3836 857 3902 creditum
884 3835 963 3902 solvi
987 3856 1092 3922 posse.

74 3930 118 3995 ni
135 3952 197 4017 ego
214 3930 261 3996 rei
277 3939 398 3996 tantum
416 3931 519 4012 abest,
546 3941 583 3997 ut
599 3932 811 4018 inpedimento
834 3932 907 4010 sim,
933 3939 970 3995 ut
987 3937 1095 3994 contra

74 4024 108 4106 le,
125 4027 174 4093 M.
193 4026 306 4106 Manli,
324 4026 479 4107 adhorter,
498 4027 612 4094 liberes
630 4028 759 4094 faenore
775 4025 900 4113 plebem
917 4024 1094 4090 Romanam
