2566 4524
139 274 202 338 180
393 283 512 339 LIBER
528 284 587 351 111,
604 284 647 338 59.
661 285 703 338 60.
722 287 761 352 [a
770 302 800 339 n.
812 284 910 354 astte]

135 445 222 531 piata
239 444 302 508 sint
319 443 570 508 decemvirorum
589 442 764 527 suppliciis,
784 454 816 506 et
831 442 910 506 nihil
927 441 1148 521 admissumiri,

135 539 222 622 quod
238 539 303 602 sim
320 535 518 602 tribuniciam
535 536 705 612 desideret,
733 537 867 621 spondet
886 552 1041 623 perpetua
1056 559 1149 602 consu·
1183 556 1185 561 ·

101 633 202 702 tlum
219 633 385 697 amborum
402 632 434 694 in
451 631 593 695 libertate
611 644 717 694 restra
730 632 847 695 tuenda
860 632 956 696 cura'
983 654 1023 696 ea
1034 633 1147 716 primun

136 727 308 792 moderatio
325 726 442 790 tribuni
458 741 577 789 metum
589 725 731 810 patribus
745 726 883 811 dempsit
894 727 1071 810 eademque
1082 725 1147 791 auxil

136 821 301 886 constdum
318 821 479 896 insidiam,
498 821 583 903 quod
601 820 680 884 adeo
699 821 755 884 toti
773 820 875 904 plebis
893 820 1045 897 fuissent,
1062 833 1095 884 ut
1108 842 1147 904 pt·

136 927 220 980 uum
238 914 347 979 salutis
365 914 580 997 libertatisque
603 915 689 1000 prior
709 913 835 999 plebeio
856 916 1058 1000 magistratui
1074 935 1146 998 quan

136 1010 266 1096 patricio
288 1032 364 1073 eura
384 1008 511 1084 fuisset,
539 1023 571 1072 et
588 1026 660 1072 ante
678 1008 822 1073 inimicos
844 1009 975 1073 satietas
997 1028 1147 1094 poenamm

137 1127 264 1169 suarum
281 1104 417 1188 cepisset
434 1124 530 1185 quam
548 1102 675 1166 obviam
691 1104 791 1167 ituros
809 1103 955 1167 licentiae
974 1125 1082 1167 eorum
1092 1124 1148 1167 con·

101 1200 221 1267 asules
243 1212 416 1284 appareret
457 1197 609 1280 mrdtiquc
631 1214 733 1272 erant,
761 1198 816 1280 qui
836 1197 964 1261 mollius
992 1197 1148 1262 consultum

136 1296 288 1370 dicerent,
311 1293 397 1376 quod
414 1292 520 1377 legum
539 1292 578 1356 ab
597 1293 635 1357 iis
654 1292 788 1355 latarum
805 1304 911 1377 patres
929 1306 1074 1357 auctores
1090 1290 1149 1355 fuis·

136 1402 220 1463 sent,
242 1410 345 1470 neque
363 1400 429 1450 erat
446 1386 593 1463 dubium,
616 1386 693 1469 quin
709 1386 834 1451 turbato
854 1387 902 1451 rei
922 1387 1069 1472 publicae
1085 1396 1150 1451 sum

136 1483 270 1565 tempori
289 1481 538 1545 succubuissent.

104 1600 116 1645 1
202 1575 279 1639 LX
317 1575 473 1640 Consules
511 1575 605 1640 rebus
623 1575 752 1640 urbanis
781 1575 953 1660 conpositis
975 1575 1150 1657 firndntoqua

134 1670 235 1756 plebis
254 1684 337 1732 statu
374 1670 407 1732 iu
425 1669 601 1753 provincias
619 1670 734 1733 diversi
753 1670 849 1735 abire.
889 1668 1041 1735 Valerius
1058 1670 1149 1735 adru-

135 1789 190 1829 sus
208 1765 390 1829 coniunctos
409 1765 471 1827 iam
485 1764 518 1826 in
532 1764 651 1849 Algido
665 1764 821 1828 exercitus
834 1763 1024 1848 Aequorum
1037 1762 1151 1830 volsa

100 1882 266 1941 urumque
290 1859 437 1922 sustinuit
460 1858 589 1922 consilio
611 1857 744 1935 bellum3
771 1858 856 1941 quod
874 1858 902 1921 si
924 1860 1084 1944 extemplo
1097 1874 1150 1921 rem

134 1956 278 2016 fortunae
297 1952 515 2025 commisisset,
534 1951 619 2015 haud
638 1953 702 2015 scio
720 1976 770 2028 an,
789 1953 929 2035 quitum
947 1953 1048 2017 animi
1060 1948 1150 2017 abda

134 2047 340 2110 cernvirorum
377 2045 556 2108 infelicibus
592 2047 740 2129 auspiciis
771 2047 923 2111 Romanis
960 2046 1149 2129 hostibusque

100 2164 115 2208 a
135 2157 232 2216 erant,
252 2162 366 2223 magno
385 2139 570 2204 detrimento
588 2156 745 2204 certamen
760 2152 914 2204 staturum
927 2140 1035 2207 fuerit.
1058 2136 1149 2207 erari·

134 2235 218 2298 mille
236 2257 387 2319 passuum
406 2233 446 2297 ab
466 2234 555 2298 hoste
573 2236 685 2319 positis
703 2236 810 2319 copias
833 2236 1025 2302 continebat.
1061 2236 1148 2301 hoste

134 2331 272 2392 medium
294 2331 374 2393 inter
397 2329 470 2393 bina
493 2345 595 2392 eastra
617 2330 752 2412 spatium
779 2330 845 2393 acie
867 2331 1022 2396 instructa
1043 2326 1148 2415 conple-

135 2425 208 2488 bant
232 2423 536 2509 provocantibusque
559 2425 599 2487 ad
621 2425 774 2508 proelium
797 2447 986 2508 responsum
1004 2426 1146 2490 Romanus

99 2544 114 2586 t
134 2543 224 2583 uerno
243 2519 401 2583 reddebat.
430 2518 556 2581 tandem
575 2517 697 2603 fatigati
717 2519 828 2582 stando
847 2541 884 2582 ac
902 2521 1093 2603 nequiquam
1106 2536 1146 2581 ex·

134 2616 304 2699 spectando
327 2632 485 2678 certamen
504 2613 609 2696 Aequi
634 2613 817 2696 Volscique,
845 2631 1014 2699 postquam
1041 2632 1144 2679 concat-

133 2733 203 2772 sum
222 2709 448 2793 propemodum
467 2708 506 2770 <le
526 2708 655 2770 sictona
669 2708 845 2784 eredebant,
864 2732 938 2794 pars
953 2710 987 2773 in
1000 2710 1141 2779 Hernicos

133 2827 206 2887 pars
225 2805 257 2865 in
275 2804 410 2865 Latinos
429 2804 612 2886 praedatum
631 2802 756 2866 abeunt.
792 2803 979 2886 relinquitur
996 2804 1094 2890 magis
1106 2818 1142 2863 ta·

99 2897 205 2964 astris
229 2897 419 2979 praesidium
445 2918 540 2979 quam
563 2897 638 2960 satis
662 2898 775 2960 virium
801 2900 842 2961 ad
870 2916 1040 2963 certamen.
1077 2886 1139 2981 quel

133 2991 186 3054 ubi
205 2991 313 3054 consul
332 2992 439 3065 sensit,
459 2992 559 3054 reddit
577 2991 709 3054 inlatum
727 3004 820 3055 antea
837 3008 987 3056 terrorem
1001 2994 1139 3059 names·

98 3107 112 3153 6
131 3108 192 3168 que
211 3087 277 3149 acie
296 3086 376 3149 ultro
394 3087 517 3150 hostem
541 3087 674 3149 lacessit.
711 3085 766 3149 ubi
788 3086 834 3150 illi
856 3089 1062 3164 conscientia,
1084 3072 1136 3167 quil

131 3182 256 3245 abesset
275 3182 396 3256 virium,
416 3183 628 3244 detractavere
646 3203 795 3265 pugnam,
815 3183 912 3245 crevit
931 3176 1135 3269 extemplollt

131 3276 232 3338 manis
252 3276 375 3339 animus
399 3287 429 3339 et
452 3298 508 3359 pro
533 3275 622 3338 victis
646 3275 805 3339 habebant
826 3288 980 3361 paventes
1002 3278 1079 3342 intra
1092 3264 1135 3335 Vll·

99 3390 111 3435 t
131 3368 207 3431 lum.
244 3391 315 3431 cum
334 3393 391 3454 per
408 3386 508 3434 toturn
526 3370 609 3432 diem
629 3371 789 3434 stetissent
810 3371 921 3435 intenti
939 3372 982 3436 ad
999 3382 1133 3437 certam*

131 3462 216 3525 nocti
233 3484 365 3526 cessere.
391 3480 420 3526 et
439 3464 575 3527 Romani
593 3465 720 3546 quidem
739 3465 822 3549 pleni
841 3466 910 3550 spei
928 3488 1058 3552 corpora
1072 3476 1134 3529 cu*

131 3555 220 3632 bant3
239 3554 483 3639 haudquaquam
500 3558 567 3642 pari
585 3556 692 3621 hostes
711 3559 815 3623 animo
829 3561 958 3626 nuntios
971 3562 1133 3646 passimus·

131 3651 197 3735 pidi
223 3650 263 3713 ad
285 3653 477 3716 revocandos
500 3654 700 3736 praedatores
728 3654 901 3719 dimittunt:
928 3657 1091 3721 recurritur
1134 3672 1137 3677 '

97 3766 112 3813 8
131 3743 281 3829 proximis
300 3744 386 3819 locis,
405 3746 567 3810 ulteriores
585 3770 649 3810 non
667 3748 794 3812 inventi.
827 3748 882 3813 ubi
900 3749 1024 3827 inluxit,
1041 3734 1133 3834 θεώ

131 3852 182 3902 tur
204 3839 313 3901 castris
332 3839 494 3903 Romanus
518 3841 635 3904 vallum
658 3842 839 3919 invasurus,
867 3842 901 3907 ni
924 3844 1016 3929 copia
1036 3848 1132 3929 pugn!

130 3932 226 3997 fieret.
263 3947 293 3996 et
311 3950 477 4018 postquam
496 3936 594 4000 multa
612 3937 674 3999 iam
693 3937 759 4000 dies
779 3948 845 4001 erat
862 3960 967 4021 neque
979 3934 1133 4003 movebare

131 4029 298 4112 quicquam
320 4030 360 4094 ab
379 4030 483 4108 hoste,
506 4032 593 4097 iubet
616 4034 708 4118 signa
728 4033 837 4099 inferri
859 4035 981 4102 consul.
1015 4040 1139 4114 motaqt
1174 4026 1183 4039 ’
