2566 4524
131 234 195 300 288
397 242 516 299 LIBER
532 244 570 314 V,
587 244 629 298 37.
643 244 685 301 38.
705 247 743 314 [a.
753 261 781 301 ιι.
791 244 890 316 ι.364]

96 428 113 477 a
132 405 248 471 amilia
266 404 449 468 dictatorem
466 402 572 467 multis
595 401 835 488 tempestatibus
858 402 1007 484 dixisset,
1033 427 1067 471 ea
1081 413 1136 472 tuno

130 499 289 565 invisitato
307 508 401 581 atque
413 495 553 562 inaudito
571 496 661 561 hoste
679 495 720 562 ab
736 493 867 563 Oceano
885 506 1092 584 terrarumque
1105 498 1137 564 ul·

131 594 215 659 timis
238 593 300 659 oris
322 592 441 658 bellum
466 592 566 656 ciente
592 592 671 656 nihil
697 593 936 659 extraordinarii
961 594 1080 682 imperii
1099 603 1142 661 art·

98 688 240 759 sauxilii
257 686 421 772 quaesivit.
461 686 591 765 tribuni,
609 709 745 770 quorum
763 689 937 754 temeritate
954 687 1069 756 bellum
1083 712 1136 756 ocr-
1165 690 1167 695 ’

131 794 264 849 tractum
283 792 358 859 erat,
378 804 520 846 summae
537 805 641 848 rerum
659 792 824 868 praeerant
840 783 1053 869 dilectumque
1063 783 1135 851 niblo

131 877 355 944 accuratiorem
373 897 468 959 quam
485 877 526 940 ad
543 877 648 942 media
664 876 748 942 bella
764 875 874 943 haberi
897 878 1010 945 solitus
1028 889 1084 945 erat
1096 902 1135 944 ex·
1164 958 1167 965 1

131 981 296 1037 tenuantes
315 971 408 1035 etiam
426 971 545 1035 famam
563 971 637 1036 belli
654 970 822 1037 habebant

96 1089 115 1136 4
195 1065 326 1131 Interim
344 1064 443 1143 Galli,
466 1076 634 1152 postquam
656 1089 807 1152 accepere
830 1067 912 1134 ultro
934 1068 1081 1135 honorem
1096 1068 1135 1133 ha·

131 1161 232 1226 bitum
240 1160 443 1226 violatoribus
453 1160 528 1225 iuris
538 1160 667 1244 humani
677 1161 860 1247 elusamque
868 1163 1059 1250 legationem
1070 1183 1136 1228 suan
1162 1224 1167 1239 ,

132 1278 212 1332 esse,
231 1254 399 1340 flagrantes
417 1255 473 1332 ira,
492 1255 581 1318 cuius
599 1255 744 1340 inpotens
762 1265 810 1320 est
828 1279 918 1342 gens,
937 1254 1137 1324 confestimsi·
1158 1264 1167 1289 '¹

97 1372 114 1420 c
131 1351 203 1436 gnis
222 1350 380 1416 convulsis
400 1350 494 1414 citato
512 1349 638 1434 agmine
651 1349 710 1415 iter
722 1350 949 1436 ingrediuntur.
979 1352 1138 1436 adquorum

130 1446 394 1533 praetereuntium
412 1445 524 1529 raptim
543 1444 711 1508 tumultum
729 1467 801 1509 cum
822 1446 991 1511 exterritae
1013 1442 1139 1511 urbesatl

132 1564 220 1605 arma
241 1551 461 1605 concurrerent
482 1539 621 1624 fugaque
644 1539 816 1625 agrestium
842 1540 944 1619 fieret,
973 1542 1102 1607 Romam
1117 1558 1140 1605 ιι

131 1635 177 1699 ire
194 1656 310 1721 magno
329 1634 464 1697 clamore
483 1632 716 1719 significabant,
744 1656 943 1720 quacumque
966 1636 1054 1702 ibant
1073 1632 1140 1719 equit

131 1729 269 1813 virisque
287 1728 381 1815 longe
403 1728 524 1792 aelate
547 1728 619 1793 fuso
637 1729 762 1815 agmine
784 1730 965 1795 inmensum
991 1729 1141 1797 obtinentes

98 1845 114 1892 s
131 1824 202 1890 loci.
239 1826 296 1889 sed
313 1825 516 1889 antecedente
533 1823 619 1889 fama
635 1825 817 1909 nuntiisque
836 1824 1055 1904 Clusinorum,
1076 1825 1141 1890 dein·

132 1942 206 2003 ceps
224 1919 297 1982 inde
315 1918 447 1982 aliorum
464 1917 665 2003 populorum,
692 1919 862 2005 plurimum
885 1922 1012 1987 terroris
1030 1920 1140 1986 Roman

15 2034 17 2041 ’
99 2013 274 2081 sceleritas
297 2011 435 2076 hostium
456 2011 540 2089 tulit,
568 2013 684 2098 quippe
710 2013 825 2097 quibus
849 2014 935 2078 velut
963 2010 1140 2079 tumultuarit

133 2108 272 2173 exercitu
293 2119 362 2192 rapt
363 2107 407 2171 im
429 2107 523 2172 ducto
546 2130 639 2194 aegre
662 2109 703 2173 ad
725 2110 927 2175 undecimum
953 2110 1088 2197 lapidem
1106 2126 1143 2172 oo·

132 2225 260 2267 cursum
278 2211 335 2279 est,
355 2224 417 2286 qua
434 2202 551 2267 flumen
565 2201 650 2281 Alia,
672 2203 883 2269 Crustuminis
902 2206 1062 2271 montibus
1075 2220 1141 2307 prat·

131 2300 174 2363 alt
163 2317 194 2364 to
208 2299 347 2364 defluens
362 2298 461 2376 alve0,
480 2298 566 2362 haud
579 2300 657 2362 mult
646 2311 713 2363 tum
725 2299 851 2363 infra
822 2323 906 2364 vram
917 2299 1066 2365 Tiberino
1077 2290 1140 2363 amul

98 2413 113 2460 8
132 2394 289 2457 miscetur.
318 2394 380 2457 iam
398 2394 503 2457 omnia
521 2412 629 2457 contra
647 2393 791 2476 circaque
809 2393 948 2459 hostium
968 2394 1060 2479 plena
1075 2394 1138 2456 erant

132 2504 162 2552 et
180 2502 253 2552 nata
270 2489 303 2551 in
321 2511 418 2552 vanos
438 2488 589 2551 tumultus
608 2511 686 2572 gens
706 2489 785 2552 truci
804 2499 899 2552 cantu
912 2488 1137 2566 clamoribusque

131 2584 226 2647 variis
244 2583 399 2647 horrendo
418 2600 530 2647 cuncta
548 2582 768 2667 conpleverant
786 2605 874 2647 sono.

99 2699 111 2744 1
195 2676 400 2740 XXXVIII.
432 2677 483 2740 Ibi
501 2677 616 2740 tribuni
634 2678 768 2740 militum
789 2700 853 2741 non
874 2677 945 2742 loco
964 2677 1070 2742 castris
1085 2680 1134 2738 cult

132 2783 232 2854 capto,
252 2793 314 2833 non
332 2772 527 2879 praemunito
546 2771 637 2848 vallo,
657 2794 719 2854 quo
737 2787 881 2855 receptus
901 2784 997 2850 esset,
1015 2794 1073 2835 non
1084 2769 1134 2831 deo·

131 2888 201 2927 rum
218 2865 340 2940 saltem,
360 2866 387 2929 si
405 2889 467 2928 non
482 2866 653 2943 hominum,
673 2889 837 2944 memores,
856 2890 916 2932 nec
929 2869 1085 2952 auspicato
1096 2876 1132 2925 net

131 2958 244 3022 litato
236 2972 394 3023 1nstruunt
412 2961 511 3024 aciem
529 2962 711 3024 diductam
702 2985 734 3024 m
748 2984 873 3039 cornua,
893 2984 933 3026 ne
947 2946 1131 3026 circumvelli

97 3055 329 3120 smultitudine
352 3055 433 3120 lrost'
412 3068 489 3120 trum
512 3074 651 3141 possent
689 3079 747 3120 nec
770 3069 875 3120 tamen
893 3057 1022 3140 aequari
1043 3055 1129 3119 fronte

131 3169 288 3235 poterant,
317 3175 388 3216 cum
411 3153 610 3216 extenuando
633 3152 843 3215 infirmamt
812 3162 918 3216 etvrx
864 3152 1128 3216 vrxcohaereuter

131 3247 267 3309 mediam
281 3247 381 3310 aciem
395 3247 553 3311 haberent.
534 3247 709 3330 tpaulum
724 3260 790 3309 erat
808 3244 848 3310 ab
862 3245 993 3311 dextera
1005 3242 1073 3311 editi
1082 3232 1125 3309 lod

132 3362 225 3420 quem
249 3342 444 3407 subsidiariis
467 3342 579 3426 repleri
606 3342 737 3425 placuit,
765 3363 865 3423 eaque
887 3364 953 3418 res,
981 3359 1015 3406 ut
1039 3336 1125 3404 initiat

96 3453 112 3499 3
130 3435 255 3515 pavoris
272 3458 308 3498 ac
322 3436 427 3521 fugae,
447 3437 493 3500 sio
508 3460 570 3499 una
581 3436 665 3499 salus
680 3434 874 3520 fugientibus
889 3435 958 3500 fuit.
981 3457 1050 3500 nam
1058 3430 1123 3495 ΒΜ·

129 3550 189 3590 nus
207 3529 335 3612 regulus
351 3529 552 3608 Gallorum,
544 3555 576 3593 ιιι
590 3533 746 3615 paucitate
762 3530 842 3595 host
821 3544 901 3595 trum
915 3547 1012 3596 artem
1025 3522 1121 3593 maxim

132 3622 254 3699 timens,
273 3641 359 3688 ratus
374 3627 415 3689 ad
428 3627 460 3689 id
475 3642 599 3711 captum
611 3627 802 3711 superiorem
816 3626 930 3704 locum,
949 3641 993 3703 ut,
1011 3602 1119 3689 abidal

132 3737 203 3778 cum
222 3718 288 3781 acie
306 3718 466 3803 legionum
484 3736 568 3785 recta
587 3721 688 3785 fronte
658 3722 992 3798 tconcucurrissent,
1018 3702 1117 3783 subsitsu

129 3810 164 3873 in
182 3835 308 3877 aversos
328 3830 584 3900 transversosque
598 3818 748 3900 impetum
763 3817 883 3893 darent,
902 3817 943 3880 ad
957 3769 1115 3881 stibsidurlll

96 3905 222 3990 4signa
241 3911 400 3985 convertit,
422 3912 447 3974 si
467 3934 520 3974 eos
539 3912 607 3975 loco
621 3911 795 3995 depulisset
808 3911 894 3974 haud
907 3909 1017 3974 dubius
1029 3893 1113 3968 lucilen

131 4000 165 4063 in
186 4024 286 4086 aequo
310 4006 413 4091 campi
439 4020 559 4070 tantum
587 4007 746 4091 superanti
773 4006 971 4070 multitudine
995 3989 1111 4067 vicwffl
1160 4052 1165 4057 .
