2566 4524
345 232 464 288 smus
480 233 509 304 1,
522 233 564 288 31.
577 234 619 288 32.
640 235 879 306 [aestans]
1087 226 1130 293 35

95 394 162 459 iam
180 391 334 469 homines,
349 413 421 456 eum
440 401 556 457 statum
573 415 686 470 rerum,
701 393 756 477 qui
774 392 833 458 sub
846 392 952 460 Numa
968 418 1043 483 rege
1061 397 1130 463 fue·
1218 416 1232 429 ⁸

96 499 156 565 rat,
170 487 376 571 requirentes,
392 510 487 551 unam
505 510 597 573 opem
615 488 718 574 aegris
737 488 919 574 corporibus
936 490 1087 570 relictam,
1102 494 1130 558 si

95 607 160 670 pax
183 583 339 666 veniaque
361 581 402 648 sb
424 582 485 647 diis
506 582 672 668 impetrata
689 593 787 661 esset,
810 583 990 651 credebant.
1024 586 1128 673 ipsum
1147 606 1163 654 8
1192 590 1196 597 ’

96 701 207 765 regem
225 678 352 742 tradunt
369 677 547 742 volventem
581 678 811 743 conmentarios
828 678 966 758 Numae,
990 703 1062 745 eum
1084 682 1131 747 ibi

96 773 256 857 quaedam
265 772 387 837 occulta
396 771 560 837 sollemnia
568 770 748 857 (sacrificia)
757 773 828 837 Iovi
836 773 940 839 Elicio
948 774 1032 839 facta
1041 776 1129 841 inve·

96 869 208 945 nisset,
227 876 389 952 operatum
402 866 443 930 iis
456 867 598 931 saerisse
607 865 777 944 abdidisse,
797 868 854 931 sed
868 891 932 932 non
944 869 1003 933 rite
1016 870 1129 936 initum

95 973 151 1027 aut
168 971 314 1026 curatum
330 961 365 1025 id
382 983 508 1025 ssorum
525 983 597 1025 esse
612 982 672 1025 nec
690 961 793 1025 solum
810 962 929 1027 nullam
944 963 973 1027 ei
988 963 1127 1029 oblatam

95 1057 279 1121 caelestium
294 1055 446 1140 speciem,
466 1056 522 1119 sed
535 1054 582 1119 ira
594 1054 680 1120 Iovis
695 1055 851 1120 sollicitati
864 1080 963 1142 prava
979 1058 1129 1144 religione

95 1150 231 1215 fulmine
255 1150 354 1214 ictum
380 1172 453 1213 oum
479 1150 573 1213 domo
604 1149 825 1236 conflagrasse.
871 1151 987 1216 Tullus
1012 1175 1129 1238 magna

95 1247 197 1333 gloria
215 1245 290 1310 belli
307 1245 452 1330 regnavit
468 1267 567 1309 annos
586 1245 666 1309 duos
685 1255 716 1310 et
733 1245 869 1331 triginta

159 1339 321 1406 XXXII.
342 1339 471 1404 Mortuo
481 1339 586 1416 Tullo,
599 1361 659 1416 res,
675 1349 709 1403 ut
726 1339 904 1406 institutum
920 1340 985 1405 iam
1000 1341 1074 1407 inde
1087 1339 1130 1408 ab
1148 1364 1160 1408 1

96 1436 184 1503 initio
204 1443 280 1511 erat,
300 1435 341 1498 ad
357 1443 462 1518 putres
479 1434 614 1499 redierat
631 1433 727 1517 hique
743 1434 931 1521 interregem
947 1435 1131 1501 nominave-

96 1541 175 1595 rant
212 1551 277 1614 quo
295 1528 421 1592 comitia
437 1527 572 1593 habente
586 1526 714 1618 Ancum
726 1527 884 1594 Marcium
902 1551 1010 1616 regem
1027 1551 1130 1615 popu-

97 1625 144 1691 lus
164 1624 299 1701 creavit;
319 1633 426 1708 patres
442 1623 531 1688 fuere
549 1633 702 1688 auctores.

158 1719 284 1784 Numae
302 1718 441 1804 Pompili
457 1719 542 1806 regis
559 1741 657 1804 nepos
675 1719 740 1782 filia
758 1729 844 1785 ortus
858 1717 970 1784 Ancus
984 1718 1126 1786 Marcius

99 1824 170 1880 erat.
207 1813 264 1897 qui
286 1823 321 1877 ut
342 1835 475 1900 regnare
499 1815 617 1900 eoepit,
640 1824 671 1878 et
693 1814 796 1878 avitae
817 1815 936 1900 gloriae
958 1837 1078 1879 memor
1096 1825 1126 1880 et
1145 1833 1159 1879 2

100 1910 170 1993 quia
191 1908 371 1994 proximum
392 1930 540 1993 regnum,
565 1918 668 1972 cetera
689 1909 866 1994 egregium,
890 1908 930 1973 ab
953 1931 1017 1973 una
1038 1919 1126 1994 parte

99 2003 170 2069 haut
200 2003 276 2068 satis
294 2025 480 2088 prosperum
498 2001 601 2067 fuerat
617 2013 671 2067 aut
684 2004 836 2090 neglectis
853 2003 1058 2090 religionibus
1073 2013 1127 2069 aut

98 2120 190 2185 prave
209 2097 312 2174 cultis,
323 2096 480 2184 longeque
498 2098 751 2181 antiquissimum
768 2107 868 2176 ratus,
894 2121 983 2162 sacra
999 2098 1127 2182 publica

97 2204 128 2258 ut
141 2191 275 2258 aNuma
287 2192 429 2256 instituta
442 2202 529 2256 erant
542 2192 655 2270 facere,
671 2192 776 2257 omnia
789 2215 827 2257 ea
840 2216 880 2257 ex
894 2192 1125 2258 commentariis

96 2289 177 2375 regis
191 2287 371 2372 pontificem
384 2287 418 2351 in
426 2287 532 2352 album
546 2288 643 2352 relata
656 2309 829 2372 proponere
843 2287 876 2351 in
888 2286 1015 2372 publico
1028 2287 1124 2352 iubet.

156 2381 238 2446 Inde
256 2391 288 2446 et
306 2380 426 2446 civibus
445 2382 500 2446 otii
518 2381 638 2467 cupidis
653 2390 683 2444 et
696 2380 835 2445 finitimis
850 2380 1029 2445 civitatibus
1042 2380 1127 2445 facta

96 2499 184 2564 spes,
205 2476 240 2541 in
261 2476 313 2540 avi
334 2498 437 2541 mores
460 2485 554 2560 atque
576 2475 719 2540 instituta
738 2497 847 2560 regem
865 2473 1031 2539 abiturum.
1067 2473 1159 2558 igi-3

96 2582 143 2638 tur
159 2571 280 2648 Latini,
300 2594 372 2636 cum
389 2570 504 2654 quibus
523 2569 617 2635 Tullo
634 2580 786 2656 regnante
808 2570 905 2633 ictum
919 2567 1032 2632 foedus
1050 2578 1125 2644 eret,

96 2668 287 2733 sustulerant
300 2667 437 2744 animos,
455 2676 498 2744 et,
517 2689 589 2731 cum
602 2666 813 2731 incursionem
829 2665 862 2729 in
881 2687 992 2751 agrum
1005 2663 1123 2728 Roma·

94 2784 170 2827 num
187 2762 352 2839 fecissent,
370 2761 588 2847 repetentibus>
601 2784 652 2826 res
670 2759 822 2825 Romanis
843 2758 977 2844 superbe
995 2779 1126 2843 respon-

97 2880 168 2922 sum
188 2857 338 2934 reddunt,
361 2856 502 2920 desidem
520 2856 699 2921 Romanum
721 2877 828 2941 regem
851 2854 933 2919 inter
955 2852 1072 2918 sacella
1094 2861 1126 2917 et

96 2975 167 3018 eras
182 2962 328 3016 acturum
346 2973 417 3016 esse
433 2973 567 3038 regnum
585 2951 653 3015 rati.

159 3045 308 3111 Medium
325 3045 441 3111 eratin
458 3045 552 3110 Anco
568 3045 740 3131 ingenium,
760 3055 790 3108 et
807 3043 930 3108 Numae
950 3051 980 3106 et
997 3040 1127 3106 Romuli
1146 3060 1160 3106 4

95 3163 229 3219 memor3
248 3149 279 3206 et
292 3151 511 3225 praeterquam
525 3140 611 3223 quod
623 3139 675 3204 avi
686 3161 785 3225 regno
799 3137 900 3223 magis
915 3134 1125 3202 necessariam

96 3235 196 3301 fuisse
221 3256 334 3320 paoem
360 3233 506 3299 credebat
532 3256 605 3298 um]
627 3234 660 3299 in
681 3256 764 3299 novo
786 3243 853 3297 tum
876 3229 976 3295 feroci
996 3227 1124 3315 populo,

96 3329 190 3395 etism
208 3329 295 3413 quod
314 3328 361 3392 illi
382 3329 567 3416 contigisset
583 3329 697 3406 otium,
722 3329 789 3392 sine
806 3325 920 3391 iniuria
936 3325 970 3389 id
988 3346 1022 3389 se
1040 3323 1127 3387 haud

96 3423 193 3489 facile
205 3422 399 3489 habiturum:
426 3423 571 3510 temptari
592 3423 775 3509 patientiam
797 3431 828 3486 et
850 3429 1032 3506 temptatam
1051 3441 1126 3482 con-

98 3519 190 3584 temni
214 3528 418 3603 temporaque
441 3541 511 3584 esse
530 3517 623 3584 Tullo
645 3517 714 3604 regi
736 3517 856 3603 aptiora
878 3537 973 3599 quam
991 3513 1124 3578 Numae.

95 3621 129 3677 ut
144 3623 261 3690 tamen,
276 3612 425 3698 quoniam
437 3611 542 3678 Numa
558 3613 592 3678 in
609 3635 687 3699 pace
705 3612 873 3698 religiones
890 3608 1087 3685 instituisset,
1105 3629 1125 3670 a
1143 3625 1158 3673 5

95 3728 128 3772 se
144 3706 278 3774 bellicae
297 3707 503 3774 caerimoniae
520 3709 726 3794 proderentur
739 3728 798 3772 neo
811 3714 993 3792 gererentur
1011 3701 1122 3778 solum,

95 3802 148 3867 sed
170 3803 269 3868 etiam
290 3802 500 3868 indicerentur
521 3803 605 3868 bella
626 3803 731 3886 aliquo
753 3801 830 3878 rita,
857 3800 907 3865 ius
929 3798 969 3864 ab
997 3796 1125 3878 antiqua

95 3907 186 3982 gente
205 3897 409 3983 Aequiculis,
432 3897 517 3984 quod
538 3920 623 3963 nunc
645 3895 768 3961 fetiales
792 3893 922 3971 babent,
949 3886 1122 3972 descripsit,

96 4011 155 4076 quo
174 4015 228 4060 res
245 4001 439 4080 repetuntur.

920 4086 956 4138 3..
