2566 4524
133 241 174 306 10
405 249 524 306 LIBER
536 249 562 320 1,
578 249 602 303 6.
621 248 645 302 7.
666 251 704 316 [a.
716 264 742 302 u.
754 247 884 316 o.1-37]

129 411 191 497 pio.
233 408 379 493 quoniam
400 407 519 493 gemini
541 415 647 472 essent
668 427 728 470 neo
750 405 859 471 aetatis
882 403 1074 470 verecundia
1099 403 1159 472 dis-

130 505 248 570 crimen
264 503 369 568 facere
385 511 507 588 posset,
535 511 570 566 ut
587 501 644 580 dii,
671 523 806 584 quorum
828 498 943 564 tutelae
966 522 1005 564 ea
1025 497 1098 564 loca
1113 519 1159 564 es·

130 608 213 676 sent,
237 596 376 684 auguriis
393 596 546 682 legerent,
571 596 624 680 qui
641 617 757 660 nomen
774 616 876 660 novae
893 593 964 658 urbi
982 593 1087 670 daret,
1109 592 1158 677 qui

129 691 287 759 conditam
321 690 452 775 imperio
483 699 617 776 regeret,
653 688 811 754 Palatium
835 686 1006 765 Romulus,
1042 687 1158 752 Remus

129 784 325 850 Aventinum
343 783 383 848 ad
401 784 650 869 inaugurandum
669 783 786 868 templa
804 783 942 869 capiunt.

97 901 111 948 1
196 877 273 944 VII.
308 877 412 944 Priori
428 877 531 943 Remo
554 879 721 965 augurium
743 879 869 942 venisse
891 877 992 942 fertur
1014 897 1074 942 sex
1096 874 1159 941 vul-
1196 892 1198 961 l

130 983 229 1050 tures,
253 973 378 1056 iamque
395 972 538 1037 nuntiato
556 972 686 1059 augurio
705 994 778 1036 oum
796 970 913 1056 duplex
929 992 1083 1036 numerus
1100 969 1159 1034 Ro-

130 1066 217 1132 mulo
245 1088 315 1130 sese
342 1066 545 1145 ostendisset,
579 1077 746 1149 utrumque
771 1088 880 1152 regem
910 1088 969 1130 sua
994 1064 1158 1129 multitudo

131 1160 391 1226 consalutaverat.
441 1170 581 1246 tempore
611 1160 657 1224 illi
686 1169 866 1246 praecepto,
904 1168 936 1224 at
963 1158 997 1223 hi
1032 1178 1158 1222 numero

96 1277 111 1323 2
132 1255 239 1320 avium
256 1277 390 1342 regnum
407 1255 583 1320 trahebant·
603 1255 676 1319 inde
694 1276 766 1319 cum
781 1253 982 1318 altercatione
999 1251 1158 1340 congressi

131 1350 299 1416 certamine
316 1350 433 1415 irarum
451 1350 492 1414 ad
510 1350 639 1414 caedem
656 1358 827 1413 vertuntur.
859 1348 903 1413 ibi
920 1347 954 1410 in
972 1346 1065 1411 turba
1082 1347 1157 1411 ictus

129 1444 250 1509 Remus
269 1444 389 1509 cecidit.
417 1443 572 1530 vulgatior
586 1443 672 1508 fama
685 1451 741 1520 est,
756 1442 891 1507 ludibrio
905 1441 1010 1506 fratris
1026 1440 1158 1506 Remum

130 1559 230 1602 novos
249 1537 443 1602 transiluisse
461 1559 577 1614 muros,
595 1537 668 1600 inde
687 1535 727 1602 ab
744 1537 823 1600 irato
837 1534 984 1614 Romulo,
1004 1556 1079 1599 cum
1096 1555 1158 1600 ver·

131 1630 180 1696 bis
202 1652 327 1715 quoque
348 1631 538 1717 increpitans
561 1631 728 1695 adiecisset
755 1631 816 1695 ‘sic
836 1631 950 1695 deinde
972 1630 1158 1714 quicumque

97 1745 113 1792 3
131 1724 212 1790 alius
231 1724 384 1790 transiliet
401 1725 526 1790 moenia
543 1724 652 1803 meal',
675 1725 883 1790 intersectum.
916 1724 961 1788 ita
979 1723 1067 1789 solus
1085 1722 1158 1809 poti·

131 1828 182 1884 tus
199 1819 331 1905 imperio
349 1818 519 1897 Romulus,
539 1820 664 1885 condita
681 1818 756 1884 urbs
776 1818 945 1884 conditoris
963 1818 1092 1883 nomine
1109 1839 1158 1904 ap-

131 1913 256 1998 pellata.

195 2006 355 2071 Palatium
371 2008 520 2092 primum,
548 2009 581 2071 in
599 2029 661 2092 quo
679 2008 748 2093 ipse
767 2016 833 2072 erat
851 2008 1017 2085 educatus,
1041 2007 1156 2072 muniit

132 2122 222 2166 sacra
239 2101 298 2166 diis
317 2101 387 2166 aliis
404 2101 532 2168 Albano
550 2103 621 2180 ritu,
642 2100 765 2168 Graeco
783 2102 925 2179 Herculi,
944 2110 980 2165 ut
998 2101 1039 2166 ab
1057 2102 1157 2167 Esau·

97 2215 115 2261 4
132 2194 189 2261 dro
206 2195 348 2261 instituta
366 2207 466 2275 erant,
487 2197 571 2262 facit.
612 2197 786 2262 Herculem
802 2197 836 2261 in
854 2219 892 2261 ea
909 2195 979 2261 loca
1014 2193 1156 2282 Geryone

129 2289 316 2375 interempto
345 2290 443 2357 boves
461 2292 540 2357 mira
554 2293 657 2378 specie
671 2292 816 2379 abegisse
829 2300 1004 2356 memorant
1017 2314 1056 2357 ac
1068 2310 1157 2377 prope

132 2382 273 2449 Tiberim
299 2384 443 2464 fluvium,
476 2408 539 2470 qua
568 2409 643 2471 prae
671 2408 705 2449 se
732 2395 908 2450 armentum
934 2407 1033 2470 agens
1061 2383 1157 2450 nando

131 2477 307 2558 traiecerat,
333 2479 404 2545 loco
422 2480 566 2556 herbido,
594 2489 630 2543 ut
647 2479 751 2562 quiete
774 2490 805 2542 et
826 2478 943 2563 pabulo
965 2478 1097 2544 laetiore
1117 2498 1159 2543 re-

97 2571 238 2637 alieeret
255 2572 367 2650 boves,
392 2583 423 2637 et
440 2574 545 2658 ipsum
563 2573 685 2636 sessum
703 2572 755 2636 via
771 2569 987 2657 procubuisse.
1029 2572 1075 2637 ibi
1094 2593 1159 2638 cum

133 2689 205 2731 eum
224 2665 294 2732 cibo
312 2667 447 2750 vinoque
465 2675 629 2752 gravatum
644 2688 738 2751 sopor
750 2666 968 2751 oppressisset,
987 2675 1099 2750 pastor
1115 2685 1161 2732 ac-
1194 2666 1198 2683 ⁸

133 2758 202 2824 cola
223 2760 291 2823 eius
313 2758 376 2824 loci
396 2760 523 2825 nomine
543 2757 662 2836 Cacus,
691 2760 781 2824 ferox
802 2759 936 2837 viribus,
965 2770 1079 2846 captus
1097 2758 1161 2847 pul

132 2849 306 2917 chritudine
324 2852 422 2917 boum
439 2875 511 2917 cum
529 2862 668 2918 avertere
687 2876 757 2918 eam
774 2854 924 2939 praedam
941 2853 1051 2931 vellet,
1082 2853 1160 2939 quia,

133 2946 161 3011 si
177 2946 301 3032 agendo
319 2956 494 3015 armentum
512 2948 544 3012 in
563 2949 745 3033 speluncam
763 2947 981 3033 compulisset,
1004 2948 1078 3034 ipsa
1096 2970 1163 3013 ves·

136 3040 214 3127 rigia
236 3051 437 3125 quaerentem
466 3042 628 3107 dominum
651 3065 688 3107 eo
711 3043 883 3107 deductura
906 3051 1007 3119 erant,
1036 3061 1162 3108 aversos
1196 3106 1198 3115 ,

133 3133 240 3213 boves,
260 3135 409 3200 eximium
427 3158 584 3221 quemque
600 3136 839 3222 pulchritudine,
860 3135 968 3200 caudis
985 3135 1020 3199 in
1039 3136 1164 3222 spelun-

133 3252 203 3297 cam
220 3230 323 3296 traxit

98 3344 115 3393 6
196 3324 351 3390 Hercules
371 3325 412 3389 ad
428 3325 562 3410 primam
580 3348 724 3390 auroram
743 3348 853 3390 somno
867 3325 988 3389 excitus
1003 3346 1079 3391 cum
1097 3347 1165 3414 gre-

132 3439 205 3504 gem
222 3418 444 3504 perlustrasset
461 3419 560 3484 oculis
580 3428 611 3484 et
628 3429 749 3505 partem
767 3419 879 3484 abesse
897 3441 1029 3484 numero
1048 3420 1165 3485 sensis·

131 3520 194 3589 set,
221 3512 324 3598 pergit
341 3514 382 3577 ad
399 3513 573 3598 proximam
593 3514 788 3599 speluncam,
817 3513 844 3578 si
865 3512 947 3577 forte
969 3535 1007 3579 eo
1030 3514 1166 3602 vestigia

131 3607 257 3672 ferrent.
293 3629 373 3690 quae
392 3607 447 3673 ubi
464 3608 569 3674 omnia
587 3607 672 3673 foras
700 3630 793 3673 versa
810 3607 890 3672 vidit
911 3608 1022 3673 necin
1043 3620 1166 3695 partem

132 3700 226 3765 aliam
243 3699 334 3779 ferre,
353 3702 504 3768 confusus
522 3711 616 3787 atque
632 3703 770 3768 incertus
789 3701 886 3767 animi
903 3723 944 3768 ex
960 3702 1031 3772 loco
1048 3703 1165 3768 infesto

99 3814 226 3880 regere
251 3817 344 3881 porro
371 3807 547 3862 armentum
573 3798 703 3883 occepit.
747 3798 820 3861 inde
848 3819 920 3861 cum
950 3807 1040 3862 actae
1067 3797 1164 3863 boves

133 3889 286 3972 quaedam
305 3889 345 3956 ad
361 3890 561 3968 desiderium,
580 3901 616 3955 ut
632 3891 676 3969 fit,
695 3890 874 3955 relictarum
888 3890 1076 3977 mugissent,
1093 3891 1165 3956 rea·

132 3983 198 4050 dita
222 3984 414 4053 inclusarum
441 4008 481 4051 ex
507 3985 657 4071 spelunca
681 3984 778 4051 boum
804 4008 868 4050 vox
890 3983 1064 4051 Herculem
1090 3980 1166 4051 con·
