2566 4524
127 258 204 323 v111
454 288 458 297 ·
512 274 553 318 nn
573 276 641 319 vrrs
658 275 699 318 sc
717 275 842 317 scanrrs

126 387 366 460 tinnimentum,
377 405 434 460 qua
443 388 566 444 rhetoris
575 389 670 442 cuius-
689 403 763 458 quae
777 392 854 442 certe
868 385 912 441 his
927 403 961 442 ac
975 384 1113 442 similibus
1127 387 1232 446 studiis

52 508 55 517 .
126 459 192 513 dam
210 456 353 512 officinam
370 459 477 512 intrare
494 456 633 526 iubemur,
643 461 669 500 38
688 472 804 528 operam
812 472 934 510 narasse
944 455 1057 510 Livium
1067 457 1163 526 docet,
1179 458 1232 513 do·

125 525 668 597 tamsnvixnegabis‚rhetoremsapere
688 529 820 580 cumento
839 524 889 594 sit,
911 540 948 579 ne
970 524 1149 604 provectiore
1169 526 1231 597 qui·

126 596 206 667 quod
224 593 336 650 Seneca
358 593 457 648 rhetor
479 593 614 648 iudicium
633 595 668 648 de
688 593 752 647 dem
762 598 857 648 aetate
869 592 943 648 hanc
956 593 1102 648 literarum
1116 594 1231 663 provin-

147 664 306 718 uorundam
333 669 477 717 oratorum
504 662 669 733 eloquentia
688 661 760 716 ciam
787 661 824 716 ab
847 677 882 717 eo
906 661 1020 716 omnino
1043 677 1107 717 esse
1134 661 1230 718 deser-

124 748 140 786 r
162 732 249 787 eteris
274 731 421 786 cuiusdam
444 730 561 801 eiusque
581 729 668 785 Grae·
687 734 785 784 tamti

125 800 183 855 culi
199 799 296 854 verbis
304 799 416 853 Livium
430 799 531 853 uilisse
545 799 669 853 refert²⁹
721 797 830 853 Romae
854 797 910 853 iam
928 798 1038 870 aliquot
1060 799 1143 853 annis
1162 805 1233 856 ante

128 868 231 939 quodsi
241 885 309 924 vero
316 867 450 922 Suidasu
459 881 564 936 narrat,
576 884 668 922 aemu·
687 883 813 947 pugnam
825 866 973 921 Actiacam
991 866 1171 922 versabatur:
1189 868 1231 924 ibi

126 936 263 992 lationem
287 936 431 1008 quandam
450 935 577 989 extitisse
595 935 670 990 inter
688 953 762 990 emm
773 935 848 990 circa
857 935 949 1004 ipsum
959 935 1015 989 hoc
1024 942 1145 1005 tempus,
1152 938 1232 1007 quod

125 1005 238 1061 Livium
269 1010 298 1060 et
329 1003 486 1058 Cornutum
537 1004 668 1072 rendam,
687 1003 762 1058 infra
772 1003 937 1074 diligentius
951 1005 1155 1074 explorandum
1165 1005 1232 1076 erit,

127 1091 211 1144 quem
229 1073 371 1144 ἱστορικὸν
389 1073 503 1143 quidem
518 1021 609 1127 iuisse
629 1072 668 1126 di·
687 1071 868 1126 historiarum
891 1072 979 1126 libros
1003 1072 1127 1127 scribere
1147 1089 1231 1128 orsus

127 1141 174 1210 cit,
188 1146 397 1196 uttamencum
411 1141 583 1221 philosopho
594 1140 668 1212 Lep·
688 1146 744 1194 est:
772 1157 837 1195 nam
855 1140 967 1194 Patavii
989 1140 1108 1210 primam
1130 1157 1228 1196 eorum

125 1209 180 1264 tita
190 1209 248 1264 sive
258 1211 321 1279 ipse
332 1210 391 1264 sive
405 1210 514 1264 librarii
529 1226 592 1264 eum
603 1226 668 1263 con·
688 1208 825 1263 decadem
844 1208 1005 1263 confectam
1023 1225 1101 1278 esse,
1124 1211 1230 1279 proba·

124 1276 296 1347 faristinam
316 1284 346 1333 et
355 1277 482 1333 Cornuto
496 1279 593 1348 plures
609 1277 668 1349 qui·
687 1283 746 1331 tum
755 1277 816 1346 ivit,
827 1277 878 1331 sed
888 1294 946 1331 non
955 1275 1230 1348 probavitOhristia·

126 1347 191 1401 dem
210 1345 326 1402 affuisse
345 1346 504 1416 auditores,
526 1345 609 1401 Livio
627 1352 668 1400 ta-
687 1345 919 1413 nnsKrusius3u
931 1345 1045 1401 Patavii
1054 1348 1232 1402 tamensatis

124 1433 190 1470 men
218 1415 360 1469 doctiores
393 1421 422 1469 et
452 1414 668 1485 ingeniosiores,
687 1413 736 1468 diu
755 1431 818 1469 eum
841 1421 1044 1470 commoratum
1067 1420 1161 1470 ceseii
1183 1417 1230 1471 vel

125 1500 141 1539 e
163 1482 258 1538 uidem
280 1484 349 1552 hoc,
375 1484 399 1536 si
421 1485 507 1536 modo
527 1481 668 1538 Cornutus
688 1482 801 1552 saepius
814 1499 850 1537 ac
865 1482 970 1537 diutius
985 1500 1018 1537 eo
1034 1483 1154 1538 rediisse
1165 1501 1229 1538 cum

121 1502 173 1606 ilie
188 1551 325 1606 historiae
339 1557 440 1604 auctor
451 1567 552 1605 revera
566 1551 667 1619 extitit,
687 1566 721 1604 eo
741 1550 875 1628 concludi
893 1568 978 1620 posse
1002 1551 1127 1619 videtur,
1149 1552 1228 1632 quod

126 1635 190 1674 cum
205 1619 422 1674 Thorbeskioo
434 1621 471 1674 ad
485 1619 667 1674 recitationes
688 1616 717 1671 O.
732 1616 893 1672 Cornelium
908 1637 1045 1700 augurem
1059 1621 1228 1675 Patauinum

125 1688 220 1769 operis
247 1688 377 1742 historici
421 1705 486 1742 uam
510 1704 573 1742 cum
595 1689 667 1744 Vos·
686 1685 761 1740 Livii
787 1686 906 1742 amicum
925 1688 995 1743 droit
1016 1689 1228 1757 Plutarchusiss,

126 1760 201 1811 sro33
224 1757 262 1811 ad
281 1705 489 1811 scholasqLivii
511 1757 667 1811 rhetoricas
686 1761 807 1823 tumeo,
827 1757 904 1836 quod
918 1757 1025 1827 passim
1043 1757 1141 1828 oppidi
1155 1757 1228 1837 agri·

123 1824 232 1880 referre
246 1825 349 1879 malim.
375 1824 474 1878 illiusi
496 1824 554 1878 sius
573 1825 668 1894 operis
687 1825 1231 1896 quePatavrmatqueeorumhistorrao

122 1893 255 1948 habitum
264 1894 315 1948 tali
325 1892 401 1948 vitae
412 1843 573 1947 condicioni
584 1910 667 1964 quam
686 1897 846 1947 accuratam
862 1908 980 1965 eamque
994 1894 1096 1964 partim
1111 1911 1146 1948 ex
1158 1894 1230 1964 ipsis

121 1961 244 2017 maxime
263 1961 440 2032 respondere
459 1961 534 2016 infra
552 1978 667 2016 accusa·
686 1960 823 2028 fontibus‚
834 1965 866 2015 ut
875 1961 994 2031 videtur,
1001 1962 1147 2017 Patavinis
1157 1962 1228 2016 hau·

123 2029 181 2084 tius
191 2029 666 2085 videbimus2hicFridericiLach-
687 2035 760 2083 stam
768 2046 837 2098 prae
848 2045 879 2083 se
888 2029 946 2084 fert
954 2030 1124 2084 notitiamu

122 2099 221 2153 manni
235 2099 324 2152 verba
337 2103 455 2152 notasse
475 2098 544 2153 satis
563 2099 666 2168 habeo,
721 2098 829 2153 Romae
847 2097 947 2152 Livius
966 2099 996 2153 in
1013 2098 1059 2154 Au
1101 2099 1138 2153 sti
1155 2100 1230 2154 noti·

125 2167 175 2239 qui
197 2167 312 2221 ‘multa'
330 2166 402 2220 situ
421 2167 561 2236 ‘produnt
578 2167 666 2221 homi·
687 2165 754 2220 tiam
766 2167 929 2236 pervenit⁴0
947 2184 983 2222 ac
1000 2169 1046 2222 vel
1073 2168 1229 2223 amiliarius

123 2251 198 2316 nem,
215 2234 666 2316 quiinterphilosophicactrhe-
685 2235 858 2316 imperatore
876 2252 958 2315 usum
982 2252 1045 2290 esse
1069 2242 1098 2289 et
1114 2236 1177 2305 ipse
1197 2253 1229 2317 se

125 2309 218 2358 torrca
236 2304 331 2358 studia
353 2308 492 2357 enutritus
515 2322 667 2376 numquam
686 2304 785 2358 L1v1us
800 2304 870 2358 d1c1t
882 2304 931 2358 hb.
939 2303 1007 2371 1111,
1023 2320 1046 2357 c.
1056 2303 1091 2357 20
1105 2313 1135 2358 et
1145 2306 1229 2359 Tacr·

125 2373 163 2427 ad
180 2372 384 2442 rempublicam
402 2378 432 2426 et
450 2372 486 2426 ad
510 2379 604 2428 castra
621 2391 666 2428 ac·
685 2378 732 2424 tus
750 2378 848 2427 narrat
865 2371 903 2426 ab
921 2388 981 2426 exc.
998 2372 1072 2442 Aug.
1092 2372 1228 2443 1111,34.

126 2440 230 2496 cessit’
256 2446 343 2512 atque
352 2440 432 2510 ipsos
445 2441 546 2494 horum
561 2443 666 2495 studio·
687 2439 815 2494 defendit
831 2440 873 2494 ibi
892 2456 922 2494 se
941 2438 1102 2494 Cremutius
1117 2440 1229 2496 Cordus

123 2527 186 2564 rum
200 2510 277 2565 fetus
295 2509 449 2580 plerosque
462 2509 575 2563 Livium
589 2511 665 2564 iuve-

123 2596 190 2634 nem
218 2578 331 2633 Patavii
358 2578 481 2632 futare
512 2578 667 2632 stantune
710 2562 1228 2655 111111111111811131181...

42 2676 46 2683 ·
123 2653 281 2702 morantem
299 2645 423 2700 edidisse
441 2645 593 2714 probabile
612 2652 665 2714 est,
685 2665 1177 2716 mandsLips.1slasect.aq.1ep.4tsqq.
1196 2666 1227 2705 os.

124 2720 157 2769 ut
165 2721 261 2769 tamen
271 2713 394 2784 epistula
404 2714 442 2768 gd
450 2712 539 2766 filium
550 2713 665 2783 scripta,
684 2716 848 2755 Lachmannum
866 2717 893 2755 de
910 2718 966 2757 font.
980 2718 1029 2757 Liv.
1038 2717 1057 2765 1,
1071 2718 1096 2756 18
1106 2727 1139 2778 qq.
1148 2737 1176 2746 -
1185 2717 1229 2758 ‘nt

685 2771 736 2807 sunt
753 2768 789 2816 qui
808 2769 946 2816 existiment,
970 2779 1019 2809 enm
1035 2769 1119 2808 Patavii
1141 2770 1229 2809 tantum

685 2819 798 2868 scripsisse
807 2828 832 2856 ac
837 2819 926 2858 Romam
935 2820 1028 2860 librariis
1038 2830 1077 2860 seu
1084 2819 1229 2859 bibliotheca·

149 2871 175 2910 38
188 2868 240 2909 1818.
250 2868 309 2917 vin,
319 2871 339 2918 3,
349 2870 382 2910 18.
684 2880 732 2909 runs
742 2869 866 2909 custodibus
880 2881 918 2920 per
927 2872 1019 2912 decadas
1028 2882 1077 2912 eum
1091 2873 1177 2912 misisse
1187 2882 1229 2912 nec

148 2920 217 2962 8881.
232 2923 282 2960 Seu.
297 2924 394 2961 controv.
403 2921 472 2968 XXV.
486 2922 600 2971 1838488.
614 2922 666 2972 Bip.
685 2931 805 2970 quenquam
821 2930 847 2960 so
861 2922 968 2963 scribente
982 2934 1055 2964 secum
1073 2923 1170 2963 conferre
1188 2933 1228 2972 po-

123 2973 260 3022 allquateuus
270 2973 311 3012 huc
321 2982 406 3022 qnoque
415 2973 533 3023 pertinent,
544 2983 599 3022 qnae
613 2973 666 3013 ibid.
685 2973 761 3012 tuisse.
778 2969 816 3013 alil
830 2984 882 3013 vero
895 2985 940 3015 non
948 2975 1032 3014 Patavii
1045 2977 1137 3021 tautum,
1152 2975 1191 3014 sed
1205 2977 1229 3014 et

122 3023 200 3071 xxlv,
211 3034 232 3073 p.
243 3024 281 3062 374
290 3024 419 3071 referuntur,
429 3023 467 3063 ubl
477 3024 524 3074 ipss
533 3025 610 3064 Livius
620 3025 666 3065 Sal·
684 3024 764 3064 Romae
777 3025 893 3074 aliquando
907 3036 945 3065 seu
958 3035 1014 3072 rurs,
1029 3024 1085 3072 apud
1098 3025 1156 3073 qnod
1170 3027 1229 3064 baud

122 3075 212 3116 lustium
219 3075 504 3123 vituperansDemosthsnis
514 3076 607 3126 aliquam
616 3088 666 3117 sen·
684 3077 748 3125 longe
757 3077 825 3116 lioma
834 3077 876 3117 sibl
886 3076 1003 3117 solitariam
1016 3075 1152 3116 mansionem
1166 3076 1227 3116 dele-

122 3127 213 3168 tentiam
218 3126 339 3175 'l’lrucydldi
347 3127 434 3166 videtur
442 3127 548 3175 tribueret
559 3129 666 3178 epistulae
684 3128 759 3178 gerat:
777 3129 824 3168 vita
833 3128 906 3169 Oxou.
916 3137 950 3176 ap.
960 3126 1088 3167 Hearnium.

122 3179 149 3219 ad
159 3179 228 3219 fillum
237 3179 259 3217 h.
266 3178 470 3219 ladnumerandnm
480 3189 528 3220 esse
537 3181 632 3221 coniecit
640 3181 665 3221 F.
709 3181 734 3220 31
749 3180 781 3220 sic
790 3189 875 3229 quoque
884 3178 929 3217 vita
939 3176 1024 3218 oxon:
1040 3177 1095 3228 ‘Qui
1104 3188 1170 3228 quum
1183 3179 1229 3218 iam

121 3229 275 3272 Lachmannus
284 3229 299 3270 l.
310 3241 329 3270 c.
339 3231 367 3278 11,
378 3232 404 3271 18
412 3242 435 3271 n.
443 3232 464 3271 3.
684 3232 788 3272 doctrinis
802 3230 896 3270 eruditus
910 3231 932 3268 et
945 3232 1016 3268 aetate
1030 3233 1146 3278 provectus
1160 3234 1226 3279 esset,

148 3284 174 3323 88
187 3293 205 3322 s.
215 3292 238 3321 v.
248 3281 377 3337 Κορνοῦτος
385 3283 413 3330 11,
424 3284 462 3322 848
471 3293 503 3332 sq.
514 3283 587 3333 Bhdy.
684 3284 772 3323 Romam
790 3292 813 3322 ss
828 3281 941 3321 conserens
958 3284 981 3321 et
998 3282 1092 3330 equestri
1105 3280 1229 3332 adscriptus

117 3338 119 3342 ⁴
147 3335 174 3374 31
188 3334 307 3373 cidelare
321 3334 599 3382 quaestionsvossiumde
613 3335 665 3375 hist.
684 3335 766 3382 ordini,
780 3333 806 3373 ad
824 3332 949 3373 scribendas
961 3333 1106 3373 Romanorum
1122 3334 1228 3374 historias

121 3384 171 3427 Lei.
181 3385 199 3430 1,
210 3386 235 3424 83
244 3396 265 3433 p.
272 3386 309 3424 131
320 3385 353 3424 sd.
363 3385 402 3424 alt.
411 3385 545 3425 Bructerum
554 3387 605 3426 hist.
617 3388 664 3426 crit.
683 3388 779 3426 animum
788 3395 801 3424 s
816 3384 904 3434 posuit:

121 3437 176 3530 quil.
187 3436 215 3482 11,
226 3437 264 3475 838
277 3435 400 3475 Reimarum
409 3436 437 3475 ad
448 3436 515 3476 Dion.
526 3435 587 3477 Cass.
597 3437 664 3485 Lini,
709 3440 735 3479 38
749 3439 788 3477 vit.
800 3396 863 3477 gaes.
873 3438 898 3476 41
914 3436 943 3476 ci.
953 3435 1122 3486 intonsoque
1132 3434 1189 3486 (138)
1203 3447 1227 3487 p.

136 3487 302 3527 ivillolsonum
311 3488 409 3537 prolegg.
419 3487 446 3527 ad
457 3486 576 3528 Cornutum
584 3489 610 3528 ds
620 3494 664 3530 nat.
684 3491 729 3535 138,
739 3491 765 3529 18
773 3489 835 3528 ialin.

122 3539 183 3579 deor.
192 3538 296 3588 p.Xqu.
307 3538 342 3578 ed.
348 3538 429 3579 Osann.
440 3538 512 3588 ibique
523 3539 634 3581 Oseunum
643 3553 665 3591 p.
709 3542 735 3581 38
749 3541 776 3580 ci.
790 3540 809 3587 1,
822 3541 842 3580 1.
860 3540 889 3587 V.
898 3541 924 3580 84
937 3550 969 3589 sq.
983 3539 1034 3579 Χ.3
1047 3538 1075 3578 al.
1090 3537 1141 3579 coll.
1155 3539 1228 3579 Lach-

121 3589 180 3638 XXI‚
191 3602 213 3630 n.
223 3587 236 3615 *
246 3589 378 3630 0.iahnium
387 3591 484 3640 prolegq.
494 3591 522 3630 ad
531 3592 591 3632 Pers.
599 3604 621 3643 p.
626 3593 664 3632 lx.
683 3602 763 3632 manno
772 3591 789 3631 1.
798 3601 818 3631 c.
827 3591 846 3639 i,
856 3592 881 3631 33
890 3601 924 3641 sq.
937 3592 1132 3640 Weiuqeertnemo
1147 3589 1163 3630 l.
1173 3602 1195 3632 o.
1203 3602 1226 3643 p.

148 3643 174 3681 33
187 3642 214 3680 88
220 3639 246 3680 O.
251 3641 324 3681 Asinii
328 3642 433 3682 Pollionls
442 3643 488 3682 viu
497 3646 519 3683 et
528 3645 605 3684 studiis
615 3645 666 3684 doc·
684 3646 709 3683 14
718 3653 766 3693 sqq.

121 3693 191 3733 trinas
202 3704 224 3743 p.
230 3694 275 3741 188,
286 3696 320 3733 cui
329 3693 436 3734 calculum
444 3694 665 3736 adicithclrmannns
709 3697 735 3734 io
752 3691 880 3734 ‘Vteilsiebt
894 3704 967 3746 oeqea
983 3691 1169 3744 Vereoadtscbust
1184 3692 1225 3734 mit

121 3744 192 3793 1.1.1,
203 3746 223 3784 8.
684 3744 723 3786 der
740 3755 794 3795 qens
806 3745 881 3784 Livia·
893 3745 918 3784 i'.
928 3744 957 3784 A.
966 3743 1058 3785 wolfius
1072 3745 1088 3785 l.
1102 3757 1153 3786 surr.
1167 3745 1193 3783 84
1207 3744 1225 3784 1.

148 3797 174 3836 38
187 3796 204 3835 1.
214 3806 233 3836 c.
243 3807 266 3846 p.
276 3797 314 3836 138
323 3808 357 3846 sq.
399 3824 401 3828 -
683 3797 712 3838 ci.
723 3795 749 3836 G.
755 3796 914 3836 Muellerum
924 3795 1037 3838 188811.
1044 3793 1172 3847 uicissim
1181 3798 1225 3837 etc.

148 3848 174 3887 34
186 3848 202 3888 1.
213 3847 260 3894 c.1‚
271 3849 309 3888 188
322 3850 350 3889 ci.
364 3849 389 3889 1³.
398 3847 427 3890 A.
437 3849 537 3889 Wolfium
555 3848 624 3889 schol.
638 3849 665 3887 ds
682 3848 721 3894 111,
731 3850 757 3887 88
765 3859 797 3897 sq.
812 3848 966 3888 Eberhardtlus
975 3848 1002 3887 88
1012 3852 1070 3890 statu
1080 3849 1113 3889 lit.
1123 3847 1180 3896 eleg.
1189 3858 1225 3897 sp.

121 3899 210 3939 lithat.
220 3899 272 3940 hist.
282 3902 348 3950 piot
358 3900 510 3941 8888881811
526 3898 562 3942 ‘la
571 3898 665 3941 octobon
682 3901 744 3939 Rom.
753 3909 775 3948 p.
786 3901 831 3938 334.
841 3900 880 3938 333
889 3909 946 3939 vers.
955 3900 1102 3941 Kordssianas
1116 3899 1225 3948 opinatur,

125 3947 290 3992 Verlrdltm'ssea
300 3963 324 3993 er
334 3951 404 4004 qeiett
418 3952 483 3994 weiss
492 3962 543 3993 mua
552 3951 625 3998 nicht,-
641 3961 665 3992 er
682 3952 769 3991 Livium
779 3950 806 3989 ab
814 3950 913 3999 Angusto
923 3951 1012 3993 Romam
1025 3952 1052 3992 ad
1065 3951 1225 3992 8818818188-

122 4000 466 4045 scbeirsioishommedslsttres
490 4001 546 4044 elabi
568 4000 664 4043 asadsscb
682 4013 732 4043 nam
742 4002 868 4042 arcessitum
878 4013 934 4050 esse,
945 4008 970 4044 ut
978 4002 1091 4045 etelsudil
1101 4002 1226 4043 educationi

112 4053 421 4108 ussescbiieseaaqsueiseau!
427 4016 560 4097 studeretis
575 4052 665 4096 troisset
683 4057 793 4104 praeesset
803 4055 1014 4104 et-amplissimsm
1023 4055 1136 4094 historiam
1141 4054 1224 4095 abac.

122 4104 179 4158 bouq
187 4105 269 4160 pelopi)
276 4118 304 4150 za
312 4105 400 4149 boten.’
588 4124 591 4129 ·
683 4116 750 4156 usque
760 4106 787 4146 88
796 4116 857 4148 suam
867 4110 961 4147 aetstem
969 4106 1124 4148 comeriberet.
