2566 4524
286 248 492 322 umnam,
508 248 606 307 esec.
625 247 851 326 [acassam]
1019 241 1083 310 sot

67 432 196 500 psorum
219 407 398 496 exemplum
419 407 453 475 in
475 430 529 476 eos
551 431 725 476 versurum.
771 433 827 477 cur
852 419 958 478 autem
978 415 1084 501 potins

67 505 213 594 lampani
234 525 346 592 agrum
363 502 475 571 Italiae
491 503 698 584 uberrimum,
721 504 850 594 dignam
868 529 945 595 agro
962 507 1083 589 urbem,

67 603 104 688 tui
122 623 185 667 nec
203 622 239 667 se
256 621 316 666 nec
334 621 393 666 sua
409 599 503 665 tutari
524 609 667 685 possent,
691 622 787 687 quam
807 602 908 668 vietor
929 605 1084 672 exercitus

70 696 197 774 aberet,
226 695 282 780 qui
303 715 361 760 suo
383 694 498 760 sudore
520 715 558 760 ac
580 695 734 782 sanguine
755 695 829 762 inde
848 694 1007 765 Samnites
1030 699 1085 766 de-

68 789 207 858 nlisset?
233 812 275 854 an
296 811 433 874 aequum
456 810 541 869 esse,
568 788 733 856 dediticios
756 812 832 858 suos
853 791 908 858 illa
924 792 1118 864 fertilitate?

66 898 147 973 tque
165 884 355 952 amoenitate
372 883 505 971 perfrui,
525 906 560 951 se
577 884 739 950 militando
757 884 860 952 fessos
877 887 911 952 in
926 888 1086 976 pestilenti

66 993 147 1067 tque
166 979 256 1046 arido
273 978 357 1044 circa
373 978 483 1045 urbem
502 978 568 1045 solo
586 979 698 1045 luctari
715 989 770 1045 aut
790 980 824 1047 in
846 982 925 1048 urbe
946 983 1086 1050 insiden-

67 1099 113 1142 em
132 1074 240 1141 labem
262 1074 430 1140 crescentis
453 1074 487 1139 in
509 1074 576 1140 dies
600 1073 737 1141 faenoris
758 1075 843 1162 pati?
867 1076 947 1143 haee
968 1079 1118 1166 agitatos
1185 1102 1188 1106 “

67 1171 186 1237 ocultis
205 1169 470 1236 coniurationibus
488 1170 624 1236 necdum
641 1169 771 1258 vulgata
782 1171 816 1235 in
829 1193 938 1238 omnes
953 1173 1085 1239 consilia

67 1266 171 1331 evenit
193 1287 296 1330 novus
319 1264 429 1330 consul
453 1264 490 1331 C.
509 1265 650 1331 Marcius
668 1265 810 1345 Rutilus,
834 1267 885 1332 cui
908 1265 1084 1355 Campania

67 1371 136 1429 orte
162 1360 325 1447 provincia
352 1370 510 1438 evenerat,
540 1360 580 1444 Q.
606 1359 741 1427 Servilio
767 1362 889 1450 collega
910 1363 951 1429 ad
972 1363 1084 1430 urbem

67 1457 170 1523 elicto.
206 1456 313 1540 itaque
332 1478 404 1520 cum
421 1457 526 1522 omnia
544 1478 582 1521 ea
600 1457 681 1523 sicut
698 1467 789 1544 gesta
807 1468 895 1524 erant
911 1481 969 1545 per
986 1459 1084 1525 tribu-
1102 1477 1118 1525 9

68 1575 107 1618 os
129 1559 280 1636 conperta
298 1559 329 1616 et
346 1559 448 1616 aetate
465 1550 594 1616 haberet
616 1561 647 1616 et
664 1574 725 1618 usu
743 1553 868 1631 doctus,
892 1554 1008 1640 quippe
1029 1555 1084 1640 qui

67 1670 114 1712 am
144 1654 292 1730 quartum
318 1644 428 1710 consul
451 1655 536 1711 esset
557 1646 751 1732 dictatorque
773 1657 804 1713 et
827 1669 939 1715 censor
959 1649 1083 1728 fuisset,

67 1752 218 1828 ptumum
236 1750 337 1818 ratus,
360 1741 532 1806 differendo
551 1764 655 1827 spem,
678 1743 939 1827 quandocumque
957 1744 1082 1822 vellent,
1195 1767 1202 1777 ·

67 1836 176 1903 onsilii
194 1835 387 1921 exsequendi
399 1836 563 1902 militarem
577 1837 729 1923 impetum
742 1836 907 1916 fmstrare,
925 1859 1083 1903 rumorem

67 1931 188 2016 issipat
207 1930 243 1994 in
263 1930 376 1996 iisdem
398 1930 537 2016 oppidis,
565 1940 596 1997 et
615 1954 697 1997 anuo
714 1942 788 2018 post
805 1932 963 2018 praesidia
979 1931 1084 1999 hiber·

67 2035 174 2092 ‚atura
219 2025 322 2090 divisa
343 2025 427 2090 enim
450 2037 536 2091 erant
557 2049 615 2113 per
633 2025 826 2112 Campaniae
844 2026 952 2116 urbes,
976 2043 1136 2094 mana-10

67 2131 225 2205 erantque
243 2143 262 2184 a
278 2118 390 2206 Capua
408 2120 538 2186 conside
550 2121 584 2185 in
597 2122 768 2187 exercitum
782 2144 916 2188 omnem.
947 2145 984 2189 eo
997 2123 1084 2189 laxa·

67 2227 159 2282 rento
178 2214 421 2302 cogitationibus
440 2216 513 2280 dato
532 2215 649 2298 quievit
667 2215 699 2280 in
716 2216 894 2300 praesentia
912 2217 1034 2283 seditio.

113 2309 342 2376 XXXVIIII.
388 2309 511 2376 Consul
536 2309 648 2374 educto
669 2309 704 2373 in
724 2309 845 2374 aestiva
866 2309 977 2387 milite,
1006 2310 1081 2376 dum
1102 2326 1115 2375 1

66 2406 176 2471 uietos
192 2402 351 2471 Samnites
369 2403 520 2481 habebat,
539 2403 710 2468 exercitum
727 2425 862 2489 purgare
879 2403 1082 2470 missionibus

67 2500 303 2567 ubulentorum
328 2499 493 2565 hominum
519 2498 666 2576 instituit,
698 2497 767 2563 aliis
795 2497 925 2563 emerita
951 2497 1083 2563 dicendo
1186 2538 1190 2545 ·

67 2594 210 2682 tipendia
227 2615 312 2673 esse,
335 2594 413 2660 alios
431 2617 544 2682 graves
562 2594 626 2659 iam
644 2601 744 2659 aetate
763 2601 818 2658 aut
834 2590 953 2658 viribus
970 2613 1083 2680 parum

67 2690 186 2757 alidos.
217 2690 345 2774 quidam
358 2689 393 2754 in
405 2698 598 2756 commeatus
611 2687 823 2767 mittebantur,
843 2687 959 2775 singuli
970 2687 1081 2774 primo,
1100 2701 1116 2751 2

67 2784 167 2851 einde
181 2793 212 2848 et
225 2783 368 2851 cohortes
381 2786 546 2870 quaedam,
565 2784 640 2870 quia
652 2784 761 2870 procul
775 2784 815 2849 ab
829 2783 923 2850 domo
937 2804 974 2849 ae
987 2782 1082 2850 rebus

67 2880 115 2946 nis
138 2876 375 2958 hibernassent3
401 2901 458 2966 per
480 2878 617 2966 speciem
640 2879 735 2944 etiam
756 2877 937 2944 militarium
954 2900 1080 2957 usuum,

67 2996 124 3041 nm
152 2972 208 3039 alii
233 2973 295 3039 alio
320 2975 525 3052 mitterentur,
553 2996 669 3060 magna
694 2995 768 3059 pars
795 2971 941 3060 ablegati.
987 2987 1116 3058 quama

67 3066 286 3136 tultitudinem
304 3068 414 3134 consul
431 3067 509 3135 alter
521 3067 643 3134 Romae
655 3060 841 3154 praetorque
860 3067 937 3133 alias
956 3089 996 3133 ex
1013 3066 1082 3132 aliis

67 3162 203 3250 ngendo
220 3184 324 3228 moras
341 3161 504 3228 retinebat.
549 3172 580 3228 et
596 3162 698 3248 primo
716 3159 844 3246 quidem
861 3159 962 3247 ignari
979 3158 1083 3225 ludifi-
1100 3174 1117 3224 t

67 3255 186 3324 ationis
205 3254 333 3322 minime
349 3256 439 3323 inviti
456 3256 567 3322 domos
585 3255 772 3323 revisebant.
798 3263 967 3341 postquam
980 3273 1083 3338 neque

67 3350 168 3420 everti
195 3349 236 3415 ad
262 3350 354 3438 signa
378 3350 497 3438 primos
523 3371 582 3416 nee
609 3349 708 3415 ferme
734 3348 830 3415 alium
856 3369 952 3433 quam
974 3345 1029 3433 qui
1050 3347 1083 3413 in

67 3444 233 3532 lampenis
257 3444 490 3522 hibernassent,
520 3444 750 3532 praecipueque
777 3464 818 3509 ex
842 3442 892 3509 his
920 3442 1082 3509 seditionis

67 3550 213 3616 actores,
231 3538 313 3604 mitti
329 3539 488 3617 viderunt,
511 3539 647 3625 primum
665 3537 843 3617 admiratio,
867 3536 980 3604 deinde
997 3536 1084 3603 haud

67 3634 168 3704 ubius
187 3632 281 3701 timor
297 3633 428 3700 incessit
443 3633 579 3712 animos,
598 3632 730 3699 consilia
747 3655 804 3700 sua
822 3654 1000 3699 emanasse:
1018 3633 1082 3698 iam
1100 3648 1117 3697 5

67 3727 268 3808 mestiones,
285 3728 350 3796 iam
362 3728 487 3809 indicia,
505 3729 569 3795 iam
583 3727 706 3795 occulta
720 3728 915 3816 singidonum
929 3725 1083 3814 supplicia

67 3835 261 3916 potensque
279 3833 311 3891 et
328 3824 454 3892 crudele
472 3825 638 3892 consulum
655 3847 693 3892 ao
709 3835 833 3914 patrum
850 3825 884 3891 in
902 3844 936 3890 se
948 3841 1082 3909 regnum

67 3940 213 3990 casuros.
248 3919 327 3987 haee
353 3920 408 4007 qui
433 3921 467 3992 in
489 3920 600 3987 castris
622 3930 710 3988 erant
731 3919 861 3988 occultis
885 3912 1116 3985 sermonibust

67 4025 168 4094 erunt,
186 4035 300 4082 nervos
315 4015 538 4083 coniurationis
552 4016 668 4082 eiectos
683 4025 748 4081 arte
762 4012 898 4080 consulis
908 4017 1080 4076 cemeutes.
