2566 4524
149 244 213 311 136
407 253 526 309 LIBER
544 254 602 323 III,
621 254 718 309 11.12.
738 258 813 324 [au.
824 255 922 324 eme]

146 437 188 480 ne
210 415 261 479 cui
278 414 312 478 in
329 411 514 479 conluvione
532 434 636 477 rerum
653 413 847 478 maiestatem
865 434 958 478 suam
975 413 1168 481 contumeliae
1202 490 1205 499 Ι

149 510 308 576 offerrent.

114 627 129 677 a
214 603 317 669 Caeso
331 611 398 666 erat
412 600 594 684 Quinctius,
613 601 704 666 ferox
716 601 838 667 iuvenis
852 623 917 687 qua
927 602 1095 669 nobilitate
1107 626 1168 691 gen-

147 701 202 776 tis,
229 721 293 783 qua
315 696 454 782 corporis
477 696 693 781 magnitudine
716 706 747 761 et
768 696 899 762 viribus.
935 698 978 763 ad
996 720 1037 763 ea
1052 721 1169 765 munera

148 793 222 857 data
239 816 259 856 a
276 791 336 856 diis
355 801 386 855 et
403 791 471 875 ipse
485 791 647 854 addiderat
659 790 758 855 multa
769 791 845 856 belli
858 792 973 857 decora
985 791 1169 858 facundiam-

148 908 209 970 que
226 886 260 949 in
276 885 360 962 foro,
378 893 414 948 ut
430 906 524 948 nemo
541 906 605 947 non
622 885 743 971 lingua,
762 908 826 950 non
843 909 940 950 manu
956 887 1169 973 promptiorin

115 1005 129 1052 7
148 980 273 1045 civitate
287 979 463 1044 haberetur.
490 978 542 1042 hio
560 1001 632 1042 cum
649 978 682 1042 in
700 980 803 1043 medio
820 989 945 1064 patrum
963 981 1094 1067 agmine
1111 1003 1170 1046 con-

149 1075 280 1140 stitisset
302 1075 443 1139 eminens
464 1074 545 1137 inter
567 1073 659 1151 alios,
682 1074 768 1139 velut
790 1096 899 1139 omnes
917 1073 1093 1141 dictaturas
1110 1097 1171 1139 eon·

148 1170 332 1254 sulatusque
355 1192 467 1257 gerens
489 1169 523 1232 in
544 1191 622 1234 voce
644 1191 681 1234 ac
702 1168 821 1233 viribus
840 1169 921 1248 suis,
943 1192 1028 1234 unus
1046 1170 1172 1256 impetus

114 1264 330 1333 atribunieios
357 1263 587 1349 popularesque
612 1263 765 1348 procellas
794 1261 978 1328 sustinebat
1014 1263 1079 1329 hoo
1104 1265 1171 1328 doce

148 1381 242 1445 saepe
263 1359 348 1444 pulsi
370 1358 438 1422 foro
460 1357 590 1434 tribuni,
617 1357 691 1421 fusa
712 1380 749 1422 ac
772 1356 883 1444 fugata
903 1356 1014 1442 plebes
1034 1368 1093 1423 est
1127 1357 1172 1441 qui
1206 1370 1209 1417 ÷

146 1453 260 1518 obvius
274 1453 390 1529 fuerat,
409 1451 564 1515 mulcatus
578 1452 778 1536 nudatusque
796 1451 915 1529 abibat,
933 1459 970 1515 ut
988 1451 1068 1517 satis
1086 1473 1171 1537 appa·
1207 1446 1209 1505 ἶ

145 1555 242 1622 reret,
262 1546 290 1610 si
308 1547 352 1611 sic
370 1546 423 1631 agi
440 1546 559 1621 liceret,
579 1545 693 1608 rictam
711 1547 815 1633 legem
832 1567 912 1610 esse.
1206 1548 1209 1627 J

113 1659 129 1707 a
213 1640 310 1717 Tum,
329 1661 426 1725 prope
444 1639 506 1702 iam
524 1638 677 1724 perculsis
696 1640 765 1704 aliis
779 1639 925 1716 tribunis,
943 1637 988 1704 A.
998 1638 1170 1727 Verginius,
1207 1652 1209 1665 '

149 1757 189 1799 ex
211 1734 344 1820 collegio
367 1756 464 1812 unus,
489 1731 627 1798 Caesoni
649 1735 759 1819 capitis
786 1735 870 1799 diem
896 1734 981 1798 dicit
1018 1745 1111 1801 atrox
1131 1734 1172 1799 in·

148 1829 276 1916 genium
304 1829 488 1893 accenderat
514 1849 552 1893 eo
583 1828 667 1892 facto
699 1830 800 1916 magis
832 1851 927 1912 quam
954 1836 1171 1895 conterrueratr

147 1945 185 1988 eo
216 1923 318 1987 acrius
350 1922 475 1986 obstare
501 1923 578 2008 legi,
610 1923 729 2009 agitare
754 1923 893 2009 plebem,
924 1922 1071 1989 tribunos
1096 1923 1170 1989 velut

97 2034 131 2084 10
147 2015 231 2080 iusto
252 2017 399 2100 persequi
420 2014 512 2080 bello.
549 2026 713 2082 accusator
733 2018 799 2102 pati
815 2040 904 2083 rcum
921 2040 1014 2082 ruere
1030 2018 1170 2083 invidiae·

146 2130 209 2193 que
225 2109 386 2173 flammam
403 2131 440 2174 ac
457 2110 620 2175 materiam
638 2111 820 2176 criminibus
839 2113 904 2177 suis
928 2134 1113 2200 suggerere,
1133 2112 1169 2177 le-

147 2226 221 2290 gem
238 2203 363 2268 interim
379 2228 443 2269 non
460 2195 525 2269 tam
543 2206 584 2269 ad
602 2229 691 2292 spem
708 2207 885 2292 perferendi
907 2229 1004 2291 quam
1021 2209 1064 2273 ad
1081 2208 1167 2274 lacea-

97 2316 128 2364 11
149 2299 278 2364 sendam
303 2298 456 2365 Caesonis
479 2301 685 2365 temeritatem
707 2301 798 2366 ferre.
834 2301 879 2367 ibi
899 2302 1000 2368 multa
1022 2298 1164 2390 saepeab
1192 2316 1195 2321 '

146 2394 307 2460 iuventute
340 2394 516 2460 inconsulte
546 2396 630 2460 dicta
659 2396 805 2479 factaque
835 2397 869 2461 in
898 2397 993 2463 unius
1027 2394 1164 2464 Caesonio
1192 2462 1195 2469 ,

97 2502 130 2550 12
148 2501 329 2575 suspectum
346 2491 488 2555 incidunt
505 2491 676 2577 ingenium.
704 2502 809 2554 tamen
826 2491 891 2577 legi
907 2490 1120 2557 resistebatur.
1140 2495 1164 2553 et

146 2582 189 2649 A.
208 2583 378 2671 Verginius
400 2585 571 2648 identidem
593 2584 691 2669 plebia
720 2585 848 2669 ‘ecquid
874 2585 995 2650 sentitis
1021 2586 1086 2650 iam
1109 2602 1162 2659 vot,

148 2677 302 2760 Quirites,
323 2678 501 2744 Caesonem
520 2680 613 2741 simul
632 2680 733 2743 civem
751 2689 782 2742 et
799 2679 915 2766 legem,
940 2700 1037 2763 quam
1055 2677 1161 2765 cupitis,

97 2771 263 2837 rehabere
284 2794 349 2835 non
370 2772 483 2856 posse?
509 2793 712 2854 quamquam,
740 2773 816 2856 quid
839 2795 898 2859 ego
919 2772 1026 2860 legem
1052 2764 1162 2858 loquor?

146 2865 283 2928 libertati
313 2864 430 2943 obstat,
468 2887 576 2930 omnes
605 2865 794 2950 Tarquinios
827 2866 975 2951 superbia
1001 2870 1160 2954 exsuperat

148 2967 341 3042 exspectate,
365 2959 440 3023 dum
459 2959 569 3024 consul
586 2969 640 3023 aut
658 2961 790 3025 dictator
811 2960 878 3039 fiat,
905 2982 1001 3044 quem
1023 2963 1161 3048 privatum

148 3051 269 3117 viribus
306 3063 338 3116 et
371 3053 503 3118 audacia
534 3063 717 3140 regnantem
749 3055 882 3119 videtis!
925 3054 1161 3121 adsentiebantur

147 3147 250 3225 multi,
277 3148 419 3234 pulsatos
442 3169 477 3212 se
499 3157 680 3231 querentes,
708 3158 740 3212 et
761 3147 921 3213 tribunum
943 3150 1075 3215 adrem
1089 3168 1161 3237 pem·

146 3243 284 3329 gandam
301 3241 382 3307 ultro
399 3242 581 3307 incitabant.

114 3368 127 3413 1
210 3336 293 3400 XII.
337 3337 407 3400 Iam
434 3338 541 3401 aderat
566 3337 681 3401 iudicio
708 3337 775 3404 dies
803 3337 1051 3424 apparebatque,
1082 3336 1162 3421 vulgo

146 3429 289 3494 homines
311 3432 345 3494 in
367 3432 565 3496 damnatione
589 3430 743 3497 Caesonis
765 3432 941 3497 libertatem
963 3433 1019 3519 agi
1041 3433 1161 3498 credere

146 3531 214 3587 tum
228 3523 355 3587 demum
373 3536 500 3590 coactus
519 3549 590 3590 cum
609 3526 708 3591 multa
724 3527 909 3614 indignitate
926 3527 1098 3613 prensabat
1114 3524 1162 3591 sin

112 3639 128 3686 2
147 3617 249 3703 gulos.
287 3618 497 3702 sequebantur
518 3622 700 3699 necessarii,
723 3622 879 3707 principes
903 3621 1051 3688 civitatis.
1085 3620 1162 3687 Titui

148 3710 316 3793 Quinctius
335 3711 546 3798 Capitolinus,
570 3716 625 3800 qui
646 3726 694 3780 ter
716 3716 827 3781 consul
848 3716 966 3795 suerat,
989 3738 1064 3783 cum
1080 3712 1164 3781 multa

112 3805 276 3874 areferret
307 3830 365 3872 sua
394 3806 595 3894 familiaeque
626 3811 752 3889 decora,
785 3810 985 3888 adfirmabat,
1017 3805 1164 3896 nequeiu

148 3897 298 3983 Quinctia
314 3910 408 3988 gente
425 3923 528 3987 neque
545 3904 578 3968 in
597 3904 720 3969 civitate
738 3904 884 3969 Romana
901 3913 1023 3970 tantam
1040 3901 1165 3969 indolem

147 4003 212 4059 tam
237 4006 378 4063 maturae
403 3997 527 4064 virtutis
553 4019 703 4083 umquam
730 3998 885 4078 extitisse,
918 4022 1013 4065 suum
1039 3999 1164 4087 primum
