2566 4524
280 266 399 322 nisan
414 268 499 339 vlu,
518 269 560 323 ao.
573 269 617 323 21.
636 273 673 338 [a.
684 266 783 325 ceso.
797 271 861 342 aas]
1020 261 1086 329 419

67 435 181 513 raptam
195 425 306 490 urbem
318 422 561 508 Vitruviumque
574 425 682 489 vivum
694 426 728 494 in
744 436 930 512 potestatem
947 430 1083 511 venisse,

67 522 117 599 dii,
138 519 324 606 priusquam
337 517 447 583 ultima
459 517 658 584 adhiberetur
671 520 729 599 vis,
743 521 830 606 ipsos
844 543 879 588 se
890 522 1081 591 inditionem

67 613 196 680 :onsulis
219 613 390 677 caduceum
412 610 624 698 praeferentes
646 613 826 698 permisisse
849 625 990 683 auctores
1009 630 1082 683 sunt

67 707 301 790 libuviumque
318 704 360 771 ab
378 706 443 771 suis
462 706 619 771 traditum.
655 716 782 772 senatus
800 709 840 773 de
853 707 999 777 Vitruvio
1012 711 1081 776 Pri·
1101 728 1114 773 7

67 801 303 884 rernatibusque
329 799 490 865 consultus
517 799 678 865 consulem
698 799 859 866 Plautium
881 803 991 870 dirutis
1013 804 1083 870 Pri-

67 895 143 963 rerni
168 894 268 960 muris
294 894 512 980 praesidioque
538 893 642 959 valido
669 894 805 979 inposito
828 896 869 960 ad
890 898 1083 984 triumphum

67 989 206 1067 ccersit,
230 987 410 1055 Vitruvium
435 989 470 1052 in
495 1009 651 1053 carcerem
677 989 837 1054 adservari
861 989 953 1055 iussit
979 994 1083 1075 quoad

67 1083 167 1152 onsrrl
184 1083 331 1160 redisset,
351 1091 418 1149 tum
435 1081 632 1148 verberatum
650 1083 763 1148 necari.
804 1084 898 1149 aedes
916 1085 983 1150 eius
1002 1106 1082 1170 quae
1101 1102 1116 1149 8

70 1186 162 1245 ssent
179 1176 214 1242 in
230 1175 354 1241 Palatio
371 1175 552 1253 diruendas,
575 1175 660 1242 bona
678 1174 808 1242 Semoni
828 1174 931 1244 Sanco
953 1198 1083 1245 censue-

67 1281 129 1338 nnt
146 1269 371 1348 consecranda,
395 1270 541 1355 quodque
559 1271 639 1337 aeris
658 1293 698 1336 ex
716 1271 761 1337 eis
779 1272 939 1337 redactum
957 1282 1019 1352 est,
1043 1295 1082 1338 ex

68 1389 90 1434 o
117 1365 224 1432 aenei
239 1363 330 1430 orbes
356 1364 432 1429 facti
457 1365 552 1451 positi
577 1364 610 1429 in
637 1364 751 1430 sacello
780 1363 902 1437 Sancus
929 1366 1081 1432 adversus

67 1461 166 1526 edem
182 1457 316 1541 Quirini.
349 1459 388 1523 de
407 1468 517 1524 senatu
528 1457 711 1524 Privernate
728 1460 773 1524 ita
790 1460 957 1539 decretum,
976 1461 1082 1545 utqui
1101 1477 1115 1524 9

67 1562 182 1621 enator
200 1552 343 1618 Priverni
364 1562 436 1638 post
453 1551 660 1618 defectionem
677 1551 718 1619 ab
735 1554 887 1620 Romanis
904 1553 1082 1633 mansisset,

67 1671 141 1714 rans
164 1647 307 1713 Tiberim
334 1648 405 1735 lege
431 1648 541 1713 eadem
567 1670 630 1732 qua
651 1646 804 1714 Veliterni
829 1647 992 1715 habitaret.
1031 1649 1082 1715 his
1102 1664 1135 1711 ro

67 1753 95 1808 *a
112 1741 252 1806 decretis
270 1763 370 1827 usque
388 1741 428 1807 ad
446 1742 637 1827 triumphum
654 1740 760 1808 Plauti
779 1744 936 1809 silentium
954 1745 993 1808 de
1010 1743 1081 1808 Pri-

67 1835 238 1904 ’ernatibus
260 1835 333 1901 suit:
360 1844 432 1922 post
453 1836 646 1922 triumphum
667 1836 778 1902 consul
803 1848 915 1903 necato
936 1837 1082 1903 Vitruvio

67 1929 214 2016 ociisque
236 1930 303 1995 eius
325 1952 427 1995 noxae
449 1930 535 2016 apud
557 1931 686 1996 satiatos
708 1932 771 1996 iam
789 1931 950 2017 suppliciis
967 1951 1083 1997 nocen-

67 2022 138 2089 ium
153 2032 254 2088 tutam
271 2024 461 2089 mentionem
479 2024 518 2088 de
535 2022 771 2091 Privernatibus
792 2034 893 2091 ratus:
921 2024 1082 2110 ‘quoniam
1102 2040 1132 2088 11

67 2125 201 2184 ‚uctcres
219 2115 417 2183 defectionis'
433 2118 534 2202 inquit
552 2119 695 2184 ‘meritas
712 2136 831 2204 poenas
849 2129 881 2185 et
897 2119 938 2185 ab
955 2120 1015 2186 diis
1033 2119 1084 2184 in-

67 2210 240 2279 nortalibus
260 2220 291 2276 et
307 2236 327 2277 a
343 2211 434 2278 vobis
452 2211 581 2289 babent,
599 2221 703 2297 patres
722 2213 903 2298 conscripti,
922 2214 999 2297 quid
1015 2213 1083 2298 pla-

67 2306 158 2371 etde
170 2306 300 2372 innoxia
311 2306 509 2372 multitudine
522 2306 607 2371 fieri?
624 2305 784 2389 equidem,
803 2305 863 2370 etsi
874 2326 963 2389 meae
977 2314 1081 2391 partes
1100 2325 1131 2372 12

67 2400 268 2484 aquirendac
290 2401 393 2486 magis
415 2399 586 2466 sententiae
603 2421 699 2485 quam
716 2399 838 2464 dandae
856 2407 942 2477 sunt,
965 2408 1080 2478 tamen,

67 2512 126 2558 urm
154 2494 281 2559 videam
302 2493 502 2560 Privernates
525 2495 643 2560 vicinos
667 2492 862 2562 Samnitibus
884 2515 969 2572 esse,
996 2493 1081 2559 unde

67 2604 139 2653 runc
159 2587 253 2654 nobis
275 2589 482 2654 incertissima
501 2611 565 2676 pax
587 2598 648 2666 est,
672 2608 767 2672 quam
783 2587 947 2653 minimum
963 2587 1080 2652 irarum

67 2690 137 2747 nter
153 2703 214 2748 nos
232 2681 365 2767 illosque
382 2682 515 2767 relinqui
532 2682 646 2748 velim’

117 2775 223 2841 XXI.
265 2774 349 2843 Cum
373 2777 444 2862 ipsa
468 2799 525 2862 per
551 2798 620 2842 sese
645 2798 696 2842 res
723 2798 839 2863 anceps
866 2786 963 2856 esset,
989 2784 1114 2863 prout1

67 2870 211 2954 mirisque
223 2870 384 2957 ingenium
398 2879 464 2951 erat
477 2870 611 2936 atrocius
624 2871 772 2937 mitiusve
782 2871 996 2949 suadentibus,
1014 2879 1082 2936 tum

67 2965 222 3031 ncertiora
239 2965 344 3030 omnia
360 2987 443 3030 unus
461 2987 502 3030 cx
518 2964 753 3034 Privernatibus
771 2964 883 3052 legatis
901 2964 991 3044 fecit,
1014 2987 1082 3031 ma-

67 3055 106 3136 [is
123 3057 331 3136 condicionis,
354 3058 387 3122 in
405 3081 468 3143 qua
484 3068 576 3124 natus
594 3068 692 3137 esset,
714 3080 810 3142 quam
830 3058 1004 3144 praesentis
1026 3079 1082 3124 ne-

67 3151 212 3217 teseitatis
230 3174 360 3231 memor,
378 3153 433 3237 qui
449 3153 656 3240 interrogatus
670 3152 839 3235 aquodam
852 3151 996 3216 tristioris
1010 3172 1081 3216 sen·
1099 3171 1114 3216 2

67 3243 172 3310 entiae
184 3253 321 3324 anctore,
336 3268 431 3331 quem
440 3268 573 3332 poenam
581 3246 708 3312 meritos
717 3244 915 3310 Privernates
925 3252 1066 3309 censeret

67 3337 166 3417 θωπί
181 3338 284 3423 inquit
303 3345 411 3423 ‘quam
423 3349 582 3405 merentur
594 3340 649 3424 qui
667 3361 701 3404 se
718 3337 859 3403 libertate
877 3338 990 3424 dignos
1008 3358 1081 3403 cen-

67 3431 145 3499 eut'
176 3431 267 3498 cuius
285 3454 358 3499 cum
374 3433 472 3500 feroci
489 3456 640 3519 responso
657 3433 833 3498 infestiores
847 3431 948 3497 factos
961 3431 1114 3501 videreta

67 3524 167 3593 ansul
190 3547 260 3604 eos,
288 3527 343 3610 qui
363 3538 435 3591 ante
453 3526 682 3592 Privernatium
705 3547 832 3591 causam
854 3525 1080 3614 inpugnabant,

67 3619 176 3707 tipse
193 3616 332 3706 benigna
348 3621 589 3708 interrogatione
606 3620 712 3684 mitius
734 3641 920 3705 responsum
942 3620 1080 3686 eliceret:

67 3713 161 3801 quid,
184 3712 214 3778 si
228 3713 377 3799 poenam'
397 3714 499 3799 inquit
521 3713 721 3779 ‘remittimus
743 3714 848 3791 vobis,
875 3714 1000 3800 qualem
1021 3736 1080 3780 nos
1099 3734 1115 3780 4

67 3829 166 3875 ecem
182 3805 348 3872 vobiscum
365 3805 526 3873 habituros
545 3806 736 3893 speremus?
769 3807 810 3872 ‘si
826 3807 942 3873 bonam
959 3806 1080 3872 dederi·

67 3898 115 3983 b}
138 3900 246 3985 inquit
264 3906 310 3967 ‘et
326 3900 422 3966 fidam
440 3912 471 3966 et
488 3910 670 3987 perpetuam
676 3925 685 3979 3
712 3900 886 3978 simelam,
909 3900 994 3965 haud
1011 3899 1079 3962 diu-

67 3994 201 4065 trnam?
235 4003 304 4059 turn
320 4016 395 4061 vero
412 3993 537 4073 minari,
559 4016 618 4061 nec
634 3994 668 4059 id
685 3992 846 4080 ambigue,
863 3992 1079 4057 Privernatem
1097 4010 1113 4057 5

588 4094 591 4099 '
856 4088 910 4143 27*
1037 4083 1040 4089 ¹
