2566 4524
167 224 230 290 368
380 235 498 291 LIBER
513 233 580 305 vu,
599 235 641 290 1⁷.
655 235 698 291 18.
716 238 754 305 [a
763 253 790 290 u.
801 251 825 291 a.
835 234 987 308 aea-401]

117 415 149 465 12
166 394 287 463 Fabius
304 391 494 459 Ambustus.
529 391 563 457 in
584 391 723 458 secundo
744 392 925 482 interregno
947 402 1019 463 ora
1040 396 1180 463 contentio

168 499 229 569 est,
256 488 343 575 quod
364 488 427 554 duo
448 486 571 575 patricii
593 487 738 554 consules
761 487 957 568 creabantur,
979 489 1180 557 intercedenti·

166 585 290 671 busque
313 582 446 650 tribunis
468 582 605 647 interrex
621 580 741 648 Fabius
764 581 881 663 aiebat,
908 582 943 649 in
963 583 1129 653 duodecim
1145 594 1180 651 ta·

68 690 70 694 ’
166 679 249 747 bulis
279 679 384 766 legem
414 698 499 755 esse,
534 686 569 741 ut
594 676 815 762 quodcumque
839 678 1038 764 postremum
1062 680 1177 767 popolus

165 774 325 852 iussisset,
348 772 382 837 id
398 770 448 836 ius
466 779 632 854 ratumque
649 781 748 852 esset3
770 772 893 841 iussum
910 774 1021 861 populi
1039 784 1071 843 et
1086 775 1178 841 suffia·

118 883 150 932 ra
167 869 221 956 gia
243 889 323 935 esse.
360 889 432 932 cum
453 865 674 932 intercedendo
696 865 815 932 tribuni
835 867 914 932 nihil
936 868 1026 935 aliud
1047 877 1178 955 quamut
1211 864 1214 925 ἐ

167 961 328 1027 differrent
350 959 477 1026 comitia
497 958 684 1038 valuissent,
712 960 774 1026 duo
796 961 919 1047 patricii
937 963 1085 1031 consules
1101 961 1176 1029 creati

167 1065 254 1135 sunt,
275 1053 313 1122 Ο.
329 1053 489 1141 Sulpicius
501 1052 630 1120 Peticus
644 1053 769 1119 tertium
774 1103 784 1134 ,
802 1053 850 1121 M.
859 1054 1009 1123 Valerius
1023 1056 1176 1136 Publioch

167 1150 341 1234 eodemque
358 1149 410 1214 die
427 1147 646 1235 magistratum
663 1147 808 1214 inierunt

134 1263 147 1309 1
230 1243 363 1311 XVIII.
400 1241 717 1329 Quadringentesimo
739 1266 822 1309 anno
844 1266 939 1329 quam
958 1244 1036 1312 urbs
1053 1245 1177 1312 &mana

167 1338 293 1406 condita
314 1346 393 1417 erat,
421 1337 529 1422 quinto
551 1336 709 1403 tricesimo
731 1360 827 1423 quam
848 1354 868 1404 a
887 1335 991 1407 Gallis
1012 1340 1187 1427 reciperata,

166 1433 271 1500 ablato
292 1442 366 1519 post
387 1430 588 1497 undecimum
610 1454 728 1499 annum
745 1455 765 1497 a
781 1430 873 1518 plebe
891 1432 1060 1501 consulatu
1115 1431 1176 1499 tricii

167 1527 312 1595 consules
330 1526 423 1593 ambo
442 1549 482 1591 ex
498 1526 677 1612 interregno
695 1526 914 1613 magistratum
931 1528 1045 1595 iniere:
1098 1526 1176 1595 .ὃώ-

132 1638 147 1686 a
165 1623 267 1709 picius
284 1619 414 1687 Peticus
433 1621 572 1699 tertium,
590 1618 639 1686 M.
648 1620 795 1688 Valerius
809 1619 985 1689 Publicola.
1021 1622 1175 1712 Empulum

167 1740 205 1783 eo
226 1738 309 1783 anno
331 1738 372 1781 ex
389 1713 575 1782 Tiburtibus
598 1714 683 1781 haud
705 1716 907 1782 memorando
930 1719 1101 1784 certamine
1119 1738 1175 1802 esp·

166 1821 248 1890 tum,
276 1810 343 1876 sive
365 1810 497 1876 duorum
520 1809 685 1874 consulum
707 1809 848 1896 auspicio
869 1809 990 1877 bellum
1008 1812 1052 1879 ibi
1069 1820 1175 1900 gestum

167 1916 228 1985 est,
256 1914 292 1970 ut
314 1905 466 1991 scripsere
488 1904 631 1989 quidam,
659 1927 715 1970 seu
736 1927 794 1991 per
814 1905 898 1970 idem
916 1915 1043 1994 tempus
1062 1905 1175 1992 Tarqui

165 1999 323 2065 niensium
349 2020 474 2083 quoque
501 2008 574 2063 sunt
598 1998 713 2065 vastati
739 1999 807 2086 agri
828 1999 868 2066 ab
888 1998 1033 2088 Sulpicio
1055 2000 1173 2077 consule,

165 2115 229 2179 quo
246 2091 393 2159 Valerius
412 2093 562 2158 adversus
581 2092 730 2159 Tiburtes
747 2093 888 2180 legiones
907 2096 1008 2162 duxit.

130 2200 147 2249 a
229 2186 329 2254 Domi
345 2186 447 2252 maius
465 2197 623 2254 certamen
640 2186 822 2254 consulibus
840 2211 913 2255 cum
929 2189 1024 2277 plebe
1043 2213 1081 2257 aa
1097 2189 1174 2255 tribu·

164 2283 214 2349 nis
240 2290 316 2348 erat.
355 2281 519 2348 fideliam
545 2304 634 2361 suae,
666 2305 731 2348 non
758 2282 860 2349 solum
886 2284 1012 2351 virtutis
1039 2284 1173 2351 ducebant

165 2399 249 2456 esse,
268 2386 304 2443 ut
321 2376 516 2463 accepissent
532 2376 595 2442 duo
612 2376 735 2462 patricii
753 2377 964 2457 considatum,
983 2379 1028 2445 ita
1040 2380 1173 2446 ambobus

129 2471 303 2559 epatriciis
326 2471 489 2537 mandare:
517 2470 593 2554 quin
615 2480 670 2535 aut
692 2480 757 2537 toto
781 2472 957 2538 cedendum
975 2497 1062 2555 esse,
1085 2476 1112 2541 si
1125 2473 1174 2561 ple

164 2566 254 2632 beius
281 2566 345 2631 iam
370 2565 572 2653 magistratus
595 2565 776 2632 consulatus
798 2566 866 2644 fiat,
894 2577 948 2633 aut
971 2577 1074 2637 totum
1094 2565 1173 2656 possi
1212 2593 1214 2627 ÷

164 2660 316 2739 dendum,
344 2682 439 2745 quam
459 2658 692 2745 possessionem
714 2660 870 2747 integram
891 2685 911 2727 a
936 2663 1081 2748 patribus
1106 2681 1174 2728 accc·
1210 2684 1214 2745 ρ

130 2755 295 2841 epissent.
330 2752 439 2838 plebes
466 2762 575 2818 contra
600 2752 717 2819 fremit:
750 2755 828 2838 quid
853 2777 888 2820 se
911 2756 1033 2837 vivere,
1062 2755 1174 2843 quidiu
1210 2786 1214 2795 ·

163 2856 252 2932 parte
270 2847 386 2911 civium
404 2847 537 2924 censeri,
562 2847 603 2926 si,
627 2847 712 2932 quod
734 2847 868 2914 duorum
885 2848 1053 2917 hominum
1070 2853 1172 2925 drtute,
1211 2916 1214 2925 ,

164 2941 206 3005 L.
228 2937 377 3007 Sextiae
401 2939 439 3007 O.
457 2941 578 3020 Licini,
607 2951 733 3028 partum
756 2942 809 3022 sit,
836 2943 871 3008 id
892 2944 1035 3013 obtinere
1058 2939 1173 3012 universi

130 3053 146 3102 6
164 3035 381 3122 nonpossint?
402 3035 454 3101 vel
470 3058 561 3124 reges
579 3036 631 3101 vel
649 3037 842 3102 decemviros
860 3037 913 3104 vel
931 3039 958 3105 si
977 3041 1064 3125 qued
1077 3039 1172 3107 tristius

164 3132 206 3198 sit
229 3131 353 3218 imperii
377 3153 493 3197 nomen
518 3130 702 3217 patiendum
728 3153 800 3198 esse
825 3134 931 3219 potius
957 3157 1058 3219 quam
1084 3134 1171 3202 ambo

131 3226 310 3314 epatricios
337 3226 482 3292 consules
506 3225 645 3304 videant,
682 3246 741 3289 nec
774 3223 909 3293 invicem
931 3240 1082 3314 pareatur
1101 3240 1171 3313 atque
1210 3250 1214 3311 ς

162 3321 346 3407 imperetur,
374 3321 431 3388 sed
451 3343 525 3408 pars
548 3320 646 3386 altera
662 3319 696 3384 in
713 3330 840 3389 aeterno
857 3322 992 3409 imperio
1009 3326 1111 3393 locata
1123 3323 1171 3410 ple

162 3413 237 3480 bem
267 3436 424 3499 nusquam
454 3415 515 3481 alio
545 3425 651 3481 natam
677 3437 773 3500 quam
799 3417 842 3482 ad
867 3418 1071 3487 serviendum
1095 3426 1169 3508 puta

128 3524 228 3573 anon
250 3507 364 3573 desunt
385 3509 501 3575 tribuni
523 3519 666 3576 auctores
684 3509 860 3590 turbarum,
884 3513 943 3578 aed
958 3513 1043 3582 inter
1059 3513 1169 3583 concita·

130 3612 214 3671 atos
235 3624 293 3688 per
314 3625 349 3668 se
371 3627 480 3671 omnes
498 3605 554 3672 vix
571 3605 668 3672 duces
686 3605 833 3672 eminent
869 3607 1061 3692 aliquotiens
1077 3610 1169 3676 finem
1213 3674 1214 3681 ,

163 3696 197 3762 in
213 3718 361 3783 campum
378 3699 565 3767 descensum
584 3722 657 3766 eum
674 3710 759 3767 esset
775 3700 930 3788 multique
946 3725 1007 3790 per
1025 3704 1168 3773 edificas

48 3880 52 3887 Ι
161 3791 225 3858 acti
246 3793 417 3861 comitiales
440 3795 523 3876 dies,
545 3805 705 3883 postremo
726 3795 811 3863 victa
827 3801 1065 3884 perseverantia
1079 3814 1168 3866 conu-

36 3896 48 3949 '.
160 3884 228 3952 lum
248 3886 360 3974 plebis.
397 3912 435 3956 eo
457 3890 546 3957 dolor
567 3891 683 3977 erupit,
705 3900 742 3958 ut
758 3890 917 3971 tribunos,
940 3904 1048 3961 actum
1065 3886 1168 3961 casedt
1211 3942 1214 3953 ·

32 3934 123 4256 Ὗ
160 3977 304 4050 libertate
325 3984 534 4052 vociferantes
556 3985 858 4072 relinquendumque
880 4010 946 4054 non
964 4010 1107 4077 campum
1121 3985 1167 4051 inu
1211 3982 1214 4047 ἶ
