2566 4524
286 260 883 338 umanum,1s.1a[a.c.3ca-eeo]
1035 254 1102 320 417
1157 211 1166 243 ³

77 429 230 490 summoto
251 419 368 508 populo
390 419 423 486 in
445 429 647 506 conspectum
669 422 809 488 omnium
830 445 897 489 rem
919 425 962 489 ad
979 434 1099 492 ceteras

77 515 277 596 rettulissent,
296 514 382 581 haud
395 513 605 582 abnuentibus
623 525 655 582 ct
671 516 733 583 illis
749 515 871 597 bibere,
890 528 984 605 epoto
1000 521 1101 586 medi-

77 619 215 678 camento
234 617 357 675 suamet
374 609 462 696 ipsae
479 608 592 676 fraude
609 633 719 677 omnes
736 611 928 679 interierunt
969 635 1100 701 conpre-
1119 634 1151 684 ιο

77 705 188 774 bensae
210 703 369 791 extemplo
391 725 498 770 earum
521 704 651 772 comites
673 728 824 794 magnum
845 729 1011 775 numerum
1032 732 1100 776 ma-
1175 773 1177 780 .

77 823 231 868 sonarum
248 799 473 866 indicaverunt.
505 799 677 885 exquibus
695 801 737 867 ad
754 810 881 868 centum
899 803 1100 892 septuaginta

77 898 247 962 damnatae,
291 916 394 980 neque
420 894 460 960 de
485 894 645 962 veneficiis
672 903 744 962 ante
771 918 841 962 eam
867 896 951 964 diem
976 898 1099 966 Romae
1117 919 1148 968 11

77 990 250 1078 quaesitrrm
267 999 331 1059 est„
363 989 501 1078 prodigii
517 1012 555 1056 ea
572 1012 623 1055 res
641 989 711 1056 loco
727 989 835 1057 habita
852 992 1014 1079 captisque
1032 1017 1099 1060 ma

77 1086 117 1174 gis
135 1084 296 1152 mentibus
314 1107 410 1170 quam
428 1085 647 1152 consceleratis
666 1085 776 1152 similis
793 1086 872 1152 visa.
908 1087 1015 1173 itaque
1031 1112 1099 1155 me·
1117 1106 1148 1158 12

77 1181 169 1248 notia
195 1202 237 1246 ex
263 1180 429 1247 annalibus
455 1181 601 1267 repetita,
629 1180 665 1246 in
686 1181 916 1248 secessionibus
938 1184 1098 1267 quondam
1139 1245 1142 1250 .

77 1275 171 1362 plebis
195 1274 322 1341 clavum
342 1274 383 1342 ab
406 1275 556 1344 dictatore
577 1275 676 1341 fixum
702 1275 914 1362 alienatasque
941 1277 1098 1345 discordia

77 1380 191 1437 nentes
213 1370 376 1436 hominum
398 1393 435 1437 eo
457 1369 582 1458 piaculo
604 1378 754 1457 conpotes
777 1371 827 1436 sui
847 1370 976 1451 fecisse,
999 1373 1098 1440 dicta·

77 1488 169 1533 orem
201 1465 282 1532 clavi
311 1465 429 1553 figendi
459 1488 555 1532 causa
586 1464 683 1531 creari
713 1466 839 1552 placuit.
885 1475 1007 1534 creatus
1035 1466 1095 1534 Cn.
1116 1487 1148 1535 13

77 1560 260 1646 Quinctilius
287 1560 473 1647 magianum
499 1560 638 1645 equitum
664 1561 707 1626 L.
729 1559 891 1626 Valerium
918 1561 1010 1641 dixit,
1042 1562 1097 1648 qui
1139 1586 1143 1591 ·

77 1655 130 1722 ixo
148 1655 241 1721 clavo
257 1655 444 1742 magistratu
462 1677 497 1722 se
514 1653 746 1721 abdicavenmt.

130 1749 282 1815 XVIIII„
320 1748 427 1816 Oresti
445 1748 590 1816 consules
602 1750 644 1815 L.
656 1749 802 1836 Papirius
817 1748 954 1816 Crassus
972 1751 1094 1829 iterum,
1116 1772 1128 1818 1

77 1846 106 1911 ᾗ.
121 1844 270 1911 Plautius
283 1844 407 1911 Venox.
443 1845 532 1912 cuius
549 1844 702 1933 principio
720 1843 794 1910 anni
807 1844 904 1933 legati
916 1867 956 1910 ex
969 1843 1095 1933 Volscis

77 1939 253 2006 labraterni
267 1939 431 2006 etLucani
438 1939 575 2006 Romam
588 1948 741 2006 venerunt
753 1949 887 2019 orantes,
906 1949 942 2005 ut
954 1940 989 2005 in
1000 1939 1096 2006 fidem

77 2034 293 2121 reciperentur:
311 2035 339 2100 si
353 2059 373 2100 a
387 2032 577 2101 Samnitium
595 2035 690 2101 annis
708 2034 831 2101 defensi
849 2043 968 2114 essent,
986 2057 1021 2102 se
1036 2034 1096 2103 sub
1114 2053 1129 2102 t

77 2129 199 2216 mperio
212 2129 322 2217 populi
334 2129 471 2196 Romani
482 2129 616 2195 fideliter
633 2139 726 2214 atque
744 2128 946 2196 oboedienter
962 2129 1095 2197 futuros.

77 2223 158 2291 nissi
182 2233 252 2290 tum
272 2223 314 2290 ab
336 2235 447 2290 senatu
468 2222 565 2311 legati
585 2223 864 2307 denuntiatumque
888 2221 1094 2303 Samnitibus,
1114 2246 1139 2294 8·

77 2328 99 2385 it
127 2340 238 2384 eorum
262 2318 451 2405 populorum
477 2317 593 2384 finibus
615 2316 680 2382 vim
702 2316 909 2384 abstinerent:
935 2316 1094 2404 valuitque

77 2437 102 2481 a
118 2413 254 2501 legatio,
272 2436 337 2479 non
354 2423 419 2479 tam
437 2413 511 2500 quia
528 2435 640 2499 pacem
655 2411 805 2478 volebant
823 2409 982 2479 Samnites
1000 2434 1096 2497 quam

77 2508 141 2594 [uia
157 2509 300 2575 nondum
317 2509 418 2595 parati
436 2517 523 2574 erant
540 2508 582 2573 ad
598 2506 725 2574 bellum.

129 2601 257 2668 Eodem
285 2625 368 2668 anno
393 2602 562 2669 Privernas
588 2601 708 2668 bellum
736 2599 862 2678 initum,
899 2599 987 2666 cuius
1018 2599 1130 2669 sociis

77 2697 229 2776 landoni,
248 2700 313 2763 (lux
330 2697 425 2764 etiam
442 2698 502 2763 fuit
519 2697 694 2765 Fundanus
711 2696 875 2763 Vitruvius
888 2696 1014 2764 Vaccus
1019 2699 1031 2776 ,’
1048 2696 1096 2762 vir

77 2816 128 2862 mn
152 2793 241 2859 domi
262 2793 378 2871 solum,
406 2793 464 2859 sed
485 2793 581 2860 etiam
597 2792 718 2859 Romae
740 2792 853 2859 clarus.
889 2793 984 2858 aedes
1006 2791 1095 2858 fuere

77 2885 241 2955 nPalatic
263 2887 345 2965 eius,
372 2908 454 2971 quae
470 2884 571 2952 Vacci
591 2895 682 2973 prata
703 2886 806 2953 diruto
828 2886 971 2953 aedificio
992 2885 1096 2973 publi-

77 2991 202 3068 atoque
222 2980 292 3048 solo
312 2980 478 3068 appellata
522 2981 675 3047 adversus
696 2980 782 3046 hunc
799 2991 976 3047 vastantem
994 2981 1129 3049 effusos

77 3076 216 3145 letinum
236 3074 482 3162 Norbanumque
509 3085 541 3141 et
563 3074 724 3142 Coranum
750 3097 862 3161 agrum
883 3075 925 3140 L.
947 3074 1095 3161 Papirius

77 3169 242 3249 addeum,
260 3170 347 3236 haud
359 3170 468 3257 procul
481 3171 592 3236 castris
610 3170 678 3237 eius
691 3169 842 3236 consedit.
873 3167 1018 3234 Vitruvio
1036 3188 1095 3234 nec
1113 3187 1128 3237 6

77 3276 95 3334 t
114 3264 204 3333 vallo
222 3287 258 3333 se
274 3274 394 3332 teneret
411 3265 562 3332 adversus
580 3265 763 3331 validiorem
779 3263 903 3330 hostem
921 3285 999 3328 sana
1020 3284 1095 3328 con·

77 3372 150 3431 ture
166 3382 259 3427 mens
276 3381 336 3427 nec
351 3369 388 3426 ut
404 3360 529 3448 longius
548 3384 567 3426 a
585 3359 695 3427 castris
708 3359 871 3426 dimicaret
882 3357 1006 3425 animus
1019 3356 1096 3425 sub-

77 3465 183 3525 scere
228 3454 284 3521 vix
306 3463 374 3521 tota
394 3464 482 3521 extra
502 3464 627 3543 portam
648 3463 822 3531 castrorum
844 3452 1000 3540 explicata
1016 3451 1129 3532 aclas

77 3572 178 3642 rgnm
200 3549 303 3638 magis
324 3559 407 3617 retro
430 3573 526 3636 quam
546 3549 700 3638 proelium
722 3559 776 3615 aut
791 3549 916 3615 hostem
933 3557 1095 3636 spectante

77 3646 179 3724 rilite,
207 3644 276 3711 sine
297 3644 441 3724 consilio,
465 3645 533 3711 sine
555 3643 687 3712 audacia
708 3644 877 3731 depugnat.
921 3651 957 3709 ut
979 3652 1011 3709 et
1031 3642 1128 3711 levit

77 3744 228 3810 tomento
248 3760 309 3805 nec
329 3738 477 3827 ambigue
500 3749 548 3805 est
569 3738 686 3818 dctis,
711 3738 756 3805 ita
776 3737 929 3805 brevitate
946 3738 1017 3823 ipsa
1032 3736 1095 3802 loci

77 3835 216 3922 scitique
231 3845 361 3923 receptu
376 3835 412 3901 in
428 3845 494 3902 tam
510 3836 686 3924 propinqua
702 3844 805 3902 castra
822 3835 908 3905 haud
925 3855 1019 3920 aegre
1036 3830 1095 3895 mi-

77 3942 154 4000 cern
164 3953 189 3996 a
201 3929 300 3997 multa
312 3931 408 3997 caede
422 3940 472 3997 est
484 3941 617 4010 tutatus3
635 3953 694 3998 nec
707 3931 774 3997 fere
791 3931 957 4016 quisquam
974 3924 1094 4011 inipso
1112 3944 1127 3992 9

77 4023 252 4104 tramine,
278 4025 373 4112 pauci
392 4025 427 4090 in
450 4023 542 4091 turba
563 4025 660 4113 fugae
677 4034 835 4091 extremae
852 4045 925 4089 cum
941 4021 976 4086 in
992 4028 1095 4086 casua

111 4143 170 4191 Lici
184 4141 254 4188 void.
888 4120 923 4176 27
