2566 4524
292 239 409 297 omna
426 239 526 311 vius,
544 241 587 296 aa
600 241 642 296 oo.
662 243 698 311 [a.
710 238 900 312 cara-an]
1050 229 1115 298 473
1135 257 1137 261 >

77 400 169 485 quod
187 397 273 464 viam
290 398 424 465 munivit
442 407 473 464 et
490 420 604 482 aquam
626 399 659 463 in
676 397 787 465 urbem
804 398 894 464 duxit
911 421 1010 484 eaque
1031 424 1113 469 unus
1139 431 1143 438 ·

77 494 226 582 perfecit,
240 493 314 578 quia
326 492 367 558 ob
379 491 531 559 infamem
549 502 642 577 atque
658 493 846 576 invidiosam
864 504 990 562 senatus
1008 495 1149 564 lectio-⁷

77 609 155 656 nem
173 588 365 653 verecundia
382 587 484 653 victus
503 587 624 674 collega
644 587 831 675 magistratu
848 610 883 655 se
901 589 1113 657 abdicaverat:

77 684 212 771 Appius
233 683 298 749 iam
318 682 392 749 inda
414 683 584 767 antiquitus
606 682 732 749 insitam
753 683 956 769 pertinaciam
976 684 1115 751 familiae
1132 706 1149 755 a

77 779 224 868 gerendo
246 777 332 845 solus
355 799 520 844 censuram
542 775 685 844 obtinuit.
726 777 837 844 eodem
857 778 965 866 Appio
989 789 1114 846 auctore
1133 800 1147 848 9

77 872 209 952 Potitii,
226 894 321 960 gens,
340 871 429 938 cuius
447 873 489 938 ad
505 895 591 938 aram
609 873 779 939 maximam
796 872 945 940 Herculis
962 873 1115 940 familiare

77 967 296 1035 sacerdotium
320 966 436 1045 fuerat,
464 988 572 1033 servos
598 966 741 1053 publicos
763 968 927 1033 ministerii
949 968 1115 1056 delegandi

77 1087 181 1130 causa
201 1061 365 1129 sollemnia
383 1062 450 1128 eius
469 1063 550 1127 sacri
567 1061 746 1128 docuerant.
781 1063 912 1127 traditur
933 1063 1006 1129 inde
1028 1063 1114 1128 dictu
1135 1085 1167 1134 lo

77 1157 229 1224 mnabile
252 1167 283 1222 et
300 1157 385 1242 quod
408 1156 604 1222 dimovendis
627 1167 710 1223 statu
733 1179 791 1224 suo
814 1157 910 1224 sacris
931 1157 1115 1244 religionem

77 1254 189 1321 facere
208 1261 325 1339 posset,
345 1274 417 1319 oum
435 1254 601 1320 duodecim
618 1254 756 1321 familiae
773 1275 811 1319 ea
829 1262 1013 1340 tempestate
1025 1252 1115 1319 Poti-

77 1349 201 1415 tiorum
223 1355 343 1425 essent,
368 1345 503 1433 puberes
526 1349 567 1412 ad
592 1348 732 1435 triginta,
761 1369 869 1414 omnes
890 1348 972 1414 intra
997 1371 1113 1413 annum

77 1464 157 1508 cum
181 1441 278 1526 stirpe
301 1441 471 1520 extinctos,
494 1464 553 1507 nec
574 1465 690 1507 nomen
712 1451 832 1508 tantum
853 1441 1040 1508 Potitiorum
1065 1442 1163 1512 in-11

77 1537 211 1614 terisse,
239 1535 297 1600 sed
323 1557 484 1602 censorem
510 1537 605 1602 etiam
626 1537 769 1624 Appium
794 1537 926 1603 memori
951 1538 1046 1604 deum
1067 1537 1115 1603 ira

77 1640 157 1718 post
175 1630 295 1714 aliquot
313 1652 411 1695 annos
429 1630 599 1697 luminibus
618 1642 754 1718 captum.
1241 1714 1243 1719 Δ

147 1724 272 1790 XXX.
299 1725 411 1809 Itaque
429 1726 588 1805 consules,
611 1728 665 1811 qui
683 1749 755 1792 eum
774 1750 891 1792 annum
909 1728 1008 1794 secuti
1030 1735 1112 1807 sunt,
1132 1750 1146 1796 1

79 1819 119 1887 C.
129 1819 248 1885 Iunius
256 1817 421 1884 Bubulcus
439 1821 563 1885 tertium
577 1830 608 1886 et
618 1820 659 1904 Q.
668 1820 824 1893 Aemilius
833 1819 973 1888 Barbula
990 1821 1113 1901 iterum,

77 1914 173 1980 initio
201 1915 274 1978 anni
301 1914 404 1998 questi
431 1915 516 2000 apud
544 1916 712 2000 populum,
738 1916 946 1983 deformatum
972 1916 1113 1983 ordinem

77 2031 184 2096 prava
200 2007 333 2073 lectione
351 2018 565 2094 senatusque
582 2011 718 2095 potiores
736 2011 854 2096 aliquot
871 2010 960 2079 lectis
977 2021 1114 2098 praeter·
1156 2042 1158 2047 ·

77 2103 116 2170 iti
136 2111 259 2181 essent,
282 2113 489 2188 negaverunt,
514 2126 583 2168 eam
600 2103 764 2172 lectionem
783 2129 831 2186 se,
854 2128 935 2192 quae
953 2106 1020 2172 sine
1037 2107 1148 2171 rectia

77 2197 238 2286 pravique
260 2196 438 2263 discrimine
460 2199 502 2262 ad
522 2198 655 2284 gratiam
673 2222 710 2264 ao
731 2200 892 2265 libidinem
914 2200 998 2266 facta
1020 2212 1112 2278 esset,

77 2291 322 2371 observaturos,
346 2301 377 2357 et
399 2302 543 2358 senatum
565 2292 721 2378 extemplo
744 2293 917 2358 citaverunt
939 2315 976 2358 eo
994 2294 1111 2369 ordine,

77 2386 138 2472 qui
162 2394 236 2450 ante
254 2407 399 2452 censores
417 2386 503 2473 App.
525 2385 693 2452 Claudium
712 2396 743 2452 et
762 2385 799 2454 O.
817 2385 979 2452 Plautium
1000 2387 1111 2452 fuerat.

76 2491 112 2547 et
131 2480 198 2545 duo
215 2479 347 2566 imperia
365 2503 402 2547 eo
420 2504 502 2547 anno
516 2482 583 2546 dari
601 2491 712 2567 coepta
728 2504 785 2568 per
801 2481 963 2567 populum,
981 2490 1112 2565 utraque
1130 2495 1146 2542 3

77 2572 271 2662 pertinentia
294 2575 334 2640 ad
355 2598 423 2641 rem
444 2577 623 2641 militaremt
650 2599 762 2655 unum,
784 2586 820 2640 ut
841 2575 957 2642 tribuni
978 2576 1112 2641 militum

77 2668 154 2737 seni
175 2668 250 2733 deni
271 2670 304 2734 in
326 2679 473 2755 quattuor
494 2670 633 2758 legiones
652 2695 671 2736 a
688 2671 804 2758 populo
822 2679 1008 2748 crearentur,
1032 2691 1112 2753 quae

77 2773 187 2842 antea,
202 2785 353 2848 perquam
370 2767 481 2851 paucis
496 2766 646 2854 suffragio
658 2766 767 2853 populi
779 2765 894 2832 relictis
913 2765 999 2844 locis,
1015 2764 1113 2830 dicta-

78 2869 189 2927 torum
212 2868 244 2923 et
265 2860 430 2925 consulum
455 2860 553 2926 ferme
575 2861 700 2927 fuerant
721 2860 891 2927 beneficia:
918 2860 1016 2926 tulere
1043 2877 1113 2927 eam

77 2952 280 3040 rogationem
298 2953 413 3018 tribuni
430 2954 534 3039 plebei
551 2955 592 3019 L.
606 2954 735 3034 Atilius,
756 2954 794 3021 O.
808 2955 949 3021 Marcius
954 2980 963 3034 3
982 2954 1113 3021 alterum
1130 2975 1148 3024 4

77 3058 115 3113 ut
125 3047 314 3113 duumviros
328 3048 457 3114 navales
471 3049 581 3114 classis
591 3048 748 3114 ornandae
761 3049 1009 3131 reficiendaeque
1018 3069 1114 3114 causa

78 3142 168 3208 idem
186 3141 324 3227 populus
341 3140 476 3208 iuberet:
494 3142 575 3210 lator
590 3142 684 3208 huius
701 3141 802 3228 plebis
821 3142 891 3208 sciti
908 3142 968 3206 fuit
984 3140 1032 3205 M.
1045 3141 1113 3206 De-

79 3237 151 3304 cius
169 3234 316 3302 tribunus
332 3236 445 3323 plebis.

145 3329 305 3396 Eiusdem
327 3331 401 3396 anni
425 3354 493 3399 rem
514 3332 600 3398 dictu
625 3354 756 3419 parvam
780 3328 995 3416 praeterirem,
1017 3328 1051 3393 ni
1072 3328 1113 3393 ad
1131 3349 1157 3411 5,

81 3425 269 3514 religionem
287 3425 356 3491 visa
373 3436 456 3493 esset
473 3427 637 3516 pertinere.
669 3425 821 3502 tibicines,
840 3423 913 3508 quia
929 3421 1078 3508 prohibiti
1094 3447 1114 3489 a

80 3519 237 3608 proximis
255 3520 437 3586 censoribus
456 3531 543 3586 erant
560 3521 594 3586 in
612 3520 690 3586 aede
702 3518 790 3585 Iovis
801 3517 897 3596 vesci,
917 3518 1001 3602 quod
1019 3518 1113 3583 tradi-

81 3624 150 3681 tum
168 3613 342 3699 antiquitus
362 3625 441 3695 erat,
464 3638 557 3702 aegre
579 3614 665 3702 passi
683 3612 785 3680 Tibur
801 3634 864 3678 uno
886 3612 1011 3700 agmine
1029 3612 1116 3679 abie-

81 3718 169 3789 runt,
194 3707 275 3774 adeo
296 3720 331 3774 ut
352 3732 445 3775 nemo
467 3710 500 3774 in
522 3709 599 3776 urbe
621 3717 718 3788 esset,
741 3708 796 3794 qui
814 3707 973 3773 sacrificiis
994 3708 1114 3792 praeci·

80 3814 181 3871 neret.
224 3803 292 3869 eius
313 3804 359 3869 rei
380 3803 490 3892 religio
512 3805 611 3869 tenuit
633 3813 790 3882 senatum,
812 3801 996 3889 legatosque
1013 3798 1113 3865 Tibur
1130 3818 1145 3867 6

80 3898 248 3976 miserum,
266 3907 301 3963 ut
319 3898 428 3965 darent
445 3920 582 3984 operam,
603 3907 636 3965 ut
652 3898 686 3964 hi
703 3893 1006 3965 hominesRomanis
1022 3890 1113 3957 resti-

78 4001 256 4061 tuerentur.
293 3991 452 4059 Tiburtini
470 3991 606 4082 benigne
622 3993 753 4081 polliciti
769 3992 905 4079 primum
922 3985 1038 4054 accitos
1057 4006 1111 4052 eos
1130 4005 1145 4055 r
