2566 4524
130 263 197 330 414
334 273 453 332 amna
469 273 554 345 mn,
573 272 615 329 15.
631 255 672 329 aa.
693 272 962 345 [asama-ma]

130 434 232 502 ruisse
257 432 474 520 profugosque
501 453 572 497 cum
599 430 785 518 coniugibus
812 453 850 496 ac
875 430 982 498 liberis
1005 429 1131 498 Suessam

132 529 357 606 communisse,
376 548 457 611 qnae
474 546 558 591 nunc
575 523 729 590 Aurunca
746 526 916 612 appellata,
939 527 1059 593 moenia
1072 527 1131 592 anti-

97 645 195 710 oque
212 645 320 689 eorum
336 620 509 706 urbemque
522 619 563 685 ab
575 617 723 687 S1drernrs
737 619 882 686 deletam.
910 619 1131 687 obeainsensus
1174 624 1179 709 ‘3

131 717 313 785 consuhbus
324 725 460 793 senatus
475 736 608 800 quorum
618 714 814 780 cunctatione
822 715 940 802 prodrtr
953 737 1031 782 socn
1041 723 1130 794 emant,
1177 732 1179 789 j

131 813 314 878 dictatorem
332 809 394 875 dici
411 800 513 874 illssit.
549 809 599 874 dic
601 807 705 875 t.usO
717 806 871 878 Claudius
884 809 1133 897 Regillensiama·

99 927 113 975 6
132 907 266 993 gistrum
285 904 371 987 equit
372 926 426 968 um
445 901 483 969 O
504 901 674 968 Claudium
690 901 894 970 Hortatorem
917 902 1008 970 dixit
1046 901 1132 989 religio

130 998 204 1065 inde
225 997 339 1063 iniecta
360 996 400 1062 de
422 997 587 1076 dictatore,
615 1006 645 1062 et
668 1020 740 1063 cum
763 1019 900 1085 augures
923 997 1003 1064 vitio
1022 993 1132 1064 moun

131 1092 232 1157 videri
254 1090 421 1170 dixissent,
449 1092 581 1157 dictator
603 1092 816 1178 magisterque
838 1092 982 1176 equitum
1005 1113 1039 1159 se
1057 1088 1134 1177 magi

133 1195 233 1252 stratu
250 1185 444 1252 abdicarunt

99 1303 113 1351 ι
195 1280 247 1346 Εο
277 1301 360 1346 anno
388 1277 531 1347 Minucia
556 1278 695 1346 Vestalis
727 1235 873 1367 suspecta
903 1281 1007 1366 primo
1035 1286 1137 1368 propter

98 1375 328 1445 8mund10rem
349 1375 433 1441 iusto
456 1373 587 1453 cultum,
615 1374 795 1441 insimulata
816 1375 930 1441 deinde
952 1375 1038 1462 apud
1056 1371 1137 1462 ponti·

132 1471 208 1536 fiaes
235 1469 276 1536 ab
301 1468 404 1534 indice
432 1490 537 1547 servo,
573 1490 646 1534 cum
673 1470 800 1536 decreto
826 1491 936 1536 eorum
961 1471 1051 1536 iussa
1073 1474 1139 1534 esset

132 1565 229 1630 sacris
255 1563 412 1630 abstinere
437 1563 652 1649 familiamque
677 1564 711 1630 in
739 1573 895 1652 potestate
920 1564 1051 1642 habere,
1074 1563 1141 1628 facto

132 1658 248 1725 iudicio
269 1656 343 1723 viva
365 1657 456 1724 subt
443 1668 557 1724 terram
575 1659 616 1724 ad
633 1667 755 1745 portam
775 1657 932 1726 Collinam
950 1660 1061 1725 dextra
1075 1656 1140 1722 riam

133 1761 262 1819 stratam
283 1751 412 1818 defossa
434 1753 585 1819 scelerato
552 1762 727 1839 tcampo.
763 1753 856 1819 credo
879 1753 920 1820 ab
945 1754 1066 1820 incesto
1080 1748 1141 1816 idei

133 1848 204 1915 loco
222 1870 339 1915 nomen
357 1848 486 1914 factum.

98 1959 112 2008 9
195 1943 321 2008 Eodem
347 1964 429 2007 anno
453 1941 494 2025 Q.
512 1941 669 2010 Publilius
691 1942 785 2008 Philo
806 1950 895 2053 praet
895 1963 933 2008 or
960 1938 1141 2029 primumde

131 2036 225 2124 plebe
242 2036 428 2101 adversante
448 2034 590 2123 Sulpicio
608 2037 750 2115 consule,
775 2037 829 2122 qui
850 2036 992 2125 negabat
1011 2036 1141 2103 rationem

133 2131 200 2197 eius
224 2153 258 2197 se
280 2128 475 2210 habiturum,
503 2140 551 2198 est
573 2131 676 2198 factus
719 2141 843 2209 senatu,
871 2151 945 2197 cum
970 2132 1007 2197 in
1032 2127 1142 2198 summit

132 2225 272 2312 imperiis
289 2225 324 2291 id
340 2248 404 2292 non
422 2226 622 2305 obtinuisset,
641 2227 746 2293 minus
762 2227 798 2292 in
809 2235 957 2314 praetura
969 2227 1140 2293 intendente

99 2339 113 2385 1
197 2319 293 2387 XV1.
329 2320 505 2406 Insequens
523 2343 639 2399 annus,
658 2322 700 2387 L.
714 2319 842 2408 Papirio
861 2319 997 2401 Crasso,
1018 2321 1141 2389 Caesone

132 2415 255 2482 Duillio
277 2415 473 2494 consulibus,
500 2414 670 2482 Ausonum
692 2417 794 2504 magis
816 2438 899 2482 novo
922 2438 1021 2501 quam
1046 2431 1142 2502 magna

99 2510 216 2576 abello
238 2510 299 2575 fuit
319 2509 463 2597 insignis.
508 2531 547 2576 ea
563 2532 642 2597 gens
662 2508 756 2576 Cales
774 2509 885 2576 urbem
901 2511 1069 2578 incolebat
1104 2505 1142 2573 si·

132 2606 244 2671 dicimis
266 2604 405 2671 finitimis
428 2627 515 2671 arma
536 2605 754 2684 coniunxerat,
780 2625 908 2689 unoque
933 2606 1053 2692 proelio
1075 2598 1142 2668 haud

55 2706 61 2721 '
134 2722 209 2765 sane
230 2698 425 2765 memorabili
444 2698 581 2765 ,duorum
601 2699 790 2786 populorum
807 2699 964 2766 exercitus
983 2700 1074 2769 fusus
1087 2717 1142 2785 pre

132 2792 306 2879 pinquitate
333 2791 458 2858 urbium
484 2802 516 2858 et
541 2792 583 2859 ad
604 2793 714 2882 fugam
735 2793 863 2880 pronior
884 2802 916 2858 et
936 2793 972 2859 in
993 2793 1072 2882 fuga
1088 2791 1141 2878 ipa

99 2904 114 2950 3
133 2888 229 2952 tutior
255 2886 325 2952 fuit.
369 2908 428 2952 nec
454 2897 559 2954 tamen
586 2888 703 2954 omissa
724 2888 791 2954 eius
813 2887 889 2953 belli
911 2909 989 2963 cura
1010 2885 1141 2976 patribus,

134 2982 210 3067 quia
232 2981 345 3048 totiens
366 2981 431 3047 iam
455 2980 587 3050 Sidicini
608 2992 663 3049 aut
687 2982 751 3069 ipsi
775 2991 940 3048 moverant
965 2981 1083 3050 bellum
1103 2984 1143 3046 aut

134 3075 333 3144 moventibus
347 3075 500 3143 auxilium
513 3077 649 3143 tulerant
665 3086 720 3143 aut
736 3098 833 3143 causa
849 3098 1014 3143 armorum
1030 3077 1141 3143 fuerant

100 3186 117 3234 4
134 3172 241 3258 itaque
264 3170 350 3239 omni
371 3192 431 3258 ope
448 3171 552 3238 adnisi
569 3181 656 3251 sunt,
678 3180 715 3237 ut
731 3171 904 3237 maximum
921 3193 961 3238 ea
978 3174 1143 3260 tempemt

133 3268 354 3354 imperatorem
370 3264 419 3331 Μ
432 3264 595 3332 Valerium
614 3264 755 3332 Corvum
772 3265 935 3332 consulem
951 3276 1096 3352 quartum
1108 3260 1142 3327 ie

100 3371 248 3427 scerent.
285 3361 406 3449 collega
423 3359 548 3426 additus
568 3359 674 3428 Corvo
686 3359 734 3427 M.
748 3359 867 3426 Atilius
880 3360 1041 3449 Regulus.
1074 3367 1158 3426 etna·

134 3453 215 3520 forte
233 3477 310 3521 casu
328 3465 490 3535 erraretur,
507 3454 586 3566 petit
587 3479 642 3521 um
660 3455 700 3522 ab
718 3455 916 3533 consulibus,
935 3464 974 3521 ut
991 3465 1079 3524 extra
1092 3470 1141 3518 sor·

103 3565 117 3614 6
135 3558 200 3614 tem
214 3547 311 3615 Corvi
329 3571 366 3615 ea
382 3549 544 3637 provincia
562 3560 655 3617 esset
691 3549 830 3617 exercitu
846 3549 967 3617 victore
986 3573 1007 3618 a
1025 3545 1141 3638 ruperit

133 3641 221 3710 ribus
248 3643 429 3711 oonsulibus
456 3655 585 3732 accepto
610 3645 652 3712 ad
674 3644 784 3724 Cales,
810 3644 894 3711 unde
917 3644 1040 3712 bellum
1060 3651 1140 3712 ortum

135 3746 215 3819 erat,
232 3738 392 3826 profectus
407 3761 480 3806 cum
496 3740 604 3807 hostes
621 3739 662 3808 ab
681 3740 850 3828 superioris
868 3740 966 3807 etiam
985 3733 1140 3809 semanim

2 3910 6 3922 ι
134 3834 286 3901 memoria
310 3835 441 3920 pavidos
468 3836 604 3903 clamore
629 3845 723 3922 atque
748 3836 868 3923 impetu
890 3836 997 3923 primo
1018 3835 1138 3903 iudicetis

17 3948 25 3960 ·’
101 3929 259 3996 amoenis
275 3929 346 4016 ipsa
363 3951 545 4020 oppugnare
562 3940 611 3997 est
628 3931 809 4020 adgressus.
837 3939 870 3996 et
885 3930 1024 3997 militum
1036 3925 1138 4016 quidem

134 4023 163 4088 is
182 4034 247 4091 crat
264 4024 365 4105 ardor,
384 4035 418 4091 ut
435 4025 499 4092 iam
515 4025 589 4092 inde
607 4048 679 4092 cum
698 4026 791 4093 scobs
810 4026 980 4093 succedere
999 4025 1039 4093 ad
1055 4034 1137 4090 murm
