<?xml version="1.0" encoding="UTF-8"?>
<!DOCTYPE html PUBLIC "-//W3C//DTD XHTML 1.0 Transitional//EN"
    "http://www.w3.org/TR/xhtml1/DTD/xhtml1-transitional.dtd">
<html xmlns="http://www.w3.org/1999/xhtml" xml:lang="en" lang="en">
 <head>
  <title>
</title>
<meta http-equiv="Content-Type" content="text/html;charset=utf-8" />
  <meta name='ocr-system' content='tesseract 3.04.00' />
  <meta name='ocr-capabilities' content='ocr_page ocr_carea ocr_par ocr_line ocrx_word'/>
</head>
<body>
  <div class='ocr_page' id='page_1' title='image "./titiliviaburbec01weisgoog_0742.png"; bbox 0 0 2566 4524; ppageno 0'>
   <div class='ocr_carea' id='block_1_1' title="bbox 327 236 1136 323">
    <p class='ocr_par' dir='ltr' id='par_1_1' title="bbox 327 236 1136 323">
     <span class='ocr_line' id='line_1_1' title="bbox 327 236 1136 323; baseline 0.007 -20"><span class='ocrx_word' id='word_1_1' title='bbox 327 247 446 306; x_wconf 78' lang='lat' dir='ltr'>umus</span> <span class='ocrx_word' id='word_1_2' title='bbox 462 248 561 321; x_wconf 85' lang='lat' dir='ltr'>vnn,</span> <span class='ocrx_word' id='word_1_3' title='bbox 579 247 622 306; x_wconf 76' lang='lat' dir='ltr'>ta</span> <span class='ocrx_word' id='word_1_4' title='bbox 641 248 909 323; x_wconf 73' lang='lat' dir='ltr'>[aceropaaoa]</span> <span class='ocrx_word' id='word_1_5' title='bbox 1068 236 1136 309; x_wconf 77' lang='grc'>487</span> 
     </span>
    </p>
   </div>
   <div class='ocr_carea' id='block_1_2' title="bbox 99 405 1167 1068">
    <p class='ocr_par' dir='ltr' id='par_1_2' title="bbox 99 405 1167 1068">
     <span class='ocr_line' id='line_1_2' title="bbox 101 405 1133 492; baseline 0.006 -19"><span class='ocrx_word' id='word_1_6' title='bbox 101 408 203 492; x_wconf 91' lang='lat' dir='ltr'>doque</span> <span class='ocrx_word' id='word_1_7' title='bbox 219 407 340 492; x_wconf 88' lang='lat' dir='ltr'>passim</span> <span class='ocrx_word' id='word_1_8' title='bbox 362 405 445 473; x_wconf 92' lang='lat' dir='ltr'>bello</span> <span class='ocrx_word' id='word_1_9' title='bbox 463 416 585 472; x_wconf 89' lang='lat' dir='ltr'>tantum</span> <span class='ocrx_word' id='word_1_10' title='bbox 607 416 755 473; x_wconf 90' lang='lat' dir='ltr'>terrorem</span> <span class='ocrx_word' id='word_1_11' title='bbox 778 408 828 475; x_wconf 93' lang='lat' dir='ltr'>sui</span> <span class='ocrx_word' id='word_1_12' title='bbox 848 408 937 489; x_wconf 82' lang='lat' dir='ltr'>fecit,</span> <span class='ocrx_word' id='word_1_13' title='bbox 960 419 996 476; x_wconf 95' lang='lat' dir='ltr'>ut</span> <span class='ocrx_word' id='word_1_14' title='bbox 1017 433 1133 479; x_wconf 89' lang='lat' dir='ltr'>nomen</span> 
     </span>
     <span class='ocr_line' id='line_1_3' title="bbox 100 501 1167 592; baseline 0.008 -24"><span class='ocrx_word' id='word_1_15' title='bbox 100 523 191 568; x_wconf 91' lang='lat' dir='ltr'>omne</span> <span class='ocrx_word' id='word_1_16' title='bbox 204 501 377 568; x_wconf 89' lang='lat' dir='ltr'>Etruscum</span> <span class='ocrx_word' id='word_1_17' title='bbox 395 501 507 568; x_wconf 87' lang='lat' dir='ltr'>foedus</span> <span class='ocrx_word' id='word_1_18' title='bbox 526 501 566 567; x_wconf 91' lang='lat' dir='ltr'>ab</span> <span class='ocrx_word' id='word_1_19' title='bbox 584 502 712 567; x_wconf 90' lang='lat' dir='ltr'>consule</span> <span class='ocrx_word' id='word_1_20' title='bbox 729 512 858 590; x_wconf 87' lang='lat' dir='ltr'>peteret</span> <span class='ocrx_word' id='word_1_21' title='bbox 895 525 933 569; x_wconf 88' lang='lat' dir='ltr'>ac</span> <span class='ocrx_word' id='word_1_22' title='bbox 949 505 990 571; x_wconf 92' lang='lat' dir='ltr'>de</span> <span class='ocrx_word' id='word_1_23' title='bbox 1007 527 1046 572; x_wconf 93' lang='lat' dir='ltr'>eo</span> <span class='ocrx_word' id='word_1_24' title='bbox 1063 506 1167 592; x_wconf 82' lang='lat' dir='ltr'>qui-r</span> 
     </span>
     <span class='ocr_line' id='line_1_4' title="bbox 100 595 1132 687; baseline 0.006 -27"><span class='ocrx_word' id='word_1_25' title='bbox 100 597 169 661; x_wconf 88' lang='lat' dir='ltr'>dem</span> <span class='ocrx_word' id='word_1_26' title='bbox 188 596 267 660; x_wconf 92' lang='lat' dir='ltr'>nihil</span> <span class='ocrx_word' id='word_1_27' title='bbox 285 595 494 682; x_wconf 87' lang='lat' dir='ltr'>impetratum,</span> <span class='ocrx_word' id='word_1_28' title='bbox 512 595 651 664; x_wconf 90' lang='lat' dir='ltr'>indutiae</span> <span class='ocrx_word' id='word_1_29' title='bbox 664 619 792 663; x_wconf 89' lang='lat' dir='ltr'>annuae</span> <span class='ocrx_word' id='word_1_30' title='bbox 810 597 911 663; x_wconf 88' lang='lat' dir='ltr'>datae.</span> <span class='ocrx_word' id='word_1_31' title='bbox 941 599 1132 687; x_wconf 80' lang='lat' dir='ltr'><strong>stipendium</strong></span> 
     </span>
     <span class='ocr_line' id='line_1_5' title="bbox 100 690 1132 780; baseline 0.008 -25"><span class='ocrx_word' id='word_1_32' title='bbox 100 691 239 756; x_wconf 86' lang='lat' dir='ltr'>exercitu</span> <span class='ocrx_word' id='word_1_33' title='bbox 248 691 393 756; x_wconf 85' lang='lat' dir='ltr'>Romano</span> <span class='ocrx_word' id='word_1_34' title='bbox 407 690 447 757; x_wconf 93' lang='lat' dir='ltr'>ab</span> <span class='ocrx_word' id='word_1_35' title='bbox 460 691 552 757; x_wconf 91' lang='lat' dir='ltr'>hoste</span> <span class='ocrx_word' id='word_1_36' title='bbox 569 691 602 755; x_wconf 92' lang='lat' dir='ltr'>in</span> <span class='ocrx_word' id='word_1_37' title='bbox 620 713 692 757; x_wconf 92' lang='lat' dir='ltr'>eum</span> <span class='ocrx_word' id='word_1_38' title='bbox 710 716 827 758; x_wconf 91' lang='lat' dir='ltr'>annum</span> <span class='ocrx_word' id='word_1_39' title='bbox 844 715 979 780; x_wconf 88' lang='lat' dir='ltr'>pensum</span> <span class='ocrx_word' id='word_1_40' title='bbox 993 703 1025 761; x_wconf 84' lang='lat' dir='ltr'>et</span> <span class='ocrx_word' id='word_1_41' title='bbox 1038 694 1132 763; x_wconf 90' lang='lat' dir='ltr'>binae</span> 
     </span>
     <span class='ocr_line' id='line_1_6' title="bbox 99 785 1089 860; baseline 0.006 -10"><span class='ocrx_word' id='word_1_42' title='bbox 99 785 223 850; x_wconf 89' lang='lat' dir='ltr'>tunicae</span> <span class='ocrx_word' id='word_1_43' title='bbox 241 785 275 851; x_wconf 92' lang='lat' dir='ltr'>in</span> <span class='ocrx_word' id='word_1_44' title='bbox 292 786 423 860; x_wconf 88' lang='lat' dir='ltr'>militem</span> <span class='ocrx_word' id='word_1_45' title='bbox 441 796 578 851; x_wconf 82' lang='lat' dir='ltr'>exactae.</span> <span class='ocrx_word' id='word_1_46' title='bbox 615 808 653 851; x_wconf 87' lang='lat' dir='ltr'>ea</span> <span class='ocrx_word' id='word_1_47' title='bbox 670 809 791 854; x_wconf 92' lang='lat' dir='ltr'>merces</span> <span class='ocrx_word' id='word_1_48' title='bbox 809 789 1001 855; x_wconf 82' lang='lat' dir='ltr'>indutiarum</span> <span class='ocrx_word' id='word_1_49' title='bbox 1018 790 1089 857; x_wconf 82' lang='lat' dir='ltr'>fuit</span> 
     </span>
     <span class='ocr_line' id='line_1_7' title="bbox 162 879 1167 970; baseline 0.011 -26"><span class='ocrx_word' id='word_1_50' title='bbox 162 879 365 964; x_wconf 79' lang='lat' dir='ltr'>Tranquillas</span> <span class='ocrx_word' id='word_1_51' title='bbox 391 902 442 947; x_wconf 91' lang='lat' dir='ltr'>res</span> <span class='ocrx_word' id='word_1_52' title='bbox 467 881 532 945; x_wconf 88' lang='lat' dir='ltr'>iam</span> <span class='ocrx_word' id='word_1_53' title='bbox 552 879 698 947; x_wconf 78' lang='lat' dir='ltr'>Etruscis</span> <span class='ocrx_word' id='word_1_54' title='bbox 725 881 864 947; x_wconf 81' lang='lat' dir='ltr'>turbavit</span> <span class='ocrx_word' id='word_1_55' title='bbox 889 885 1052 970; x_wconf 87' lang='lat' dir='ltr'>repentina</span> <span class='ocrx_word' id='word_1_56' title='bbox 1078 885 1167 956; x_wconf 68' lang='lat' dir='ltr'>det</span> 
     </span>
     <span class='ocr_line' id='line_1_8' title="bbox 99 972 1134 1068; baseline 0.007 -29"><span class='ocrx_word' id='word_1_57' title='bbox 99 974 196 1040; x_wconf 79' lang='lat' dir='ltr'>sectio</span> <span class='ocrx_word' id='word_1_58' title='bbox 217 972 426 1053; x_wconf 69' lang='lat' dir='ltr'>Umbrorum</span> <span class='ocrx_word' id='word_1_59' title='bbox 453 975 556 1062; x_wconf 85' lang='lat' dir='ltr'>gentis</span> <span class='ocrx_word' id='word_1_60' title='bbox 582 974 723 1063; x_wconf 80' lang='lat' dir='ltr'>integrae</span> <span class='ocrx_word' id='word_1_61' title='bbox 745 999 765 1041; x_wconf 88' lang='lat' dir='ltr'>a</span> <span class='ocrx_word' id='word_1_62' title='bbox 786 976 929 1047; x_wconf 80' lang='lat' dir='ltr'>cladibus</span> <span class='ocrx_word' id='word_1_63' title='bbox 955 978 1048 1068; x_wconf 49' lang='lat' dir='ltr'>bellu</span> <span class='ocrx_word' id='word_1_64' title='bbox 1070 980 1134 1046; x_wconf 82' lang='lat' dir='ltr'>nisi</span> 
     </span>
    </p>
   </div>
   <div class='ocr_carea' id='block_1_3' title="bbox 94 1071 1264 4088">
    <p class='ocr_par' dir='ltr' id='par_1_3' title="bbox 94 1071 1264 4088">
     <span class='ocr_line' id='line_1_9' title="bbox 98 1071 1166 1159; baseline 0.009 -25"><span class='ocrx_word' id='word_1_65' title='bbox 98 1071 184 1154; x_wconf 90' lang='lat' dir='ltr'>quod</span> <span class='ocrx_word' id='word_1_66' title='bbox 202 1071 368 1135; x_wconf 74' lang='lat' dir='ltr'>transitum</span> <span class='ocrx_word' id='word_1_67' title='bbox 386 1071 541 1137; x_wconf 86' lang='lat' dir='ltr'>exercitus</span> <span class='ocrx_word' id='word_1_68' title='bbox 560 1093 636 1159; x_wconf 85' lang='lat' dir='ltr'>ager</span> <span class='ocrx_word' id='word_1_69' title='bbox 653 1081 803 1138; x_wconf 87' lang='lat' dir='ltr'>senserat.</span> <span class='ocrx_word' id='word_1_70' title='bbox 834 1072 858 1138; x_wconf 94' lang='lat' dir='ltr'>ii</span> <span class='ocrx_word' id='word_1_71' title='bbox 875 1074 1031 1140; x_wconf 87' lang='lat' dir='ltr'>concitata</span> <span class='ocrx_word' id='word_1_72' title='bbox 1046 1075 1133 1144; x_wconf 88' lang='lat' dir='ltr'>omni</span> <span class='ocrx_word' id='word_1_73' title='bbox 1150 1093 1166 1144; x_wconf 72' lang='grc' dir='ltr'>θ</span> 
     </span>
     <span class='ocr_line' id='line_1_10' title="bbox 98 1165 1131 1253; baseline 0.005 -24"><span class='ocrx_word' id='word_1_74' title='bbox 98 1165 262 1230; x_wconf 90' lang='lat' dir='ltr'>iuventute</span> <span class='ocrx_word' id='word_1_75' title='bbox 281 1188 339 1230; x_wconf 89' lang='lat' dir='ltr'>sua</span> <span class='ocrx_word' id='word_1_76' title='bbox 357 1174 388 1230; x_wconf 91' lang='lat' dir='ltr'>et</span> <span class='ocrx_word' id='word_1_77' title='bbox 408 1188 525 1253; x_wconf 84' lang='lat' dir='ltr'>magna</span> <span class='ocrx_word' id='word_1_78' title='bbox 541 1179 630 1252; x_wconf 89' lang='lat' dir='ltr'>parte</span> <span class='ocrx_word' id='word_1_79' title='bbox 642 1165 851 1233; x_wconf 83' lang='lat' dir='ltr'>Etruseorum</span> <span class='ocrx_word' id='word_1_80' title='bbox 869 1168 910 1233; x_wconf 91' lang='lat' dir='ltr'>ad</span> <span class='ocrx_word' id='word_1_81' title='bbox 927 1168 1131 1235; x_wconf 89' lang='lat' dir='ltr'>rebellionem</span> 
     </span>
     <span class='ocr_line' id='line_1_11' title="bbox 98 1259 1133 1349; baseline 0.007 -26"><span class='ocrx_word' id='word_1_82' title='bbox 98 1259 256 1346; x_wconf 87' lang='lat' dir='ltr'>conpulsa</span> <span class='ocrx_word' id='word_1_83' title='bbox 274 1268 395 1325; x_wconf 88' lang='lat' dir='ltr'>tantum</span> <span class='ocrx_word' id='word_1_84' title='bbox 413 1260 585 1327; x_wconf 83' lang='lat' dir='ltr'>exercitum</span> <span class='ocrx_word' id='word_1_85' title='bbox 603 1260 757 1340; x_wconf 83' lang='lat' dir='ltr'>fecerant,</span> <span class='ocrx_word' id='word_1_86' title='bbox 780 1271 815 1326; x_wconf 94' lang='lat' dir='ltr'>ut</span> <span class='ocrx_word' id='word_1_87' title='bbox 831 1262 939 1328; x_wconf 89' lang='lat' dir='ltr'>relicto</span> <span class='ocrx_word' id='word_1_88' title='bbox 956 1273 1030 1349; x_wconf 86' lang='lat' dir='ltr'>post</span> <span class='ocrx_word' id='word_1_89' title='bbox 1047 1285 1081 1329; x_wconf 92' lang='lat' dir='ltr'>se</span> <span class='ocrx_word' id='word_1_90' title='bbox 1098 1263 1133 1335; x_wconf 83' lang='lat' dir='ltr'>in</span> 
     </span>
     <span class='ocr_line' id='line_1_12' title="bbox 97 1353 1133 1446; baseline 0.006 -26"><span class='ocrx_word' id='word_1_91' title='bbox 97 1353 227 1420; x_wconf 83' lang='lat' dir='ltr'>Etnnia</span> <span class='ocrx_word' id='word_1_92' title='bbox 234 1353 337 1419; x_wconf 86' lang='lat' dir='ltr'>Decio</span> <span class='ocrx_word' id='word_1_93' title='bbox 350 1355 391 1420; x_wconf 87' lang='lat' dir='ltr'>od</span> <span class='ocrx_word' id='word_1_94' title='bbox 404 1355 648 1443; x_wconf 83' lang='lat' dir='ltr'>oppugnandam</span> <span class='ocrx_word' id='word_1_95' title='bbox 663 1356 735 1421; x_wconf 90' lang='lat' dir='ltr'>inde</span> <span class='ocrx_word' id='word_1_96' title='bbox 745 1356 880 1422; x_wconf 82' lang='lat' dir='ltr'>Romam</span> <span class='ocrx_word' id='word_1_97' title='bbox 897 1357 995 1423; x_wconf 90' lang='lat' dir='ltr'>ituros</span> <span class='ocrx_word' id='word_1_98' title='bbox 1009 1357 1133 1446; x_wconf 82' lang='lat' dir='ltr'>magni-</span> 
     </span>
     <span class='ocr_line' id='line_1_13' title="bbox 98 1449 1130 1541; baseline 0.006 -28"><span class='ocrx_word' id='word_1_99' title='bbox 98 1449 157 1513; x_wconf 88' lang='lat' dir='ltr'>fice</span> <span class='ocrx_word' id='word_1_100' title='bbox 176 1449 216 1513; x_wconf 93' lang='lat' dir='ltr'>de</span> <span class='ocrx_word' id='word_1_101' title='bbox 235 1471 269 1515; x_wconf 90' lang='lat' dir='ltr'>se</span> <span class='ocrx_word' id='word_1_102' title='bbox 288 1471 326 1514; x_wconf 87' lang='lat' dir='ltr'>ac</span> <span class='ocrx_word' id='word_1_103' title='bbox 344 1451 547 1535; x_wconf 81' lang='lat' dir='ltr'>contemptim</span> <span class='ocrx_word' id='word_1_104' title='bbox 566 1450 605 1514; x_wconf 94' lang='lat' dir='ltr'>de</span> <span class='ocrx_word' id='word_1_105' title='bbox 619 1449 771 1519; x_wconf 88' lang='lat' dir='ltr'>Romanis</span> <span class='ocrx_word' id='word_1_106' title='bbox 790 1450 953 1541; x_wconf 88' lang='lat' dir='ltr'>loquentes</span> <span class='ocrx_word' id='word_1_107' title='bbox 970 1452 1130 1519; x_wconf 87' lang='lat' dir='ltr'>iactarent.</span> 
     </span>
     <span class='ocr_line' id='line_1_14' title="bbox 97 1542 1184 1632; baseline 0.007 -24"><span class='ocrx_word' id='word_1_108' title='bbox 97 1543 184 1627; x_wconf 91' lang='lat' dir='ltr'>quod</span> <span class='ocrx_word' id='word_1_109' title='bbox 202 1542 362 1628; x_wconf 89' lang='lat' dir='ltr'>inceptum</span> <span class='ocrx_word' id='word_1_110' title='bbox 378 1562 488 1609; x_wconf 92' lang='lat' dir='ltr'>eorum</span> <span class='ocrx_word' id='word_1_111' title='bbox 505 1542 561 1609; x_wconf 93' lang='lat' dir='ltr'>ubi</span> <span class='ocrx_word' id='word_1_112' title='bbox 578 1544 619 1609; x_wconf 87' lang='lat' dir='ltr'>ad</span> <span class='ocrx_word' id='word_1_113' title='bbox 636 1543 774 1609; x_wconf 89' lang='lat' dir='ltr'>Decium</span> <span class='ocrx_word' id='word_1_114' title='bbox 791 1545 952 1610; x_wconf 89' lang='lat' dir='ltr'>consulem</span> <span class='ocrx_word' id='word_1_115' title='bbox 974 1546 1131 1632; x_wconf 90' lang='lat' dir='ltr'>perlatum</span> <span class='ocrx_word' id='word_1_116' title='bbox 1149 1561 1184 1616; x_wconf 84' lang='lat' dir='ltr'>lo</span> 
     </span>
     <span class='ocr_line' id='line_1_15' title="bbox 98 1637 1133 1727; baseline 0.001 -23"><span class='ocrx_word' id='word_1_117' title='bbox 98 1647 160 1717; x_wconf 89' lang='lat' dir='ltr'>est,</span> <span class='ocrx_word' id='word_1_118' title='bbox 189 1638 231 1703; x_wconf 91' lang='lat' dir='ltr'>ad</span> <span class='ocrx_word' id='word_1_119' title='bbox 253 1639 363 1704; x_wconf 89' lang='lat' dir='ltr'>urbem</span> <span class='ocrx_word' id='word_1_120' title='bbox 385 1662 425 1705; x_wconf 86' lang='lat' dir='ltr'>ex</span> <span class='ocrx_word' id='word_1_121' title='bbox 442 1639 570 1704; x_wconf 83' lang='lat' dir='ltr'>Etruria</span> <span class='ocrx_word' id='word_1_122' title='bbox 591 1639 715 1726; x_wconf 86' lang='lat' dir='ltr'>magnis</span> <span class='ocrx_word' id='word_1_123' title='bbox 737 1637 902 1705; x_wconf 87' lang='lat' dir='ltr'>itineribus</span> <span class='ocrx_word' id='word_1_124' title='bbox 924 1641 1028 1727; x_wconf 86' lang='lat' dir='ltr'>pergit</span> <span class='ocrx_word' id='word_1_125' title='bbox 1045 1649 1077 1705; x_wconf 89' lang='lat' dir='ltr'>et</span> <span class='ocrx_word' id='word_1_126' title='bbox 1097 1641 1133 1712; x_wconf 87' lang='lat' dir='ltr'>in</span> 
     </span>
     <span class='ocr_line' id='line_1_16' title="bbox 97 1731 1182 1821; baseline 0.006 -23"><span class='ocrx_word' id='word_1_127' title='bbox 97 1756 175 1821; x_wconf 86' lang='lat' dir='ltr'>agro</span> <span class='ocrx_word' id='word_1_128' title='bbox 185 1731 373 1821; x_wconf 89' lang='lat' dir='ltr'>Pupiniensi</span> <span class='ocrx_word' id='word_1_129' title='bbox 386 1735 427 1798; x_wconf 85' lang='lat' dir='ltr'>sd</span> <span class='ocrx_word' id='word_1_130' title='bbox 444 1734 562 1799; x_wconf 84' lang='lat' dir='ltr'>famam</span> <span class='ocrx_word' id='word_1_131' title='bbox 580 1735 718 1799; x_wconf 85' lang='lat' dir='ltr'>intentus</span> <span class='ocrx_word' id='word_1_132' title='bbox 737 1733 875 1799; x_wconf 91' lang='lat' dir='ltr'>hostium</span> <span class='ocrx_word' id='word_1_133' title='bbox 889 1735 1040 1800; x_wconf 90' lang='lat' dir='ltr'>consedit.</span> <span class='ocrx_word' id='word_1_134' title='bbox 1071 1756 1132 1803; x_wconf 88' lang='lat' dir='ltr'>nec</span> <span class='ocrx_word' id='word_1_135' title='bbox 1149 1749 1182 1804; x_wconf 82' lang='lat'>11</span> 
     </span>
     <span class='ocr_line' id='line_1_17' title="bbox 98 1828 1133 1917; baseline 0.001 -23"><span class='ocrx_word' id='word_1_136' title='bbox 98 1828 221 1894; x_wconf 82' lang='lat' dir='ltr'>Romae</span> <span class='ocrx_word' id='word_1_137' title='bbox 240 1829 445 1914; x_wconf 88' lang='lat' dir='ltr'>spernebatur</span> <span class='ocrx_word' id='word_1_138' title='bbox 453 1828 646 1894; x_wconf 89' lang='lat' dir='ltr'>Umbrorum</span> <span class='ocrx_word' id='word_1_139' title='bbox 659 1828 777 1894; x_wconf 92' lang='lat' dir='ltr'>bellum</span> <span class='ocrx_word' id='word_1_140' title='bbox 791 1838 822 1893; x_wconf 91' lang='lat' dir='ltr'>et</span> <span class='ocrx_word' id='word_1_141' title='bbox 838 1829 926 1917; x_wconf 86' lang='lat' dir='ltr'>ipsae</span> <span class='ocrx_word' id='word_1_142' title='bbox 943 1829 1047 1895; x_wconf 91' lang='lat' dir='ltr'>minae</span> <span class='ocrx_word' id='word_1_143' title='bbox 1065 1851 1133 1895; x_wconf 90' lang='lat' dir='ltr'>me-</span> 
     </span>
     <span class='ocr_line' id='line_1_18' title="bbox 98 1921 1172 2009; baseline 0.004 -22"><span class='ocrx_word' id='word_1_144' title='bbox 98 1932 166 1987; x_wconf 91' lang='lat' dir='ltr'>tum</span> <span class='ocrx_word' id='word_1_145' title='bbox 184 1923 324 1988; x_wconf 88' lang='lat' dir='ltr'>fecerant</span> <span class='ocrx_word' id='word_1_146' title='bbox 342 1924 477 2009; x_wconf 83' lang='lat' dir='ltr'>expertis</span> <span class='ocrx_word' id='word_1_147' title='bbox 498 1921 621 1989; x_wconf 85' lang='lat' dir='ltr'>Gallica</span> <span class='ocrx_word' id='word_1_148' title='bbox 639 1922 737 2002; x_wconf 86' lang='lat' dir='ltr'>clade,</span> <span class='ocrx_word' id='word_1_149' title='bbox 756 1945 851 2008; x_wconf 90' lang='lat' dir='ltr'>quam</span> <span class='ocrx_word' id='word_1_150' title='bbox 869 1923 1003 1988; x_wconf 87' lang='lat' dir='ltr'>intutam</span> <span class='ocrx_word' id='word_1_151' title='bbox 1020 1921 1131 1991; x_wconf 88' lang='lat' dir='ltr'>urbem</span> <span class='ocrx_word' id='word_1_152' title='bbox 1168 1962 1172 1966; x_wconf 93' lang='lat'>·</span> 
     </span>
     <span class='ocr_line' id='line_1_19' title="bbox 98 2016 1184 2105; baseline 0.004 -24"><span class='ocrx_word' id='word_1_153' title='bbox 98 2017 279 2082; x_wconf 85' lang='lat' dir='ltr'>incolerent.</span> <span class='ocrx_word' id='word_1_154' title='bbox 315 2016 421 2103; x_wconf 88' lang='lat' dir='ltr'>itaque</span> <span class='ocrx_word' id='word_1_155' title='bbox 439 2016 534 2105; x_wconf 84' lang='lat' dir='ltr'>legati</span> <span class='ocrx_word' id='word_1_156' title='bbox 553 2019 593 2083; x_wconf 86' lang='lat' dir='ltr'>ad</span> <span class='ocrx_word' id='word_1_157' title='bbox 606 2016 742 2083; x_wconf 86' lang='lat' dir='ltr'>Fabium</span> <span class='ocrx_word' id='word_1_158' title='bbox 760 2017 922 2083; x_wconf 89' lang='lat' dir='ltr'>consulem</span> <span class='ocrx_word' id='word_1_159' title='bbox 940 2017 1130 2098; x_wconf 87' lang='lat' dir='ltr'>missisunt,</span> <span class='ocrx_word' id='word_1_160' title='bbox 1151 2033 1184 2086; x_wconf 71' lang='lat' dir='ltr'>la</span> 
     </span>
     <span class='ocr_line' id='line_1_20' title="bbox 97 2109 1133 2195; baseline 0.002 -19"><span class='ocrx_word' id='word_1_161' title='bbox 97 2121 142 2188; x_wconf 90' lang='lat' dir='ltr'>ut,</span> <span class='ocrx_word' id='word_1_162' title='bbox 163 2111 282 2195; x_wconf 91' lang='lat' dir='ltr'>siquid</span> <span class='ocrx_word' id='word_1_163' title='bbox 298 2111 469 2177; x_wconf 85' lang='lat' dir='ltr'>laxamenti</span> <span class='ocrx_word' id='word_1_164' title='bbox 482 2136 501 2176; x_wconf 89' lang='lat' dir='ltr'>a</span> <span class='ocrx_word' id='word_1_165' title='bbox 513 2111 596 2176; x_wconf 93' lang='lat' dir='ltr'>bello</span> <span class='ocrx_word' id='word_1_166' title='bbox 606 2109 797 2176; x_wconf 86' lang='lat' dir='ltr'>Samnitium</span> <span class='ocrx_word' id='word_1_167' title='bbox 815 2121 909 2190; x_wconf 91' lang='lat' dir='ltr'>esset,</span> <span class='ocrx_word' id='word_1_168' title='bbox 923 2111 956 2176; x_wconf 92' lang='lat' dir='ltr'>in</span> <span class='ocrx_word' id='word_1_169' title='bbox 965 2110 1133 2178; x_wconf 86' lang='lat' dir='ltr'>Umbriam</span> 
     </span>
     <span class='ocr_line' id='line_1_21' title="bbox 96 2206 1184 2294; baseline 0.001 -22"><span class='ocrx_word' id='word_1_170' title='bbox 96 2229 232 2293; x_wconf 89' lang='lat' dir='ltr'>propere</span> <span class='ocrx_word' id='word_1_171' title='bbox 250 2207 421 2271; x_wconf 87' lang='lat' dir='ltr'>exercitum</span> <span class='ocrx_word' id='word_1_172' title='bbox 434 2207 571 2271; x_wconf 88' lang='lat' dir='ltr'>duceret.</span> <span class='ocrx_word' id='word_1_173' title='bbox 604 2206 688 2271; x_wconf 89' lang='lat' dir='ltr'>dicto</span> <span class='ocrx_word' id='word_1_174' title='bbox 700 2207 805 2290; x_wconf 89' lang='lat' dir='ltr'>paruit</span> <span class='ocrx_word' id='word_1_175' title='bbox 817 2206 928 2271; x_wconf 88' lang='lat' dir='ltr'>consul</span> <span class='ocrx_word' id='word_1_176' title='bbox 945 2208 1132 2294; x_wconf 84' lang='lat' dir='ltr'>magnisque</span> <span class='ocrx_word' id='word_1_177' title='bbox 1150 2222 1184 2273; x_wconf 79' lang='lat'>18</span> 
     </span>
     <span class='ocr_line' id='line_1_22' title="bbox 96 2297 1129 2384; baseline -0.001 -19"><span class='ocrx_word' id='word_1_178' title='bbox 96 2299 263 2366; x_wconf 78' lang='lat' dir='ltr'>itineribus</span> <span class='ocrx_word' id='word_1_179' title='bbox 277 2301 317 2365; x_wconf 88' lang='lat' dir='ltr'>ad</span> <span class='ocrx_word' id='word_1_180' title='bbox 330 2300 523 2378; x_wconf 88' lang='lat' dir='ltr'>Mevaniam,</span> <span class='ocrx_word' id='word_1_181' title='bbox 543 2298 597 2364; x_wconf 91' lang='lat' dir='ltr'>ubi</span> <span class='ocrx_word' id='word_1_182' title='bbox 615 2308 682 2367; x_wconf 90' lang='lat' dir='ltr'>tum</span> <span class='ocrx_word' id='word_1_183' title='bbox 700 2299 809 2384; x_wconf 88' lang='lat' dir='ltr'>copiae</span> <span class='ocrx_word' id='word_1_184' title='bbox 819 2297 1014 2363; x_wconf 87' lang='lat' dir='ltr'>Umbrorum</span> <span class='ocrx_word' id='word_1_185' title='bbox 1033 2311 1129 2378; x_wconf 89' lang='lat' dir='ltr'>erant,</span> 
     </span>
     <span class='ocr_line' id='line_1_23' title="bbox 97 2391 1183 2482; baseline 0.001 -23"><span class='ocrx_word' id='word_1_186' title='bbox 97 2395 253 2482; x_wconf 78' lang='lat' dir='ltr'>perrexit</span> <span class='ocrx_word' id='word_1_187' title='bbox 281 2417 395 2480; x_wconf 89' lang='lat' dir='ltr'>repens</span> <span class='ocrx_word' id='word_1_188' title='bbox 413 2395 567 2460; x_wconf 85' lang='lat' dir='ltr'>adventus</span> <span class='ocrx_word' id='word_1_189' title='bbox 587 2392 734 2469; x_wconf 89' lang='lat' dir='ltr'>consulis,</span> <span class='ocrx_word' id='word_1_190' title='bbox 754 2414 850 2476; x_wconf 90' lang='lat' dir='ltr'>quem</span> <span class='ocrx_word' id='word_1_191' title='bbox 867 2391 978 2478; x_wconf 90' lang='lat' dir='ltr'>procul</span> <span class='ocrx_word' id='word_1_192' title='bbox 995 2391 1131 2458; x_wconf 89' lang='lat' dir='ltr'>Umbria</span> <span class='ocrx_word' id='word_1_193' title='bbox 1150 2411 1183 2461; x_wconf 79' lang='lat'>14</span> 
     </span>
     <span class='ocr_line' id='line_1_24' title="bbox 98 2486 1132 2573; baseline -0.001 -20"><span class='ocrx_word' id='word_1_194' title='bbox 98 2489 131 2553; x_wconf 90' lang='lat' dir='ltr'>in</span> <span class='ocrx_word' id='word_1_195' title='bbox 151 2486 283 2555; x_wconf 91' lang='lat' dir='ltr'>Samnio</span> <span class='ocrx_word' id='word_1_196' title='bbox 300 2488 382 2555; x_wconf 92' lang='lat' dir='ltr'>bello</span> <span class='ocrx_word' id='word_1_197' title='bbox 400 2489 462 2554; x_wconf 88' lang='lat' dir='ltr'>alio</span> <span class='ocrx_word' id='word_1_198' title='bbox 480 2496 667 2573; x_wconf 90' lang='lat' dir='ltr'>occupatum</span> <span class='ocrx_word' id='word_1_199' title='bbox 689 2486 899 2563; x_wconf 89' lang='lat' dir='ltr'>crediderant,</span> <span class='ocrx_word' id='word_1_200' title='bbox 921 2486 966 2550; x_wconf 89' lang='lat' dir='ltr'>ita</span> <span class='ocrx_word' id='word_1_201' title='bbox 983 2488 1132 2552; x_wconf 86' lang='lat' dir='ltr'>exterruit</span> 
     </span>
     <span class='ocr_line' id='line_1_25' title="bbox 98 2579 1132 2665; baseline -0.003 -17"><span class='ocrx_word' id='word_1_202' title='bbox 98 2581 257 2661; x_wconf 90' lang='lat' dir='ltr'>Umbros,</span> <span class='ocrx_word' id='word_1_203' title='bbox 279 2593 314 2647; x_wconf 91' lang='lat' dir='ltr'>ut</span> <span class='ocrx_word' id='word_1_204' title='bbox 336 2583 389 2648; x_wconf 89' lang='lat' dir='ltr'>alii</span> <span class='ocrx_word' id='word_1_205' title='bbox 410 2582 622 2648; x_wconf 91' lang='lat' dir='ltr'>recedendum</span> <span class='ocrx_word' id='word_1_206' title='bbox 643 2581 685 2647; x_wconf 92' lang='lat' dir='ltr'>ad</span> <span class='ocrx_word' id='word_1_207' title='bbox 705 2580 800 2646; x_wconf 88' lang='lat' dir='ltr'>urbes</span> <span class='ocrx_word' id='word_1_208' title='bbox 822 2579 974 2658; x_wconf 88' lang='lat' dir='ltr'>munitas,</span> <span class='ocrx_word' id='word_1_209' title='bbox 1003 2579 1132 2665; x_wconf 87' lang='lat' dir='ltr'>quidam</span> 
     </span>
     <span class='ocr_line' id='line_1_26' title="bbox 96 2672 1264 2762; baseline 0 -20"><span class='ocrx_word' id='word_1_210' title='bbox 96 2677 308 2742; x_wconf 87' lang='lat' dir='ltr'>omittendum</span> <span class='ocrx_word' id='word_1_211' title='bbox 330 2677 448 2743; x_wconf 88' lang='lat' dir='ltr'>bellum</span> <span class='ocrx_word' id='word_1_212' title='bbox 469 2685 643 2742; x_wconf 87' lang='lat' dir='ltr'>censerent.</span> <span class='ocrx_word' id='word_1_213' title='bbox 683 2675 779 2762; x_wconf 87' lang='lat' dir='ltr'>plaga</span> <span class='ocrx_word' id='word_1_214' title='bbox 799 2697 863 2739; x_wconf 87' lang='lat' dir='ltr'>una</span> <span class='ocrx_word' id='word_1_215' title='bbox 879 2711 922 2722; x_wconf 87' lang='grc'>-</span> <span class='ocrx_word' id='word_1_216' title='bbox 939 2672 1183 2742; x_wconf 86' lang='lat' dir='ltr'>Materinam15</span> <span class='ocrx_word' id='word_1_217' title='bbox 1262 2674 1264 2679; x_wconf 74' lang='grc'><strong>’</strong></span> 
     </span>
     <span class='ocr_line' id='line_1_27' title="bbox 96 2768 1132 2859; baseline -0.004 -21"><span class='ocrx_word' id='word_1_218' title='bbox 96 2772 160 2859; x_wconf 88' lang='lat' dir='ltr'>ipsi</span> <span class='ocrx_word' id='word_1_219' title='bbox 178 2771 461 2858; x_wconf 83' lang='lat' dir='ltr'>appellant-non</span> <span class='ocrx_word' id='word_1_220' title='bbox 478 2771 631 2837; x_wconf 92' lang='lat' dir='ltr'>continuit</span> <span class='ocrx_word' id='word_1_221' title='bbox 648 2771 742 2837; x_wconf 92' lang='lat' dir='ltr'>modo</span> <span class='ocrx_word' id='word_1_222' title='bbox 760 2779 880 2836; x_wconf 88' lang='lat' dir='ltr'>ceteros</span> <span class='ocrx_word' id='word_1_223' title='bbox 898 2768 932 2834; x_wconf 90' lang='lat' dir='ltr'>in</span> <span class='ocrx_word' id='word_1_224' title='bbox 950 2770 1054 2848; x_wconf 88' lang='lat' dir='ltr'>armis,</span> <span class='ocrx_word' id='word_1_225' title='bbox 1074 2771 1132 2835; x_wconf 91' lang='lat' dir='ltr'>sed</span> 
     </span>
     <span class='ocr_line' id='line_1_28' title="bbox 97 2863 1131 2954; baseline -0.002 -22"><span class='ocrx_word' id='word_1_226' title='bbox 97 2865 267 2932; x_wconf 86' lang='lat' dir='ltr'>confestim</span> <span class='ocrx_word' id='word_1_227' title='bbox 292 2866 334 2932; x_wconf 88' lang='lat' dir='ltr'>ad</span> <span class='ocrx_word' id='word_1_228' title='bbox 360 2875 519 2932; x_wconf 89' lang='lat' dir='ltr'>certamen</span> <span class='ocrx_word' id='word_1_229' title='bbox 545 2867 618 2954; x_wconf 83' lang='lat' dir='ltr'>egit</span> <span class='ocrx_word' id='word_1_230' title='bbox 669 2874 773 2932; x_wconf 87' lang='lat' dir='ltr'>castra</span> <span class='ocrx_word' id='word_1_231' title='bbox 797 2863 968 2930; x_wconf 89' lang='lat' dir='ltr'>vallantem</span> <span class='ocrx_word' id='word_1_232' title='bbox 993 2863 1131 2930; x_wconf 80' lang='lat' dir='ltr'>Fabium</span> 
     </span>
     <span class='ocr_line' id='line_1_29' title="bbox 97 2960 1181 3045; baseline 0 -18"><span class='ocrx_word' id='word_1_233' title='bbox 97 2960 202 3028; x_wconf 88' lang='lat' dir='ltr'>adorti</span> <span class='ocrx_word' id='word_1_234' title='bbox 219 2970 301 3026; x_wconf 82' lang='lat' dir='ltr'>sunt</span> <span class='ocrx_word' id='word_1_235' title='bbox 338 2983 418 3045; x_wconf 87' lang='lat' dir='ltr'>quos</span> <span class='ocrx_word' id='word_1_236' title='bbox 436 2960 491 3026; x_wconf 92' lang='lat' dir='ltr'>ubi</span> <span class='ocrx_word' id='word_1_237' title='bbox 508 2961 627 3026; x_wconf 85' lang='lat' dir='ltr'>effusos</span> <span class='ocrx_word' id='word_1_238' title='bbox 645 2982 736 3025; x_wconf 88' lang='lat' dir='ltr'>ruere</span> <span class='ocrx_word' id='word_1_239' title='bbox 757 2961 790 3024; x_wconf 91' lang='lat' dir='ltr'>in</span> <span class='ocrx_word' id='word_1_240' title='bbox 808 2960 1003 3025; x_wconf 90' lang='lat' dir='ltr'>munimenta</span> <span class='ocrx_word' id='word_1_241' title='bbox 1021 2961 1131 3026; x_wconf 87' lang='lat' dir='ltr'>consul</span> <span class='ocrx_word' id='word_1_242' title='bbox 1151 2979 1181 3028; x_wconf 80' lang='lat'>16</span> 
     </span>
     <span class='ocr_line' id='line_1_30' title="bbox 96 3053 1133 3140; baseline -0.002 -19"><span class='ocrx_word' id='word_1_243' title='bbox 96 3055 193 3134; x_wconf 85' lang='lat' dir='ltr'>vidit,</span> <span class='ocrx_word' id='word_1_244' title='bbox 216 3064 381 3121; x_wconf 79' lang='lat' dir='ltr'>revocatos</span> <span class='ocrx_word' id='word_1_245' title='bbox 398 3055 513 3121; x_wconf 90' lang='lat' dir='ltr'>milites</span> <span class='ocrx_word' id='word_1_246' title='bbox 532 3053 572 3120; x_wconf 90' lang='lat' dir='ltr'>ab</span> <span class='ocrx_word' id='word_1_247' title='bbox 590 3074 699 3140; x_wconf 91' lang='lat' dir='ltr'>opere,</span> <span class='ocrx_word' id='word_1_248' title='bbox 721 3062 814 3139; x_wconf 91' lang='lat' dir='ltr'>prout</span> <span class='ocrx_word' id='word_1_249' title='bbox 835 3053 897 3118; x_wconf 89' lang='lat' dir='ltr'>loci</span> <span class='ocrx_word' id='word_1_250' title='bbox 919 3064 1031 3118; x_wconf 87' lang='lat' dir='ltr'>natura</span> <span class='ocrx_word' id='word_1_251' title='bbox 1052 3064 1133 3119; x_wconf 91' lang='lat' dir='ltr'>tem-</span> 
     </span>
     <span class='ocr_line' id='line_1_31' title="bbox 94 3146 1132 3236; baseline -0.004 -21"><span class='ocrx_word' id='word_1_252' title='bbox 94 3170 225 3236; x_wconf 86' lang='lat' dir='ltr'>pusque</span> <span class='ocrx_word' id='word_1_253' title='bbox 248 3148 437 3236; x_wconf 88' lang='lat' dir='ltr'>patiebatur,</span> <span class='ocrx_word' id='word_1_254' title='bbox 459 3150 504 3215; x_wconf 89' lang='lat' dir='ltr'>ita</span> <span class='ocrx_word' id='word_1_255' title='bbox 525 3148 686 3226; x_wconf 79' lang='lat' dir='ltr'>instruxit,</span> <span class='ocrx_word' id='word_1_256' title='bbox 709 3146 949 3235; x_wconf 88' lang='lat' dir='ltr'>cohortatusque</span> <span class='ocrx_word' id='word_1_257' title='bbox 970 3147 1132 3232; x_wconf 85' lang='lat' dir='ltr'>praedica-</span> 
     </span>
     <span class='ocr_line' id='line_1_32' title="bbox 96 3240 1131 3328; baseline -0.004 -20"><span class='ocrx_word' id='word_1_258' title='bbox 96 3244 186 3310; x_wconf 88' lang='lat' dir='ltr'>tione</span> <span class='ocrx_word' id='word_1_259' title='bbox 201 3265 279 3310; x_wconf 82' lang='lat' dir='ltr'>vera</span> <span class='ocrx_word' id='word_1_260' title='bbox 291 3266 354 3328; x_wconf 86' lang='lat' dir='ltr'>qua</span> <span class='ocrx_word' id='word_1_261' title='bbox 365 3244 400 3308; x_wconf 90' lang='lat' dir='ltr'>in</span> <span class='ocrx_word' id='word_1_262' title='bbox 409 3243 523 3309; x_wconf 87' lang='lat' dir='ltr'>Tuscis</span> <span class='ocrx_word' id='word_1_263' title='bbox 541 3265 605 3328; x_wconf 89' lang='lat' dir='ltr'>qua</span> <span class='ocrx_word' id='word_1_264' title='bbox 617 3242 650 3307; x_wconf 92' lang='lat' dir='ltr'>in</span> <span class='ocrx_word' id='word_1_265' title='bbox 661 3240 791 3309; x_wconf 89' lang='lat' dir='ltr'>Samnio</span> <span class='ocrx_word' id='word_1_266' title='bbox 808 3251 969 3327; x_wconf 85' lang='lat' dir='ltr'>partorum</span> <span class='ocrx_word' id='word_1_267' title='bbox 982 3241 1131 3305; x_wconf 82' lang='lat' dir='ltr'>decorum</span> 
     </span>
     <span class='ocr_line' id='line_1_33' title="bbox 95 3333 1254 3425; baseline -0.006 -21"><span class='ocrx_word' id='word_1_268' title='bbox 95 3339 250 3425; x_wconf 85' lang='lat' dir='ltr'>exiguam</span> <span class='ocrx_word' id='word_1_269' title='bbox 268 3338 474 3425; x_wconf 88' lang='lat' dir='ltr'>appendicem</span> <span class='ocrx_word' id='word_1_270' title='bbox 483 3337 612 3403; x_wconf 82' lang='lat' dir='ltr'>Etrusci</span> <span class='ocrx_word' id='word_1_271' title='bbox 629 3337 704 3403; x_wconf 91' lang='lat' dir='ltr'>belli</span> <span class='ocrx_word' id='word_1_272' title='bbox 721 3335 872 3402; x_wconf 84' lang='lat' dir='ltr'>conficere</span> <span class='ocrx_word' id='word_1_273' title='bbox 889 3333 978 3399; x_wconf 92' lang='lat' dir='ltr'>iubet</span> <span class='ocrx_word' id='word_1_274' title='bbox 994 3344 1026 3399; x_wconf 91' lang='lat' dir='ltr'>et</span> <span class='ocrx_word' id='word_1_275' title='bbox 1043 3335 1130 3400; x_wconf 84' lang='lat' dir='ltr'>vocis</span> <span class='ocrx_word' id='word_1_276' title='bbox 1251 3393 1254 3397; x_wconf 79' lang='grc'>,</span> 
     </span>
     <span class='ocr_line' id='line_1_34' title="bbox 95 3431 1133 3521; baseline -0.004 -22"><span class='ocrx_word' id='word_1_277' title='bbox 95 3434 205 3520; x_wconf 85' lang='lat' dir='ltr'>inpiae</span> <span class='ocrx_word' id='word_1_278' title='bbox 221 3455 341 3519; x_wconf 87' lang='lat' dir='ltr'>poenas</span> <span class='ocrx_word' id='word_1_279' title='bbox 359 3444 515 3521; x_wconf 87' lang='lat' dir='ltr'>expetere,</span> <span class='ocrx_word' id='word_1_280' title='bbox 530 3456 594 3518; x_wconf 92' lang='lat' dir='ltr'>qua</span> <span class='ocrx_word' id='word_1_281' title='bbox 606 3455 641 3499; x_wconf 89' lang='lat' dir='ltr'>se</span> <span class='ocrx_word' id='word_1_282' title='bbox 654 3431 765 3497; x_wconf 88' lang='lat' dir='ltr'>urbem</span> <span class='ocrx_word' id='word_1_283' title='bbox 773 3431 950 3496; x_wconf 87' lang='lat' dir='ltr'>Romanam</span> <span class='ocrx_word' id='word_1_284' title='bbox 967 3451 1133 3517; x_wconf 81' lang='lat' dir='ltr'>oppugna-</span> 
     </span>
     <span class='ocr_line' id='line_1_35' title="bbox 95 3523 1182 3593; baseline -0.003 0"><span class='ocrx_word' id='word_1_285' title='bbox 95 3537 188 3593; x_wconf 87' lang='lat' dir='ltr'>turos</span> <span class='ocrx_word' id='word_1_286' title='bbox 214 3527 325 3592; x_wconf 89' lang='lat' dir='ltr'>minati</span> <span class='ocrx_word' id='word_1_287' title='bbox 351 3538 433 3593; x_wconf 90' lang='lat' dir='ltr'>sunt.</span> <span class='ocrx_word' id='word_1_288' title='bbox 481 3528 561 3593; x_wconf 85' lang='lat' dir='ltr'>baec</span> <span class='ocrx_word' id='word_1_289' title='bbox 587 3536 674 3592; x_wconf 88' lang='lat' dir='ltr'>tanta</span> <span class='ocrx_word' id='word_1_290' title='bbox 704 3535 777 3592; x_wconf 88' lang='lat' dir='ltr'>sunt</span> <span class='ocrx_word' id='word_1_291' title='bbox 806 3523 967 3590; x_wconf 87' lang='lat' dir='ltr'>alacritate</span> <span class='ocrx_word' id='word_1_292' title='bbox 996 3524 1131 3589; x_wconf 91' lang='lat' dir='ltr'>militum</span> <span class='ocrx_word' id='word_1_293' title='bbox 1151 3541 1182 3591; x_wconf 72' lang='lat' dir='ltr'>lt</span> 
     </span>
     <span class='ocr_line' id='line_1_36' title="bbox 95 3618 1132 3708; baseline -0.004 -20"><span class='ocrx_word' id='word_1_294' title='bbox 95 3621 222 3699; x_wconf 88' lang='lat' dir='ltr'>audita,</span> <span class='ocrx_word' id='word_1_295' title='bbox 245 3631 281 3687; x_wconf 90' lang='lat' dir='ltr'>ut</span> <span class='ocrx_word' id='word_1_296' title='bbox 303 3621 420 3688; x_wconf 88' lang='lat' dir='ltr'>clamor</span> <span class='ocrx_word' id='word_1_297' title='bbox 442 3646 500 3690; x_wconf 89' lang='lat' dir='ltr'>sua</span> <span class='ocrx_word' id='word_1_298' title='bbox 522 3631 633 3708; x_wconf 88' lang='lat' dir='ltr'>sponte</span> <span class='ocrx_word' id='word_1_299' title='bbox 650 3630 738 3686; x_wconf 90' lang='lat' dir='ltr'>ortus</span> <span class='ocrx_word' id='word_1_300' title='bbox 760 3620 939 3704; x_wconf 92' lang='lat' dir='ltr'>loquentem</span> <span class='ocrx_word' id='word_1_301' title='bbox 955 3618 1132 3705; x_wconf 75' lang='lat' dir='ltr'>interpella</span> 
     </span>
     <span class='ocr_line' id='line_1_37' title="bbox 96 3715 1131 3808; baseline -0.006 -25"><span class='ocrx_word' id='word_1_302' title='bbox 96 3715 182 3785; x_wconf 81' lang='lat' dir='ltr'>verit</span> <span class='ocrx_word' id='word_1_303' title='bbox 198 3716 322 3782; x_wconf 89' lang='lat' dir='ltr'>ducem.</span> <span class='ocrx_word' id='word_1_304' title='bbox 354 3725 427 3782; x_wconf 87' lang='lat' dir='ltr'>ante</span> <span class='ocrx_word' id='word_1_305' title='bbox 445 3716 620 3808; x_wconf 87' lang='lat' dir='ltr'>imperium,</span> <span class='ocrx_word' id='word_1_306' title='bbox 639 3724 711 3781; x_wconf 92' lang='lat' dir='ltr'>ante</span> <span class='ocrx_word' id='word_1_307' title='bbox 728 3724 916 3781; x_wconf 89' lang='lat' dir='ltr'>concentum</span> <span class='ocrx_word' id='word_1_308' title='bbox 934 3715 1080 3779; x_wconf 87' lang='lat' dir='ltr'>tubarum</span> <span class='ocrx_word' id='word_1_309' title='bbox 1094 3734 1131 3777; x_wconf 85' lang='lat' dir='ltr'>ac</span> 
     </span>
     <span class='ocr_line' id='line_1_38' title="bbox 95 3810 1185 3889; baseline -0.004 -13"><span class='ocrx_word' id='word_1_310' title='bbox 95 3832 256 3877; x_wconf 84' lang='lat' dir='ltr'>cernuum</span> <span class='ocrx_word' id='word_1_311' title='bbox 274 3834 369 3878; x_wconf 90' lang='lat' dir='ltr'>cursu</span> <span class='ocrx_word' id='word_1_312' title='bbox 386 3811 488 3876; x_wconf 85' lang='lat' dir='ltr'>effuso</span> <span class='ocrx_word' id='word_1_313' title='bbox 506 3811 539 3876; x_wconf 91' lang='lat' dir='ltr'>in</span> <span class='ocrx_word' id='word_1_314' title='bbox 556 3810 680 3876; x_wconf 91' lang='lat' dir='ltr'>hostem</span> <span class='ocrx_word' id='word_1_315' title='bbox 697 3810 849 3875; x_wconf 85' lang='lat' dir='ltr'>feruntur.</span> <span class='ocrx_word' id='word_1_316' title='bbox 885 3831 948 3875; x_wconf 90' lang='lat' dir='ltr'>non</span> <span class='ocrx_word' id='word_1_317' title='bbox 971 3817 1131 3889; x_wconf 90' lang='lat' dir='ltr'>tamquam</span> <span class='ocrx_word' id='word_1_318' title='bbox 1150 3824 1185 3872; x_wconf 72' lang='lat'>18</span> 
     </span>
     <span class='ocr_line' id='line_1_39' title="bbox 98 3898 1132 3987; baseline -0.006 -18"><span class='ocrx_word' id='word_1_319' title='bbox 98 3904 134 3969; x_wconf 90' lang='lat' dir='ltr'>in</span> <span class='ocrx_word' id='word_1_320' title='bbox 159 3903 247 3971; x_wconf 85' lang='lat' dir='ltr'>viros</span> <span class='ocrx_word' id='word_1_321' title='bbox 275 3916 329 3981; x_wconf 85' lang='lat' dir='ltr'>aut</span> <span class='ocrx_word' id='word_1_322' title='bbox 355 3915 492 3972; x_wconf 88' lang='lat' dir='ltr'>armatos</span> <span class='ocrx_word' id='word_1_323' title='bbox 518 3906 698 3971; x_wconf 86' lang='lat' dir='ltr'>incurrunt:</span> <span class='ocrx_word' id='word_1_324' title='bbox 734 3903 888 3969; x_wconf 89' lang='lat' dir='ltr'>mirabilia</span> <span class='ocrx_word' id='word_1_325' title='bbox 914 3901 1013 3977; x_wconf 88' lang='lat' dir='ltr'>dictu,</span> <span class='ocrx_word' id='word_1_326' title='bbox 1040 3898 1132 3987; x_wconf 85' lang='lat' dir='ltr'>signa</span> 
     </span>
     <span class='ocr_line' id='line_1_40' title="bbox 97 3991 1131 4088; baseline -0.011 -22"><span class='ocrx_word' id='word_1_327' title='bbox 97 3999 204 4085; x_wconf 82' lang='lat' dir='ltr'>primo</span> <span class='ocrx_word' id='word_1_328' title='bbox 222 4000 300 4087; x_wconf 90' lang='lat' dir='ltr'>eripi</span> <span class='ocrx_word' id='word_1_329' title='bbox 313 4011 425 4087; x_wconf 89' lang='lat' dir='ltr'>coepta</span> <span class='ocrx_word' id='word_1_330' title='bbox 442 4000 611 4088; x_wconf 80' lang='lat' dir='ltr'>signiferis,</span> <span class='ocrx_word' id='word_1_331' title='bbox 626 3999 738 4065; x_wconf 91' lang='lat' dir='ltr'>deinde</span> <span class='ocrx_word' id='word_1_332' title='bbox 756 3998 817 4083; x_wconf 87' lang='lat' dir='ltr'>ipsi</span> <span class='ocrx_word' id='word_1_333' title='bbox 835 3993 975 4081; x_wconf 85' lang='lat' dir='ltr'>signiferi</span> <span class='ocrx_word' id='word_1_334' title='bbox 993 3991 1074 4057; x_wconf 90' lang='lat' dir='ltr'>trahi</span> <span class='ocrx_word' id='word_1_335' title='bbox 1090 3991 1131 4057; x_wconf 90' lang='lat' dir='ltr'>ad</span> 
     </span>
    </p>
   </div>
   <div class='ocr_carea' id='block_1_4' title="bbox 1108 4124 1249 4302">
    <p class='ocr_par' dir='ltr' id='par_1_4' title="bbox 1108 4124 1249 4302">
     <span class='ocr_line' id='line_1_41' title="bbox 1108 4124 1249 4302; baseline 0.007 -55"><span class='ocrx_word' id='word_1_336' title='bbox 1108 4124 1249 4302; x_wconf 62' lang='lat' dir='ltr'>gf</span> 
     </span>
    </p>
   </div>
   <div class='ocr_carea' id='block_1_5' title="bbox 0 0 1288 4524">
    <p class='ocr_par' dir='ltr' id='par_1_5' title="bbox 0 0 1288 4524">
     <span class='ocr_line' id='line_1_42' title="bbox 0 0 1288 4524; baseline 0 1"><span class='ocrx_word' id='word_1_337' title='bbox 0 0 1288 4524; x_wconf 95' lang='lat' dir='ltr'> </span> 
     </span>
    </p>
   </div>
  </div>
 </body>
</html>
