2566 4524
286 258 406 315 LIBER
422 261 481 331 ΙΙΙ,
500 261 542 316 66.
557 262 598 317 67.
618 265 658 330 [a.
669 260 768 316 e447.
778 261 841 332 446]
1023 252 1086 319 187

77 429 140 485 retro
168 419 209 484 ad
236 416 428 483 Corbionem
458 417 583 504 agmine
609 419 686 497 iere,
716 417 883 501 Quinctius
910 421 1021 488 consul
1046 423 1088 489 ad

77 514 233 579 contionem
250 511 403 598 populum
420 513 554 577 vocavit.

122 606 267 673 LXVII.
293 606 345 671 Ibi
357 606 391 671 in
404 605 486 672 hano
499 607 685 689 sententiam
703 607 843 673 locutum
860 609 995 696 accipio:
1014 611 1087 677 ‘etsi
1107 632 1120 679 1

77 703 137 767 nihi
156 701 272 766 nullius
294 723 397 767 noxae
419 701 578 779 conscius,
603 700 756 784 Quirites,
779 725 863 781 sum,
887 712 993 771 tamen
1015 727 1087 773 cum

77 797 177 881 rudore
199 817 324 861 summo
346 795 380 858 in
402 794 580 860 contionem
601 806 739 861 vestram
760 797 909 882 processi.
945 798 1007 865 hoe
1028 820 1086 865 vos

77 891 152 969 aire,
169 890 231 955 hoc
247 888 381 974 posteris
400 889 569 955 memmiae
586 890 734 955 traditum
747 891 799 969 iri,
818 890 950 977 Aequos
965 902 996 961 et
1009 892 1088 959 Vol·

78 1007 141 1063 cos,
161 984 216 1048 vix
228 982 377 1047 Hernicis
394 983 488 1047 modo
505 1005 612 1068 pares,
632 983 672 1048 T.
686 982 835 1066 Quinctio
849 997 995 1070 quartum
1012 1009 1087 1052 con·

77 1079 125 1144 ule
150 1078 193 1142 ad
217 1077 342 1142 moenia
366 1076 453 1142 urbis
479 1075 602 1143 Romae
632 1077 749 1163 inpune
783 1088 919 1146 armatos
945 1080 1085 1145 venissel

77 1195 136 1239 ano
154 1195 214 1258 ego
232 1171 688 1257 ignominiamss-quamquam
705 1172 768 1236 iam
787 1173 903 1239 diuite
915 1174 1039 1251 vivitur,
1058 1174 1086 1240 is
1105 1195 1119 1242 2

77 1279 158 1334 tatus
174 1291 280 1333 rerum
298 1276 359 1345 est,
387 1277 423 1331 ut
444 1266 522 1332 nihil
540 1267 616 1333 boni
633 1268 751 1332 divinet
768 1268 892 1333 ammos
910 1307 952 1318 -—
971 1269 998 1333 si
1014 1268 1088 1334 huic

77 1363 255 1428 otissimum
276 1361 439 1426 imminere
461 1384 543 1426 anno
562 1361 707 1440 scissem,
730 1362 781 1427 vel
798 1362 891 1429 exilio
908 1363 960 1427 vel
977 1372 1085 1441 morte,

77 1457 83 1522 ἰ
100 1457 162 1521 alia
180 1457 258 1542 fuga
274 1455 402 1520 honoris
416 1478 480 1520 non
493 1466 591 1534 esset,
610 1457 769 1522 vitassem.
797 1480 873 1544 ergo
887 1458 915 1522 si
927 1458 986 1522 viri
999 1481 1088 1522 arma
1105 1479 1120 1526 s

77 1552 113 1616 la
124 1550 322 1628 habuissent,
340 1572 421 1634 quae
434 1550 468 1614 in
481 1551 578 1637 portis
592 1551 679 1616 fuere
692 1552 822 1630 nostris,
841 1553 911 1638 capi
919 1552 1023 1619 Roma
1035 1574 1086 1617 me

77 1645 187 1711 onsule
202 1645 324 1731 potuit?
350 1645 425 1710 satis
442 1644 612 1724 honorum,
636 1647 712 1711 satis
732 1669 886 1733 superque
904 1646 987 1712 vitae
1005 1657 1086 1726 erat3

77 1740 133 1806 »ori
151 1738 313 1804 consulem
331 1739 456 1803 tertium
470 1741 615 1825 oportuit.
643 1762 737 1825 quem
750 1742 877 1806 tandem
891 1741 1088 1827 ignavissimi
1105 1761 1121 1806 4

77 1835 195 1900 ostium
217 1833 451 1919 contempsere?
475 1857 534 1900 nos
557 1835 701 1900 consules
720 1860 760 1901 an
777 1859 849 1914 vos,
874 1834 1033 1918 Quirites?
1060 1837 1088 1900 si

77 1928 149 2015 nlpa
165 1929 200 1992 in
217 1927 308 1993 nobis
328 1937 389 2006 est,
408 1927 528 1994 auferte
546 1930 712 2016 imperium
729 1931 866 2018 indignis
881 1940 925 2010 et,
945 1931 973 1996 si
985 1931 1018 1997 id
1030 1954 1087 2016 pa-

77 2046 130 2086 um
146 2033 206 2101 est,
224 2023 353 2108 insuper
368 2045 487 2108 poenas
506 2027 655 2111 expetite:
679 2026 706 2091 si
723 2027 756 2091 in
773 2027 879 2104 vobis,
901 2049 994 2092 nemo
1013 2027 1087 2093 deo-
1105 2045 1120 2092 a

77 2140 132 2180 um
147 2139 204 2182 nec
215 2117 379 2182 hominum
392 2118 446 2196 sit,
464 2119 520 2202 qui
531 2130 637 2184 vestra
649 2121 760 2206 puniat
771 2131 914 2207 peccata,
935 2119 1085 2203 Quirites,

77 2221 182 2277 'osmet
194 2222 315 2277 tantum
328 2235 436 2278 eorum
448 2215 616 2299 paeniteat.
642 2237 706 2280 non
719 2216 765 2280 illi
776 2225 912 2280 vestram
926 2216 1086 2302 ignaviam

78 2317 275 2393 cntempsere
297 2329 356 2372 neo
378 2329 454 2372 suae
475 2308 583 2372 virtuti
601 2309 711 2374 confisi
730 2319 815 2387 sunt,
839 2310 955 2394 quippe
973 2310 1086 2374 totiens

77 2401 122 2466 'usi
147 2401 325 2488 fugatique,
358 2402 466 2467 castris
494 2402 594 2480 exuti,
625 2425 702 2489 agro
728 2403 864 2479 multati,
892 2402 951 2467 sub
977 2403 1086 2489 iugum

77 2495 159 2575 nissi,
188 2507 220 2560 et
243 2519 277 2561 se
300 2506 332 2562 et
351 2519 409 2562 vos
431 2521 557 2563 novere.
594 2497 750 2562 discordia
767 2497 911 2563 ordinum
929 2506 977 2562 est
995 2516 1121 2564 vene-e

77 2612 132 2655 rum
149 2590 238 2656 urbis
256 2592 365 2670 huius,
388 2603 512 2678 paturm
535 2614 572 2657 ac
593 2591 695 2679 plebis
719 2592 896 2657 certamina.
932 2592 1008 2655 dum
1030 2613 1089 2656 nec

77 2684 148 2750 robis
165 2686 290 2773 imperii
307 2710 366 2754 neo
383 2687 473 2753 vobis
491 2688 643 2753 libertatis
663 2697 710 2754 est
732 2689 858 2766 modus,
885 2689 961 2752 dum
984 2687 1088 2751 taedet

77 2802 116 2845 us
131 2781 349 2868 patriciorum,
372 2781 429 2847 hos
446 2781 642 2868 plebeiorum
659 2784 913 2870 magistratuum,
934 2782 1087 2847 sustulere

77 2875 106 2941 lli
126 2879 257 2944 animos.
292 2902 349 2964 pro
372 2879 466 2943 deum
487 2878 582 2943 fidem
603 2879 681 2963 quid
697 2878 788 2944 vobis
806 2879 920 2944 vultis?
945 2876 1087 2942 tribunos
1107 2897 1121 2942 t

77 2970 160 3038 debis
178 2973 384 3060 concupistis:
403 2973 588 3038 concordiae
606 2996 703 3038 causa
715 2973 944 3051 concessimus3
963 2972 1088 3036 decern-

77 3065 146 3131 droa
162 3067 375 3134 desiderastis:
398 3067 498 3133 creari
515 3067 602 3154 passi
619 3091 744 3146 sumus3
767 3067 1013 3131 decemvirorum
1030 3087 1088 3128 vos

77 3169 235 3227 ›ertaesum
258 3173 320 3229 est:
351 3163 512 3250 coegimus
539 3162 625 3227 abire
650 3163 845 3248 magistratu.
885 3168 1029 3223 manente
1056 3158 1122 3224 ine

77 3255 188 3320 eedem
204 3257 344 3343 privatos
361 3257 410 3322 ira
426 3267 545 3333 vestra,
568 3257 648 3322 mori
666 3267 759 3341 atque
783 3254 909 3318 exulare
931 3250 1089 3316 nobilissi-

77 3371 127 3417 ncs
145 3351 229 3416 viros
251 3352 573 3435 honoratissimosque
594 3352 682 3438 passi
704 3372 823 3415 sumus.
859 3346 1001 3412 tribunos
1023 3344 1089 3431 ple-
1107 3362 1122 3410 9

77 3444 107 3509 is
137 3468 245 3511 creare
274 3447 389 3512 itemm
419 3447 583 3512 voluistis:
624 3446 763 3511 creastis.
809 3443 954 3508 consules
986 3441 1089 3505 facere

77 3550 234 3604 'estrerum
265 3541 420 3627 partium,
457 3541 516 3606 etsi
546 3540 689 3627 patribus
722 3538 904 3603 videbamus
936 3536 1088 3618 iniquum,

77 3635 223 3701 siricium
242 3656 367 3720 quoque
385 3636 603 3722 magistratum
619 3634 706 3720 plebi
723 3634 841 3697 donum
859 3631 926 3695 fieri
944 3630 1088 3694 vidimus.

77 3726 211 3795 uxilium
237 3728 451 3808 tribunicium,
478 3729 732 3815 provocationem
755 3727 796 3791 ad
818 3725 983 3810 populum,
1012 3722 1090 3787 scita

77 3822 159 3888 lebis
181 3822 323 3889 iniuncta
344 3824 500 3910 patribus,
529 3823 587 3889 sub
611 3822 701 3887 titulo
723 3821 957 3905 aequandarum
982 3817 1089 3902 legum
1152 3818 1155 3829 ”

77 3928 164 3983 ostra
190 3917 260 3982 iura
286 3941 437 4004 oppressa
461 3918 589 3982 tulimus
616 3927 648 3982 et
673 3916 813 3981 ferimus.
854 3914 909 3998 qui
934 3912 1004 3976 finis
1031 3908 1088 3971 erit
1108 3926 1140 3974 10

77 4011 305 4078 isocrdiarum?
330 4014 494 4097 ecquando
516 4036 612 4077 unam
635 4011 745 4076 urbem
767 4009 896 4085 habere,
925 4001 1087 4088 ecquando
