2566 4524
463 217 582 274 nrsnn
594 219 618 290 1,
637 219 662 274 5.
676 221 702 274 o.
1074 211 1095 276 9

61 380 94 444 vi
115 399 150 443 se
175 376 382 455 defendisset,
408 376 546 442 Remum
568 376 703 463 cepisse,
732 386 858 462 captum
879 379 947 465 regi
964 378 1094 448 Amulio

63 471 232 537 tradidisse
257 470 341 536 ultro
367 479 561 535 accusantes.
606 471 727 535 crimini
753 471 890 536 maxime
916 472 1033 539 dabant
1062 475 1129 541 in4

62 565 236 634 Numitoris
263 588 357 651 agros
379 564 420 630 ab
441 565 480 630 iis
506 565 660 650 impetum
681 565 761 643 fieri,
789 566 862 631 inde
889 589 943 632 eos
966 569 1095 635 collecta

63 661 214 725 iuvenum
231 682 328 724 manu
344 658 490 724 hostilem
507 659 541 723 in
557 661 686 725 modum
704 661 837 746 praedas
855 683 959 748 agere.
991 663 1037 729 sic
1055 665 1096 729 ad

64 754 254 841 supplicium
271 752 428 819 Numitori
445 753 566 820 Remus
585 755 717 820 deditur.

126 849 199 914 Iam
220 849 294 914 inde
312 848 353 914 ab
375 848 465 914 initio
481 848 636 915 Faustulo
655 872 728 936 spes
746 850 863 929 fuerat,
886 853 1006 938 regiam
1025 854 1129 919 sur-s

60 966 135 1032 pem
153 943 241 1029 apud
258 964 293 1008 se
310 942 446 1021 educari,
465 966 539 1008 nam
557 954 588 1008 et
606 944 765 1030 expositos
782 945 873 1010 iussu
889 947 974 1032 regis
991 947 1096 1013 infan-

60 1049 108 1103 tes
138 1036 259 1102 sciebat
285 1046 316 1101 et
342 1045 481 1122 tempus,
508 1059 573 1122 quo
598 1038 667 1122 ipse
694 1055 748 1104 eos
776 1039 969 1118 sustulisset,
996 1041 1038 1106 ad
1061 1042 1095 1106 id

60 1134 167 1220 ipsum
186 1153 373 1218 congruere,
401 1132 459 1197 sed
481 1153 549 1197 rem
571 1131 759 1198 inmaturam
776 1134 838 1199 nisi
857 1143 914 1222 ,aut
931 1156 988 1219 per
1004 1157 1096 1201 occa

61 1228 183 1292 sionem
202 1235 256 1290 ant
277 1248 334 1311 per
354 1226 573 1291 necessitatem
596 1228 709 1313 aperiri
730 1227 881 1292 noluerat.
922 1230 1094 1295 necessitas
1113 1251 1128 1297 s

60 1322 147 1407 prior
164 1319 260 1385 venit.
295 1320 340 1385 ita
356 1328 444 1384 metu
461 1319 611 1385 subactus
629 1321 766 1386 Romulo
783 1344 851 1386 rem
869 1322 977 1408 aperit.
1013 1322 1095 1391 forte

62 1425 93 1481 et
104 1413 273 1492 Numitori,
293 1436 365 1479 cum
381 1414 415 1477 in
437 1415 580 1480 custodia
591 1414 729 1481 Remum
746 1415 876 1481 haberet
893 1417 1095 1501 audissetque

64 1508 208 1595 geminos
235 1529 306 1573 esse
332 1507 459 1586 fratres,
487 1511 698 1594 comparando
724 1520 755 1575 et
777 1520 910 1575 aetatem
933 1533 1041 1576 eorum
1063 1521 1095 1578 et

61 1603 165 1689 ipsam
177 1603 307 1667 minime
321 1603 466 1668 servilem
477 1603 616 1669 indolem
629 1604 774 1691 tetigerat
786 1605 926 1669 animum
943 1605 1095 1672 memoria

62 1707 214 1785 nepotum
237 1698 487 1782 sciscitandoque
510 1700 620 1765 eodem
641 1699 797 1786 pervenit,
824 1708 860 1764 ut
880 1700 958 1764 haut
983 1701 1095 1785 procul

63 1803 157 1869 esset,
176 1792 254 1874 quin
270 1791 407 1857 Remum
424 1802 618 1879 agnosceret.
1121 1851 1123 1857 .

124 1886 178 1950 Ita
199 1885 337 1971 undique
359 1886 427 1974 regi
449 1886 540 1952 dolus
566 1887 709 1952 nectitur.
750 1886 904 1953 Romulus
931 1909 996 1953 non
1022 1909 1126 1955 cumr

63 1979 159 2066 globo
171 1980 432 2045 iuvenum—nec
442 1981 525 2055 enim
537 1990 603 2046 erat
616 1981 656 2046 ad
670 1992 811 2067 apertam
825 1983 889 2046 vim
903 2004 1017 2067 par—,
1038 1982 1094 2047 sed

63 2074 134 2139 aliis
157 2075 219 2138 alio
240 2075 351 2139 itinere
372 2075 468 2141 iussis
496 2084 580 2141 certo
606 2086 746 2161 tempore
774 2078 815 2141 ad
841 2077 961 2164 regiam
986 2077 1093 2142 venire

60 2168 241 2255 pastoribus
260 2170 301 2234 ad
317 2160 426 2256 regem
442 2171 595 2256 impetum
617 2171 693 2235 facit
715 2180 746 2235 et
769 2195 788 2235 a
809 2172 903 2237 domo
920 2171 1092 2237 Numitoris

62 2263 123 2329 alia
131 2272 313 2348 comparata
322 2285 419 2328 manu
427 2265 554 2329 adiuvat
563 2264 693 2330 Remus.
719 2265 764 2329 ita
776 2288 884 2352 regem
897 2265 1092 2331 obtruncant.

124 2357 186 2423 Vl.
221 2356 367 2423 Numitor
382 2358 464 2423 inter
480 2357 616 2443 primum
634 2358 804 2423 tumultum
821 2360 921 2425 hostis
939 2359 1093 2424 invasisse
1113 2379 1125 2424 1

62 2451 173 2517 urbem
191 2460 286 2534 atque
303 2452 429 2517 adortos
446 2452 567 2539 regiam
585 2453 745 2530 dictitans,
770 2474 842 2516 cum
859 2452 976 2538 pubem
993 2446 1094 2517 ¹Alba·

60 2569 133 2610 nam
156 2547 191 2610 in
214 2567 318 2610 arcem
338 2546 495 2632 praesidio
517 2546 675 2630 minisque
697 2546 898 2612 obtinendam
919 2555 1091 2623 avocasset,

61 2649 231 2726 postquam
252 2640 382 2705 iuvenes
404 2649 583 2726 perpetrata
604 2640 700 2706 caede
722 2663 853 2727 pergere
875 2641 916 2705 ad
934 2662 968 2707 se
986 2649 1092 2726 gratu·

60 2735 161 2802 lantes
174 2735 264 2812 vidit,
283 2734 440 2822 extemplo
453 2735 605 2800 advocato
620 2735 751 2800 concilio
766 2734 869 2800 scelus
882 2735 915 2799 in
929 2757 964 2800 se
977 2735 1091 2812 fratris,

62 2829 215 2916 originem
228 2839 392 2915 nepotum,
410 2838 446 2894 ut
458 2829 570 2916 geniti,
589 2839 625 2893 ut
640 2830 777 2908 educati,
797 2839 833 2894 ut
846 2829 962 2916 cogniti
977 2839 1091 2907 essent,

10 2934 18 2977 ι’
62 2925 191 2991 caedem
218 2925 366 3012 deinceps
392 2925 517 3012 tyranni
544 2947 641 3010 seque
668 2925 734 2991 eius
761 2934 920 2990 auctorem
947 2924 1091 2990 ostendit.

10 3058 28 3087 ι,
60 3019 192 3084 iuvenes
209 3040 266 3105 per
282 3020 419 3085 mediam
433 3019 611 3086 contionem
625 3021 750 3107 agmine
763 3019 898 3106 ingressi
912 3041 984 3087 cum
998 3041 1092 3083 avum
1110 3037 1126 3082 a

60 3135 170 3200 regem
192 3113 395 3193 salutassent,
424 3123 531 3179 secuta
559 3136 599 3179 ex
626 3114 711 3178 omni
737 3112 935 3177 multitudine
962 3133 1093 3176 consen-

25 3211 28 3218 '
61 3207 140 3273 tiens
160 3230 223 3273 vox
240 3217 343 3273 ratum
360 3231 476 3274 nomen
494 3207 723 3294 imperiumque
740 3207 808 3293 regi
826 3205 932 3270 efficit.

122 3305 177 3369 Ita
193 3303 350 3370 Numitori
370 3303 498 3369 Albana
519 3325 554 3368 re
576 3303 730 3388 permissa
750 3300 923 3367 Romulum
939 3300 1092 3365 Remum·
1109 3322 1124 3368 3

62 3419 121 3480 que
138 3399 256 3485 cupido
274 3398 357 3485 cepit
372 3398 406 3465 in
422 3399 462 3487 iis
479 3397 571 3475 locis,
599 3397 655 3462 ubi
677 3396 812 3482 expositi
829 3395 946 3479 ubique
969 3394 1092 3460 educati

63 3503 160 3572 erant,
189 3492 277 3561 urbis
300 3493 490 3559 condendae.
530 3501 562 3558 et
583 3500 744 3576 supererat
765 3490 932 3555 multitudo
949 3488 1092 3554 Albano-

59 3609 128 3652 rum
149 3589 417 3673 Latinorumque,
445 3587 485 3654 ad
511 3587 545 3651 id
566 3596 709 3671 pastores
732 3608 857 3670 quoque
885 3593 1090 3661 accesserant,

58 3682 111 3765 qui
129 3705 243 3748 omnes
260 3680 353 3748 facile
372 3704 461 3768 spem
477 3682 629 3759 facerent,
652 3702 783 3767 parvam
799 3678 932 3756 Albam,
959 3701 1090 3762 parvum

57 3773 231 3841 Lavinium
248 3799 325 3862 prae
343 3776 485 3854 cambe,
503 3797 585 3860 quae
603 3774 796 3851 conderetur,
815 3773 893 3839 fore.
924 3772 1091 3837 intervenit
1108 3791 1125 3836 4

57 3868 170 3936 deinde
196 3869 248 3936 his
276 3869 517 3958 cogitationibus
545 3869 664 3934 avitum
690 3867 823 3946 malum,
848 3866 939 3954 regni
966 3864 1090 3948 cupido,

58 3973 152 4048 atque
168 3964 244 4031 inde
262 3962 392 4031 foedum
410 3975 568 4031 certamen
589 3973 730 4029 coortum
753 3986 771 4027 a
790 3961 866 4027 satis
888 3959 956 4025 miti
977 3957 1092 4043 princi-
