<?xml version="1.0" encoding="UTF-8"?>
<!DOCTYPE html PUBLIC "-//W3C//DTD XHTML 1.0 Transitional//EN"
    "http://www.w3.org/TR/xhtml1/DTD/xhtml1-transitional.dtd">
<html xmlns="http://www.w3.org/1999/xhtml" xml:lang="en" lang="en">
 <head>
  <title>
</title>
<meta http-equiv="Content-Type" content="text/html;charset=utf-8" />
  <meta name='ocr-system' content='tesseract 3.04.00' />
  <meta name='ocr-capabilities' content='ocr_page ocr_carea ocr_par ocr_line ocrx_word'/>
</head>
<body>
  <div class='ocr_page' id='page_1' title='image "./titiliviaburbec01weisgoog_0345.png"; bbox 0 0 2566 4524; ppageno 0'>
   <div class='ocr_carea' id='block_1_1' title="bbox 71 234 954 317">
    <p class='ocr_par' dir='ltr' id='par_1_1' title="bbox 71 234 954 317">
     <span class='ocr_line' id='line_1_1' title="bbox 71 234 954 317; baseline -0.001 -16"><span class='ocrx_word' id='word_1_1' title='bbox 71 272 76 281; x_wconf 85' lang='lat'><strong>·</strong></span> <span class='ocrx_word' id='word_1_2' title='bbox 170 234 234 301; x_wconf 79' lang='lat'><strong>258</strong></span> <span class='ocrx_word' id='word_1_3' title='bbox 423 246 542 302; x_wconf 83' lang='grc'><strong>11111</strong></span> <span class='ocrx_word' id='word_1_4' title='bbox 559 248 595 317; x_wconf 88' lang='lat' dir='ltr'><strong>v,</strong></span> <span class='ocrx_word' id='word_1_5' title='bbox 615 247 677 301; x_wconf 86' lang='grc'><strong>11.</strong></span> <span class='ocrx_word' id='word_1_6' title='bbox 697 250 735 315; x_wconf 74' lang='lat' dir='ltr'><strong>[a.</strong></span> <span class='ocrx_word' id='word_1_7' title='bbox 744 263 771 300; x_wconf 82' lang='lat' dir='ltr'><strong>u.</strong></span> <span class='ocrx_word' id='word_1_8' title='bbox 782 262 805 301; x_wconf 73' lang='lat' dir='ltr'><strong>e.</strong></span> <span class='ocrx_word' id='word_1_9' title='bbox 814 244 876 300; x_wconf 82' lang='grc'><strong>111.</strong></span> <span class='ocrx_word' id='word_1_10' title='bbox 888 244 954 311; x_wconf 79' lang='grc'><strong>111]</strong></span> 
     </span>
    </p>
   </div>
   <div class='ocr_carea' id='block_1_2' title="bbox 119 400 1188 962">
    <p class='ocr_par' dir='ltr' id='par_1_2' title="bbox 119 400 1187 680">
     <span class='ocr_line' id='line_1_2' title="bbox 119 400 1187 493; baseline -0.006 -18"><span class='ocrx_word' id='word_1_11' title='bbox 119 426 153 477; x_wconf 90' lang='grc'><strong>11</strong></span> <span class='ocrx_word' id='word_1_12' title='bbox 169 406 276 493; x_wconf 90' lang='lat' dir='ltr'><strong>ipsum</strong></span> <span class='ocrx_word' id='word_1_13' title='bbox 293 406 390 472; x_wconf 90' lang='lat' dir='ltr'><strong>vincit</strong></span> <span class='ocrx_word' id='word_1_14' title='bbox 407 417 501 490; x_wconf 89' lang='lat' dir='ltr'><strong>atque</strong></span> <span class='ocrx_word' id='word_1_15' title='bbox 516 413 690 492; x_wconf 77' lang='lat' dir='ltr'><strong>expugnat,</strong></span> <span class='ocrx_word' id='word_1_16' title='bbox 709 404 791 470; x_wconf 90' lang='lat' dir='ltr'><strong>sicut</strong></span> <span class='ocrx_word' id='word_1_17' title='bbox 802 402 902 468; x_wconf 90' lang='lat' dir='ltr'><strong>Veios</strong></span> <span class='ocrx_word' id='word_1_18' title='bbox 916 400 1125 489; x_wconf 78' lang='lat' dir='ltr'><strong>expugnabit,</strong></span> <span class='ocrx_word' id='word_1_19' title='bbox 1141 402 1187 469; x_wconf 87' lang='lat' dir='ltr'><strong>nisi</strong></span> 
     </span>
     <span class='ocr_line' id='line_1_3' title="bbox 171 497 1187 585; baseline -0.006 -18"><span class='ocrx_word' id='word_1_20' title='bbox 171 501 287 567; x_wconf 88' lang='lat' dir='ltr'><strong>auxilio</strong></span> <span class='ocrx_word' id='word_1_21' title='bbox 305 500 449 566; x_wconf 86' lang='lat' dir='ltr'>hostibus</span> <span class='ocrx_word' id='word_1_22' title='bbox 468 500 584 565; x_wconf 90' lang='lat' dir='ltr'><strong>tribuni</strong></span> <span class='ocrx_word' id='word_1_23' title='bbox 601 499 702 585; x_wconf 90' lang='lat' dir='ltr'><strong>plebis</strong></span> <span class='ocrx_word' id='word_1_24' title='bbox 717 499 834 565; x_wconf 84' lang='lat' dir='ltr'><strong>fuerint</strong></span> <span class='ocrx_word' id='word_1_25' title='bbox 845 509 877 562; x_wconf 86' lang='lat' dir='ltr'><strong>ct</strong></span> <span class='ocrx_word' id='word_1_26' title='bbox 889 498 1013 563; x_wconf 88' lang='lat' dir='ltr'><strong>Romae</strong></span> <span class='ocrx_word' id='word_1_27' title='bbox 1030 497 1187 564; x_wconf 86' lang='lat' dir='ltr'><strong>invenerint</strong></span> 
     </span>
     <span class='ocr_line' id='line_1_4' title="bbox 170 591 1187 680; baseline -0.003 -20"><span class='ocrx_word' id='word_1_28' title='bbox 170 595 328 680; x_wconf 91' lang='lat' dir='ltr'><strong>praesidia</strong></span> <span class='ocrx_word' id='word_1_29' title='bbox 344 594 509 671; x_wconf 89' lang='lat' dir='ltr'><strong>Veientes,</strong></span> <span class='ocrx_word' id='word_1_30' title='bbox 533 615 613 677; x_wconf 90' lang='lat' dir='ltr'><strong>quae</strong></span> <span class='ocrx_word' id='word_1_31' title='bbox 631 594 823 678; x_wconf 81' lang='lat' dir='ltr'><strong>nequiquam</strong></span> <span class='ocrx_word' id='word_1_32' title='bbox 839 593 873 657; x_wconf 93' lang='lat' dir='ltr'><strong>in</strong></span> <span class='ocrx_word' id='word_1_33' title='bbox 889 591 1020 657; x_wconf 78' lang='lat' dir='ltr'><strong>Etruria</strong></span> <span class='ocrx_word' id='word_1_34' title='bbox 1041 600 1187 676; x_wconf 90' lang='lat' dir='ltr'><strong>quaerunt.</strong></span> 
     </span>
    </p>

    <p class='ocr_par' dir='ltr' id='par_1_3' title="bbox 121 686 1188 868">
     <span class='ocr_line' id='line_1_5' title="bbox 121 686 1188 772; baseline -0.007 -15"><span class='ocrx_word' id='word_1_35' title='bbox 121 710 213 757; x_wconf 89' lang='lat' dir='ltr'><strong>11an</strong></span> <span class='ocrx_word' id='word_1_36' title='bbox 234 699 283 754; x_wconf 90' lang='lat' dir='ltr'><strong>est</strong></span> <span class='ocrx_word' id='word_1_37' title='bbox 305 689 488 772; x_wconf 87' lang='lat' dir='ltr'><strong>quicquam,</strong></span> <span class='ocrx_word' id='word_1_38' title='bbox 515 688 601 770; x_wconf 93' lang='lat' dir='ltr'><strong>quod</strong></span> <span class='ocrx_word' id='word_1_39' title='bbox 621 686 808 753; x_wconf 82' lang='lat' dir='ltr'><strong>Veientibus</strong></span> <span class='ocrx_word' id='word_1_40' title='bbox 834 696 978 772; x_wconf 88' lang='lat' dir='ltr'><strong>optatum</strong></span> <span class='ocrx_word' id='word_1_41' title='bbox 1004 708 1106 771; x_wconf 87' lang='lat' dir='ltr'><strong>aeque</strong></span> <span class='ocrx_word' id='word_1_42' title='bbox 1130 708 1188 751; x_wconf 88' lang='lat' dir='ltr'><strong>con·</strong></span> 
     </span>
     <span class='ocr_line' id='line_1_6' title="bbox 173 780 1186 868; baseline 0.002 -23"><span class='ocrx_word' id='word_1_43' title='bbox 173 782 293 868; x_wconf 87' lang='lat' dir='ltr'><strong>tingere</strong></span> <span class='ocrx_word' id='word_1_44' title='bbox 305 783 420 868; x_wconf 89' lang='lat' dir='ltr'><strong>possit,</strong></span> <span class='ocrx_word' id='word_1_45' title='bbox 440 804 534 865; x_wconf 88' lang='lat' dir='ltr'><strong>quam</strong></span> <span class='ocrx_word' id='word_1_46' title='bbox 548 790 583 845; x_wconf 92' lang='lat' dir='ltr'><strong>ut</strong></span> <span class='ocrx_word' id='word_1_47' title='bbox 597 781 801 847; x_wconf 82' lang='lat' dir='ltr'><strong>seditionibus</strong></span> <span class='ocrx_word' id='word_1_48' title='bbox 814 781 951 866; x_wconf 89' lang='lat' dir='ltr'><strong>primurn</strong></span> <span class='ocrx_word' id='word_1_49' title='bbox 962 781 1041 847; x_wconf 90' lang='lat' dir='ltr'><strong>urbs</strong></span> <span class='ocrx_word' id='word_1_50' title='bbox 1050 780 1186 857; x_wconf 85' lang='lat' dir='ltr'><strong>Romana,</strong></span> 
     </span>
    </p>

    <p class='ocr_par' dir='ltr' id='par_1_4' title="bbox 122 873 1188 962">
     <span class='ocr_line' id='line_1_7' title="bbox 122 873 1188 962; baseline -0.005 -18"><span class='ocrx_word' id='word_1_51' title='bbox 122 894 154 944; x_wconf 83' lang='lat'><strong>12</strong></span> <span class='ocrx_word' id='word_1_52' title='bbox 173 876 287 941; x_wconf 91' lang='lat' dir='ltr'><strong>deinde</strong></span> <span class='ocrx_word' id='word_1_53' title='bbox 305 876 392 941; x_wconf 89' lang='lat' dir='ltr'><strong>velut</strong></span> <span class='ocrx_word' id='word_1_54' title='bbox 409 898 450 940; x_wconf 87' lang='lat' dir='ltr'><strong>ex</strong></span> <span class='ocrx_word' id='word_1_55' title='bbox 467 875 653 962; x_wconf 79' lang='lat' dir='ltr'><strong>contagione</strong></span> <span class='ocrx_word' id='word_1_56' title='bbox 675 884 777 941; x_wconf 88' lang='lat' dir='ltr'><strong>castra</strong></span> <span class='ocrx_word' id='word_1_57' title='bbox 798 874 1007 960; x_wconf 82' lang='lat' dir='ltr'><strong>impleantur?</strong></span> <span class='ocrx_word' id='word_1_58' title='bbox 1030 884 1065 940; x_wconf 88' lang='lat' dir='ltr'><strong>at</strong></span> <span class='ocrx_word' id='word_1_59' title='bbox 1081 873 1188 940; x_wconf 82' lang='lat' dir='ltr'><strong>hercule</strong></span> 
     </span>
    </p>
   </div>
   <div class='ocr_carea' id='block_1_3' title="bbox 121 968 1225 1338">
    <p class='ocr_par' dir='ltr' id='par_1_5' title="bbox 121 968 1225 1338">
     <span class='ocr_line' id='line_1_8' title="bbox 172 968 1225 1056; baseline 0.001 -22"><span class='ocrx_word' id='word_1_60' title='bbox 172 979 249 1056; x_wconf 86' lang='lat' dir='ltr'><strong>aput</strong></span> <span class='ocrx_word' id='word_1_61' title='bbox 270 970 370 1036; x_wconf 89' lang='lat' dir='ltr'><strong>hostis</strong></span> <span class='ocrx_word' id='word_1_62' title='bbox 393 979 480 1034; x_wconf 90' lang='lat' dir='ltr'><strong>tanta</strong></span> <span class='ocrx_word' id='word_1_63' title='bbox 502 970 656 1034; x_wconf 89' lang='lat' dir='ltr'><strong>modestia</strong></span> <span class='ocrx_word' id='word_1_64' title='bbox 678 979 741 1046; x_wconf 88' lang='lat' dir='ltr'><strong>est,</strong></span> <span class='ocrx_word' id='word_1_65' title='bbox 764 983 879 1034; x_wconf 92' lang='lat' dir='ltr'><strong>utnon</strong></span> <span class='ocrx_word' id='word_1_66' title='bbox 897 968 1074 1035; x_wconf 80' lang='lat' dir='ltr'><strong>obsidionis</strong></span> <span class='ocrx_word' id='word_1_67' title='bbox 1092 969 1185 1045; x_wconf 83' lang='lat' dir='ltr'><strong>taedio,</strong></span> <span class='ocrx_word' id='word_1_68' title='bbox 1223 998 1225 1005; x_wconf 94' lang='lat'>·</span> 
     </span>
     <span class='ocr_line' id='line_1_9' title="bbox 170 1064 1225 1150; baseline 0 -23"><span class='ocrx_word' id='word_1_69' title='bbox 170 1086 236 1129; x_wconf 92' lang='lat' dir='ltr'><strong>non</strong></span> <span class='ocrx_word' id='word_1_70' title='bbox 257 1064 391 1147; x_wconf 90' lang='lat' dir='ltr'><strong>denique</strong></span> <span class='ocrx_word' id='word_1_71' title='bbox 412 1065 503 1150; x_wconf 92' lang='lat' dir='ltr'><strong>regni</strong></span> <span class='ocrx_word' id='word_1_72' title='bbox 525 1064 693 1148; x_wconf 90' lang='lat' dir='ltr'><strong>quicquam</strong></span> <span class='ocrx_word' id='word_1_73' title='bbox 715 1074 790 1149; x_wconf 88' lang='lat' dir='ltr'><strong>aput</strong></span> <span class='ocrx_word' id='word_1_74' title='bbox 812 1084 867 1128; x_wconf 89' lang='lat' dir='ltr'><strong>eos</strong></span> <span class='ocrx_word' id='word_1_75' title='bbox 889 1072 1043 1128; x_wconf 87' lang='lat' dir='ltr'><strong>novatum</strong></span> <span class='ocrx_word' id='word_1_76' title='bbox 1066 1064 1119 1142; x_wconf 88' lang='lat' dir='ltr'><strong>sit,</strong></span> <span class='ocrx_word' id='word_1_77' title='bbox 1137 1084 1185 1127; x_wconf 93' lang='lat' dir='ltr'><strong>non</strong></span> <span class='ocrx_word' id='word_1_78' title='bbox 1223 1086 1225 1091; x_wconf 93' lang='lat'>·</span> 
     </span>
     <span class='ocr_line' id='line_1_10' title="bbox 121 1157 1225 1245; baseline -0.007 -20"><span class='ocrx_word' id='word_1_79' title='bbox 121 1177 154 1225; x_wconf 88' lang='grc'><strong>11</strong></span> <span class='ocrx_word' id='word_1_80' title='bbox 171 1169 287 1245; x_wconf 89' lang='lat' dir='ltr'><strong>negata</strong></span> <span class='ocrx_word' id='word_1_81' title='bbox 309 1158 427 1224; x_wconf 84' lang='lat' dir='ltr'><strong>auxilia</strong></span> <span class='ocrx_word' id='word_1_82' title='bbox 448 1158 488 1224; x_wconf 91' lang='lat' dir='ltr'><strong>ab</strong></span> <span class='ocrx_word' id='word_1_83' title='bbox 506 1158 651 1223; x_wconf 83' lang='lat' dir='ltr'><strong>Etruscis</strong></span> <span class='ocrx_word' id='word_1_84' title='bbox 675 1158 868 1223; x_wconf 87' lang='lat' dir='ltr'><strong>inritaverint</strong></span> <span class='ocrx_word' id='word_1_85' title='bbox 889 1158 1022 1225; x_wconf 87' lang='lat' dir='ltr'><strong>animos.</strong></span> <span class='ocrx_word' id='word_1_86' title='bbox 1059 1157 1185 1224; x_wconf 87' lang='lat' dir='ltr'><strong>morietur</strong></span> <span class='ocrx_word' id='word_1_87' title='bbox 1223 1206 1225 1217; x_wconf 93' lang='lat'><em>.</em></span> 
     </span>
     <span class='ocr_line' id='line_1_11' title="bbox 172 1249 1225 1338; baseline 0 -23"><span class='ocrx_word' id='word_1_88' title='bbox 172 1251 256 1315; x_wconf 89' lang='lat' dir='ltr'><strong>enim</strong></span> <span class='ocrx_word' id='word_1_89' title='bbox 278 1253 436 1338; x_wconf 88' lang='lat' dir='ltr'><strong>extemplo</strong></span> <span class='ocrx_word' id='word_1_90' title='bbox 458 1253 647 1337; x_wconf 87' lang='lat' dir='ltr'><strong>quicumque</strong></span> <span class='ocrx_word' id='word_1_91' title='bbox 669 1252 726 1316; x_wconf 89' lang='lat' dir='ltr'><strong>erit</strong></span> <span class='ocrx_word' id='word_1_92' title='bbox 749 1251 910 1317; x_wconf 89' lang='lat' dir='ltr'><strong>seditionis</strong></span> <span class='ocrx_word' id='word_1_93' title='bbox 933 1261 1045 1317; x_wconf 89' lang='lat' dir='ltr'><strong>auctor</strong></span> <span class='ocrx_word' id='word_1_94' title='bbox 1066 1249 1184 1318; x_wconf 84' lang='grc'><strong>1111111-</strong></span> <span class='ocrx_word' id='word_1_95' title='bbox 1213 1256 1225 1331; x_wconf 31' lang='lat'><strong>¹¹</strong></span> 
     </span>
    </p>
   </div>
   <div class='ocr_carea' id='block_1_4' title="bbox 120 1345 1186 2091">
    <p class='ocr_par' dir='ltr' id='par_1_6' title="bbox 120 1345 1186 2091">
     <span class='ocr_line' id='line_1_12' title="bbox 172 1345 1185 1431; baseline -0.001 -22"><span class='ocrx_word' id='word_1_96' title='bbox 172 1367 267 1428; x_wconf 89' lang='lat' dir='ltr'><strong>quam</strong></span> <span class='ocrx_word' id='word_1_97' title='bbox 290 1347 394 1412; x_wconf 85' lang='lat' dir='ltr'><strong>dicere</strong></span> <span class='ocrx_word' id='word_1_98' title='bbox 416 1369 454 1411; x_wconf 89' lang='lat' dir='ltr'><strong>ea</strong></span> <span class='ocrx_word' id='word_1_99' title='bbox 475 1345 595 1424; x_wconf 88' lang='lat' dir='ltr'><strong>licebit,</strong></span> <span class='ocrx_word' id='word_1_100' title='bbox 622 1368 703 1430; x_wconf 90' lang='lat' dir='ltr'><strong>quae</strong></span> <span class='ocrx_word' id='word_1_101' title='bbox 725 1355 801 1431; x_wconf 90' lang='lat' dir='ltr'><strong>aput</strong></span> <span class='ocrx_word' id='word_1_102' title='bbox 823 1368 881 1412; x_wconf 91' lang='lat' dir='ltr'><strong>vos</strong></span> <span class='ocrx_word' id='word_1_103' title='bbox 903 1346 1023 1431; x_wconf 92' lang='lat' dir='ltr'><strong>inpune</strong></span> <span class='ocrx_word' id='word_1_104' title='bbox 1050 1345 1185 1411; x_wconf 87' lang='lat' dir='ltr'><strong>dicuntur.</strong></span> 
     </span>
     <span class='ocr_line' id='line_1_13' title="bbox 122 1438 1186 1526; baseline -0.006 -19"><span class='ocrx_word' id='word_1_105' title='bbox 122 1460 155 1507; x_wconf 79' lang='lat'><strong>14</strong></span> <span class='ocrx_word' id='word_1_106' title='bbox 172 1439 362 1504; x_wconf 82' lang='lat' dir='ltr'><strong>fustuarium</strong></span> <span class='ocrx_word' id='word_1_107' title='bbox 384 1449 521 1505; x_wconf 83' lang='lat' dir='ltr'><strong>moretm</strong></span> <span class='ocrx_word' id='word_1_108' title='bbox 542 1440 598 1524; x_wconf 94' lang='lat' dir='ltr'><strong>qui</strong></span> <span class='ocrx_word' id='word_1_109' title='bbox 620 1441 712 1526; x_wconf 91' lang='lat' dir='ltr'><strong>signa</strong></span> <span class='ocrx_word' id='word_1_110' title='bbox 732 1440 880 1524; x_wconf 86' lang='lat' dir='ltr'><strong>relinquit</strong></span> <span class='ocrx_word' id='word_1_111' title='bbox 900 1451 955 1505; x_wconf 90' lang='lat' dir='ltr'><strong>aut</strong></span> <span class='ocrx_word' id='word_1_112' title='bbox 976 1440 1133 1525; x_wconf 87' lang='lat' dir='ltr'><strong>praesidio</strong></span> <span class='ocrx_word' id='word_1_113' title='bbox 1145 1438 1186 1503; x_wconf 93' lang='lat' dir='ltr'><strong>de-</strong></span> 
     </span>
     <span class='ocr_line' id='line_1_14' title="bbox 173 1534 1186 1620; baseline -0.001 -24"><span class='ocrx_word' id='word_1_114' title='bbox 173 1534 270 1598; x_wconf 86' lang='lat' dir='ltr'><strong>cedit:</strong></span> <span class='ocrx_word' id='word_1_115' title='bbox 297 1544 441 1599; x_wconf 87' lang='lat' dir='ltr'><strong>auctores</strong></span> <span class='ocrx_word' id='word_1_116' title='bbox 466 1534 557 1620; x_wconf 88' lang='lat' dir='ltr'><strong>signa</strong></span> <span class='ocrx_word' id='word_1_117' title='bbox 577 1534 774 1618; x_wconf 89' lang='lat' dir='ltr'><strong>relinquendi</strong></span> <span class='ocrx_word' id='word_1_118' title='bbox 790 1544 822 1598; x_wconf 91' lang='lat' dir='ltr'><strong>et</strong></span> <span class='ocrx_word' id='word_1_119' title='bbox 839 1534 1005 1599; x_wconf 89' lang='lat' dir='ltr'><strong>deserendi</strong></span> <span class='ocrx_word' id='word_1_120' title='bbox 1022 1545 1124 1599; x_wconf 87' lang='lat' dir='ltr'><strong>castra</strong></span> <span class='ocrx_word' id='word_1_121' title='bbox 1136 1554 1186 1599; x_wconf 93' lang='lat' dir='ltr'><strong>non</strong></span> 
     </span>
     <span class='ocr_line' id='line_1_15' title="bbox 173 1628 1184 1715; baseline 0.003 -25"><span class='ocrx_word' id='word_1_122' title='bbox 173 1628 227 1691; x_wconf 92' lang='lat' dir='ltr'><strong>uni</strong></span> <span class='ocrx_word' id='word_1_123' title='bbox 251 1636 305 1692; x_wconf 86' lang='lat' dir='ltr'><strong>aut</strong></span> <span class='ocrx_word' id='word_1_124' title='bbox 326 1629 414 1694; x_wconf 88' lang='lat' dir='ltr'><strong>alteri</strong></span> <span class='ocrx_word' id='word_1_125' title='bbox 437 1629 540 1707; x_wconf 88' lang='lat' dir='ltr'><strong>militi,</strong></span> <span class='ocrx_word' id='word_1_126' title='bbox 570 1631 626 1694; x_wconf 91' lang='lat' dir='ltr'><strong>sed</strong></span> <span class='ocrx_word' id='word_1_127' title='bbox 647 1629 802 1694; x_wconf 87' lang='lat' dir='ltr'><strong>universis</strong></span> <span class='ocrx_word' id='word_1_128' title='bbox 826 1628 1015 1694; x_wconf 84' lang='lat' dir='ltr'><strong>exercitibus</strong></span> <span class='ocrx_word' id='word_1_129' title='bbox 1042 1628 1184 1715; x_wconf 87' lang='lat' dir='ltr'><strong>palamin</strong></span> 
     </span>
     <span class='ocr_line' id='line_1_16' title="bbox 120 1721 1185 1809; baseline -0.004 -20"><span class='ocrx_word' id='word_1_130' title='bbox 120 1739 153 1789; x_wconf 80' lang='lat'><strong>15</strong></span> <span class='ocrx_word' id='word_1_131' title='bbox 173 1722 317 1788; x_wconf 87' lang='lat' dir='ltr'><strong>contione</strong></span> <span class='ocrx_word' id='word_1_132' title='bbox 340 1724 518 1789; x_wconf 87' lang='lat' dir='ltr'><strong>audiuntur.</strong></span> <span class='ocrx_word' id='word_1_133' title='bbox 554 1725 633 1789; x_wconf 88' lang='lat' dir='ltr'><strong>adeo</strong></span> <span class='ocrx_word' id='word_1_134' title='bbox 656 1723 809 1807; x_wconf 92' lang='lat' dir='ltr'><strong>quidquid</strong></span> <span class='ocrx_word' id='word_1_135' title='bbox 831 1723 975 1789; x_wconf 88' lang='lat' dir='ltr'><strong>tribunus</strong></span> <span class='ocrx_word' id='word_1_136' title='bbox 997 1723 1086 1809; x_wconf 91' lang='lat' dir='ltr'><strong>plebi</strong></span> <span class='ocrx_word' id='word_1_137' title='bbox 1105 1721 1185 1806; x_wconf 90' lang='lat' dir='ltr'><strong>loqui·</strong></span> 
     </span>
     <span class='ocr_line' id='line_1_17' title="bbox 171 1817 1184 1904; baseline 0.003 -26"><span class='ocrx_word' id='word_1_138' title='bbox 171 1824 231 1893; x_wconf 89' lang='lat' dir='ltr'><strong>tur,</strong></span> <span class='ocrx_word' id='word_1_139' title='bbox 255 1826 286 1882; x_wconf 90' lang='lat' dir='ltr'><strong>et</strong></span> <span class='ocrx_word' id='word_1_140' title='bbox 304 1818 331 1882; x_wconf 93' lang='lat' dir='ltr'><strong>si</strong></span> <span class='ocrx_word' id='word_1_141' title='bbox 348 1819 527 1903; x_wconf 85' lang='lat' dir='ltr'><strong>prodendae</strong></span> <span class='ocrx_word' id='word_1_142' title='bbox 549 1819 667 1904; x_wconf 89' lang='lat' dir='ltr'><strong>patriae</strong></span> <span class='ocrx_word' id='word_1_143' title='bbox 690 1817 972 1900; x_wconf 84' lang='lat' dir='ltr'><strong>dissolvendaeque</strong></span> <span class='ocrx_word' id='word_1_144' title='bbox 993 1817 1041 1882; x_wconf 92' lang='lat' dir='ltr'><strong>rei</strong></span> <span class='ocrx_word' id='word_1_145' title='bbox 1062 1817 1184 1904; x_wconf 77' lang='lat' dir='ltr'><strong>pubicae</strong></span> 
     </span>
     <span class='ocr_line' id='line_1_18' title="bbox 172 1911 1182 1997; baseline 0.003 -23"><span class='ocrx_word' id='word_1_146' title='bbox 172 1919 232 1988; x_wconf 88' lang='lat' dir='ltr'><strong>est,</strong></span> <span class='ocrx_word' id='word_1_147' title='bbox 261 1912 418 1976; x_wconf 90' lang='lat' dir='ltr'><strong>adsuestis</strong></span> <span class='ocrx_word' id='word_1_148' title='bbox 445 1912 538 1996; x_wconf 88' lang='lat' dir='ltr'><strong>aequi</strong></span> <span class='ocrx_word' id='word_1_149' title='bbox 564 1912 671 1976; x_wconf 90' lang='lat' dir='ltr'><strong>audire</strong></span> <span class='ocrx_word' id='word_1_150' title='bbox 698 1922 730 1976; x_wconf 88' lang='lat' dir='ltr'><strong>et</strong></span> <span class='ocrx_word' id='word_1_151' title='bbox 755 1911 919 1976; x_wconf 90' lang='lat' dir='ltr'><strong>dulcedine</strong></span> <span class='ocrx_word' id='word_1_152' title='bbox 943 1913 1110 1997; x_wconf 89' lang='lat' dir='ltr'><strong>potestatis</strong></span> <span class='ocrx_word' id='word_1_153' title='bbox 1132 1911 1182 1977; x_wconf 77' lang='lat' dir='ltr'><strong>eins</strong></span> 
     </span>
     <span class='ocr_line' id='line_1_19' title="bbox 121 2005 1183 2091; baseline -0.002 -20"><span class='ocrx_word' id='word_1_154' title='bbox 121 2024 153 2071; x_wconf 85' lang='lat'><strong>16</strong></span> <span class='ocrx_word' id='word_1_155' title='bbox 172 2005 256 2089; x_wconf 90' lang='lat' dir='ltr'><strong>capti</strong></span> <span class='ocrx_word' id='word_1_156' title='bbox 282 2006 440 2088; x_wconf 87' lang='lat' dir='ltr'><strong>quaelibet</strong></span> <span class='ocrx_word' id='word_1_157' title='bbox 466 2005 525 2070; x_wconf 90' lang='lat' dir='ltr'><strong>sub</strong></span> <span class='ocrx_word' id='word_1_158' title='bbox 553 2028 590 2070; x_wconf 88' lang='lat' dir='ltr'><strong>ca</strong></span> <span class='ocrx_word' id='word_1_159' title='bbox 617 2006 734 2071; x_wconf 90' lang='lat' dir='ltr'><strong>seelera</strong></span> <span class='ocrx_word' id='word_1_160' title='bbox 765 2006 860 2071; x_wconf 90' lang='lat' dir='ltr'><strong>latere</strong></span> <span class='ocrx_word' id='word_1_161' title='bbox 892 2006 1004 2071; x_wconf 90' lang='lat' dir='ltr'><strong>sinitis.</strong></span> <span class='ocrx_word' id='word_1_162' title='bbox 1049 2006 1183 2091; x_wconf 88' lang='lat' dir='ltr'><strong>reliquum</strong></span> 
     </span>
    </p>
   </div>
   <div class='ocr_carea' id='block_1_5' title="bbox 172 2096 1189 2186">
    <p class='ocr_par' dir='ltr' id='par_1_7' title="bbox 172 2096 1189 2186">
     <span class='ocr_line' id='line_1_20' title="bbox 172 2096 1189 2186; baseline -0.001 -24"><span class='ocrx_word' id='word_1_163' title='bbox 172 2108 234 2176; x_wconf 89' lang='lat' dir='ltr'><strong>est,</strong></span> <span class='ocrx_word' id='word_1_164' title='bbox 261 2109 309 2177; x_wconf 92' lang='lat' dir='ltr'><strong>ut,</strong></span> <span class='ocrx_word' id='word_1_165' title='bbox 337 2121 418 2182; x_wconf 88' lang='lat' dir='ltr'><strong>quae</strong></span> <span class='ocrx_word' id='word_1_166' title='bbox 441 2100 493 2164; x_wconf 91' lang='lat' dir='ltr'><strong>hic</strong></span> <span class='ocrx_word' id='word_1_167' title='bbox 515 2100 734 2178; x_wconf 88' lang='lat' dir='ltr'><strong>vociferantur,</strong></span> <span class='ocrx_word' id='word_1_168' title='bbox 761 2101 871 2165; x_wconf 88' lang='lat' dir='ltr'><strong>eadem</strong></span> <span class='ocrx_word' id='word_1_169' title='bbox 888 2100 1054 2167; x_wconf 88' lang='lat' dir='ltr'><strong>incastris</strong></span> <span class='ocrx_word' id='word_1_170' title='bbox 1072 2096 1189 2186; x_wconf 85' lang='lat' dir='ltr'><strong>etapud.</strong></span> 
     </span>
    </p>
   </div>
   <div class='ocr_carea' id='block_1_6' title="bbox 123 2193 1184 2637">
    <p class='ocr_par' dir='ltr' id='par_1_8' title="bbox 172 2193 1184 2282">
     <span class='ocr_line' id='line_1_21' title="bbox 172 2193 1184 2282; baseline 0.005 -26"><span class='ocrx_word' id='word_1_171' title='bbox 172 2193 286 2258; x_wconf 89' lang='lat' dir='ltr'><strong>milites</strong></span> <span class='ocrx_word' id='word_1_172' title='bbox 312 2205 409 2280; x_wconf 88' lang='lat' dir='ltr'><strong>agant</strong></span> <span class='ocrx_word' id='word_1_173' title='bbox 431 2205 462 2259; x_wconf 88' lang='lat' dir='ltr'><strong>et</strong></span> <span class='ocrx_word' id='word_1_174' title='bbox 484 2195 639 2260; x_wconf 89' lang='lat' dir='ltr'><strong>exercitus</strong></span> <span class='ocrx_word' id='word_1_175' title='bbox 657 2203 863 2281; x_wconf 83' lang='lat' dir='ltr'><strong>corrumpant</strong></span> <span class='ocrx_word' id='word_1_176' title='bbox 879 2194 1079 2279; x_wconf 89' lang='lat' dir='ltr'><strong>ducibusque</strong></span> <span class='ocrx_word' id='word_1_177' title='bbox 1095 2212 1184 2282; x_wconf 78' lang='lat' dir='ltr'><strong>patere</strong></span> 
     </span>
    </p>

    <p class='ocr_par' dir='ltr' id='par_1_9' title="bbox 123 2289 1183 2637">
     <span class='ocr_line' id='line_1_22' title="bbox 123 2289 1183 2375; baseline 0.003 -23"><span class='ocrx_word' id='word_1_178' title='bbox 123 2306 156 2352; x_wconf 84' lang='grc'><strong>11</strong></span> <span class='ocrx_word' id='word_1_179' title='bbox 175 2310 239 2353; x_wconf 94' lang='lat' dir='ltr'><strong>non</strong></span> <span class='ocrx_word' id='word_1_180' title='bbox 260 2290 430 2375; x_wconf 87' lang='lat' dir='ltr'><strong>patiantur,</strong></span> <span class='ocrx_word' id='word_1_181' title='bbox 460 2291 608 2374; x_wconf 88' lang='lat' dir='ltr'><strong>quoniam</strong></span> <span class='ocrx_word' id='word_1_182' title='bbox 631 2312 668 2355; x_wconf 90' lang='grc'><strong>11</strong></span> <span class='ocrx_word' id='word_1_183' title='bbox 693 2290 820 2354; x_wconf 87' lang='lat' dir='ltr'><strong>demum</strong></span> <span class='ocrx_word' id='word_1_184' title='bbox 841 2289 964 2354; x_wconf 88' lang='lat' dir='ltr'><strong>Romae</strong></span> <span class='ocrx_word' id='word_1_185' title='bbox 990 2289 1117 2355; x_wconf 87' lang='lat' dir='ltr'><strong>libertas</strong></span> <span class='ocrx_word' id='word_1_186' title='bbox 1138 2298 1183 2363; x_wconf 68' lang='grc'><strong>111,</strong></span> 
     </span>
     <span class='ocr_line' id='line_1_23' title="bbox 170 2384 1183 2471; baseline 0.001 -25"><span class='ocrx_word' id='word_1_187' title='bbox 170 2405 235 2447; x_wconf 93' lang='lat' dir='ltr'><strong>non</strong></span> <span class='ocrx_word' id='word_1_188' title='bbox 261 2393 418 2462; x_wconf 87' lang='lat' dir='ltr'><strong>senatum,</strong></span> <span class='ocrx_word' id='word_1_189' title='bbox 450 2409 513 2450; x_wconf 93' lang='lat' dir='ltr'><strong>non</strong></span> <span class='ocrx_word' id='word_1_190' title='bbox 539 2385 755 2470; x_wconf 81' lang='lat' dir='ltr'><strong>magistratus,</strong></span> <span class='ocrx_word' id='word_1_191' title='bbox 787 2406 851 2448; x_wconf 92' lang='lat' dir='ltr'><strong>non</strong></span> <span class='ocrx_word' id='word_1_192' title='bbox 876 2384 979 2471; x_wconf 88' lang='lat' dir='ltr'><strong>leges,</strong></span> <span class='ocrx_word' id='word_1_193' title='bbox 1010 2407 1077 2451; x_wconf 91' lang='lat' dir='ltr'><strong>non</strong></span> <span class='ocrx_word' id='word_1_194' title='bbox 1100 2402 1183 2449; x_wconf 86' lang='lat' dir='ltr'><strong>moree</strong></span> 
     </span>
     <span class='ocr_line' id='line_1_24' title="bbox 170 2472 1182 2564; baseline 0.002 -24"><span class='ocrx_word' id='word_1_195' title='bbox 170 2477 338 2557; x_wconf 88' lang='lat' dir='ltr'><strong>maiorum,</strong></span> <span class='ocrx_word' id='word_1_196' title='bbox 365 2503 429 2544; x_wconf 92' lang='lat' dir='ltr'><strong>non</strong></span> <span class='ocrx_word' id='word_1_197' title='bbox 449 2480 591 2545; x_wconf 87' lang='lat' dir='ltr'><strong>instituta</strong></span> <span class='ocrx_word' id='word_1_198' title='bbox 616 2488 755 2564; x_wconf 89' lang='lat' dir='ltr'><strong>patrum,</strong></span> <span class='ocrx_word' id='word_1_199' title='bbox 788 2500 853 2543; x_wconf 92' lang='lat' dir='ltr'><strong>non</strong></span> <span class='ocrx_word' id='word_1_200' title='bbox 878 2479 1079 2564; x_wconf 86' lang='lat' dir='ltr'><strong>disciplinam</strong></span> <span class='ocrx_word' id='word_1_201' title='bbox 1103 2472 1182 2544; x_wconf 78' lang='lat' dir='ltr'><strong>varen¹</strong></span> 
     </span>
     <span class='ocr_line' id='line_1_25' title="bbox 170 2571 319 2637; baseline 0.02 -3"><span class='ocrx_word' id='word_1_202' title='bbox 170 2571 319 2637; x_wconf 87' lang='lat' dir='ltr'><strong>militiae.&#39;</strong></span> 
     </span>
    </p>
   </div>
   <div class='ocr_carea' id='block_1_7' title="bbox 138 2665 1225 2754">
    <p class='ocr_par' dir='ltr' id='par_1_10' title="bbox 138 2665 1225 2754">
     <span class='ocr_line' id='line_1_26' title="bbox 138 2665 1225 2754; baseline 0.004 -25"><span class='ocrx_word' id='word_1_203' title='bbox 138 2682 150 2729; x_wconf 93' lang='lat'>1</span> <span class='ocrx_word' id='word_1_204' title='bbox 235 2666 311 2731; x_wconf 88' lang='lat' dir='ltr'><strong>Vll.</strong></span> <span class='ocrx_word' id='word_1_205' title='bbox 339 2666 404 2733; x_wconf 88' lang='lat' dir='ltr'><strong>Par</strong></span> <span class='ocrx_word' id='word_1_206' title='bbox 420 2669 484 2733; x_wconf 90' lang='lat' dir='ltr'><strong>iam</strong></span> <span class='ocrx_word' id='word_1_207' title='bbox 503 2670 596 2733; x_wconf 89' lang='lat' dir='ltr'><strong>etiam</strong></span> <span class='ocrx_word' id='word_1_208' title='bbox 613 2669 647 2733; x_wconf 89' lang='lat' dir='ltr'><strong>in</strong></span> <span class='ocrx_word' id='word_1_209' title='bbox 664 2668 860 2733; x_wconf 89' lang='lat' dir='ltr'><strong>contionibus</strong></span> <span class='ocrx_word' id='word_1_210' title='bbox 879 2677 945 2733; x_wconf 87' lang='lat' dir='ltr'><strong>crat</strong></span> <span class='ocrx_word' id='word_1_211' title='bbox 958 2667 1088 2754; x_wconf 90' lang='lat' dir='ltr'><strong>Appius</strong></span> <span class='ocrx_word' id='word_1_212' title='bbox 1105 2665 1184 2732; x_wconf 83' lang='lat' dir='ltr'><strong>tribu·</strong></span> <span class='ocrx_word' id='word_1_213' title='bbox 1221 2690 1225 2745; x_wconf 63' lang='lat'><strong>¹,</strong></span> 
     </span>
    </p>
   </div>
   <div class='ocr_carea' id='block_1_8' title="bbox 168 2759 1225 2846">
    <p class='ocr_par' dir='ltr' id='par_1_11' title="bbox 168 2759 1225 2846">
     <span class='ocr_line' id='line_1_27' title="bbox 168 2759 1225 2846; baseline 0.005 -22"><span class='ocrx_word' id='word_1_214' title='bbox 168 2760 218 2824; x_wconf 90' lang='lat' dir='ltr'><strong>nis</strong></span> <span class='ocrx_word' id='word_1_215' title='bbox 232 2759 343 2844; x_wconf 87' lang='lat' dir='ltr'><strong>plebis,</strong></span> <span class='ocrx_word' id='word_1_216' title='bbox 364 2785 436 2826; x_wconf 91' lang='lat' dir='ltr'><strong>cum</strong></span> <span class='ocrx_word' id='word_1_217' title='bbox 451 2763 563 2840; x_wconf 91' lang='lat' dir='ltr'><strong>subito,</strong></span> <span class='ocrx_word' id='word_1_218' title='bbox 583 2764 667 2828; x_wconf 86' lang='lat' dir='ltr'><strong>unde</strong></span> <span class='ocrx_word' id='word_1_219' title='bbox 679 2763 807 2828; x_wconf 91' lang='lat' dir='ltr'><strong>minime</strong></span> <span class='ocrx_word' id='word_1_220' title='bbox 819 2763 889 2846; x_wconf 88' lang='lat' dir='ltr'><strong>quis</strong></span> <span class='ocrx_word' id='word_1_221' title='bbox 904 2763 1056 2841; x_wconf 86' lang='lat' dir='ltr'><strong>crederet,</strong></span> <span class='ocrx_word' id='word_1_222' title='bbox 1075 2766 1184 2845; x_wconf 63' lang='lat' dir='ltr'><strong>acceplt</strong></span> <span class='ocrx_word' id='word_1_223' title='bbox 1223 2826 1225 2837; x_wconf 89' lang='grc'>,</span> 
     </span>
    </p>
   </div>
   <div class='ocr_carea' id='block_1_9' title="bbox 136 2852 1225 3134">
    <p class='ocr_par' dir='ltr' id='par_1_12' title="bbox 136 2852 1225 3134">
     <span class='ocr_line' id='line_1_28' title="bbox 170 2852 1225 2944; baseline 0.007 -28"><span class='ocrx_word' id='word_1_224' title='bbox 170 2853 330 2920; x_wconf 86' lang='lat' dir='ltr'><strong>calamitas</strong></span> <span class='ocrx_word' id='word_1_225' title='bbox 353 2857 438 2941; x_wconf 89' lang='lat' dir='ltr'><strong>apud</strong></span> <span class='ocrx_word' id='word_1_226' title='bbox 455 2857 553 2922; x_wconf 88' lang='lat' dir='ltr'><strong>Veios</strong></span> <span class='ocrx_word' id='word_1_227' title='bbox 578 2870 608 2923; x_wconf 92' lang='lat' dir='ltr'><strong>et</strong></span> <span class='ocrx_word' id='word_1_228' title='bbox 631 2859 823 2944; x_wconf 91' lang='lat' dir='ltr'><strong>superiorem</strong></span> <span class='ocrx_word' id='word_1_229' title='bbox 839 2856 983 2944; x_wconf 84' lang='lat' dir='ltr'><strong>Appium</strong></span> <span class='ocrx_word' id='word_1_230' title='bbox 1006 2858 1042 2922; x_wconf 87' lang='lat' dir='ltr'><strong>in</strong></span> <span class='ocrx_word' id='word_1_231' title='bbox 1059 2860 1184 2924; x_wconf 78' lang='lat' dir='ltr'><strong>causael</strong></span> <span class='ocrx_word' id='word_1_232' title='bbox 1221 2852 1225 2917; x_wconf 72' lang='grc' dir='ltr'>ἕ</span> 
     </span>
     <span class='ocr_line' id='line_1_29' title="bbox 172 2949 1225 3037; baseline 0.011 -27"><span class='ocrx_word' id='word_1_233' title='bbox 172 2949 339 3014; x_wconf 88' lang='lat' dir='ltr'><strong>concordia</strong></span> <span class='ocrx_word' id='word_1_234' title='bbox 357 2951 502 3016; x_wconf 92' lang='lat' dir='ltr'><strong>ordinum</strong></span> <span class='ocrx_word' id='word_1_235' title='bbox 518 2954 668 3018; x_wconf 89' lang='lat' dir='ltr'><strong>maiorem</strong></span> <span class='ocrx_word' id='word_1_236' title='bbox 686 2954 829 3018; x_wconf 91' lang='lat' dir='ltr'><strong>ardorem</strong></span> <span class='ocrx_word' id='word_1_237' title='bbox 852 2953 891 3017; x_wconf 90' lang='lat' dir='ltr'><strong>ad</strong></span> <span class='ocrx_word' id='word_1_238' title='bbox 914 2952 1109 3019; x_wconf 89' lang='lat' dir='ltr'><strong>obsidendos</strong></span> <span class='ocrx_word' id='word_1_239' title='bbox 1128 2970 1183 3037; x_wconf 66' lang='lat' dir='ltr'><strong>ptr*</strong></span> <span class='ocrx_word' id='word_1_240' title='bbox 1223 2984 1225 3037; x_wconf 41' lang='grc' dir='ltr'><strong>ᾗ</strong></span> 
     </span>
     <span class='ocr_line' id='line_1_30' title="bbox 136 3042 1225 3134; baseline 0.008 -30"><span class='ocrx_word' id='word_1_241' title='bbox 136 3057 151 3104; x_wconf 83' lang='grc'><strong>1</strong></span> <span class='ocrx_word' id='word_1_242' title='bbox 171 3042 303 3108; x_wconf 89' lang='lat' dir='ltr'><strong>tinacius</strong></span> <span class='ocrx_word' id='word_1_243' title='bbox 318 3044 416 3111; x_wconf 91' lang='lat' dir='ltr'><strong>Veios</strong></span> <span class='ocrx_word' id='word_1_244' title='bbox 434 3047 517 3111; x_wconf 85' lang='lat' dir='ltr'><strong>fecit.</strong></span> <span class='ocrx_word' id='word_1_245' title='bbox 554 3072 627 3112; x_wconf 86' lang='lat' dir='ltr'><strong>nam</strong></span> <span class='ocrx_word' id='word_1_246' title='bbox 646 3070 719 3112; x_wconf 90' lang='lat' dir='ltr'><strong>eum</strong></span> <span class='ocrx_word' id='word_1_247' title='bbox 736 3070 835 3134; x_wconf 85' lang='lat' dir='ltr'><strong>agger</strong></span> <span class='ocrx_word' id='word_1_248' title='bbox 851 3055 1014 3132; x_wconf 88' lang='lat' dir='ltr'><strong>promotus</strong></span> <span class='ocrx_word' id='word_1_249' title='bbox 1033 3048 1077 3113; x_wconf 89' lang='lat' dir='ltr'><strong>ad</strong></span> <span class='ocrx_word' id='word_1_250' title='bbox 1092 3044 1183 3111; x_wconf 81' lang='lat' dir='ltr'><strong>urben</strong></span> <span class='ocrx_word' id='word_1_251' title='bbox 1222 3064 1225 3131; x_wconf 70' lang='grc' dir='ltr'><strong>ξ</strong></span> 
     </span>
    </p>
   </div>
   <div class='ocr_carea' id='block_1_10' title="bbox 169 3137 1225 3223">
    <p class='ocr_par' dir='ltr' id='par_1_13' title="bbox 169 3137 1225 3223">
     <span class='ocr_line' id='line_1_31' title="bbox 169 3137 1225 3223; baseline 0.009 -22"><span class='ocrx_word' id='word_1_252' title='bbox 169 3137 342 3223; x_wconf 82' lang='lat' dir='ltr'><strong>vineaeque</strong></span> <span class='ocrx_word' id='word_1_253' title='bbox 373 3151 494 3206; x_wconf 90' lang='lat' dir='ltr'><strong>tantum</strong></span> <span class='ocrx_word' id='word_1_254' title='bbox 526 3166 589 3207; x_wconf 90' lang='lat' dir='ltr'><strong>non</strong></span> <span class='ocrx_word' id='word_1_255' title='bbox 620 3143 683 3207; x_wconf 90' lang='lat' dir='ltr'><strong>iam</strong></span> <span class='ocrx_word' id='word_1_256' title='bbox 709 3143 866 3206; x_wconf 91' lang='lat' dir='ltr'><strong>iniunctae</strong></span> <span class='ocrx_word' id='word_1_257' title='bbox 891 3141 1060 3207; x_wconf 88' lang='lat' dir='ltr'><strong>moenibus</strong></span> <span class='ocrx_word' id='word_1_258' title='bbox 1088 3145 1181 3211; x_wconf 79' lang='lat' dir='ltr'><strong>essent</strong></span> <span class='ocrx_word' id='word_1_259' title='bbox 1223 3148 1225 3175; x_wconf 76' lang='lat'>⁵</span> 
     </span>
    </p>
   </div>
   <div class='ocr_carea' id='block_1_11' title="bbox 169 3232 1180 3418">
    <p class='ocr_par' dir='ltr' id='par_1_14' title="bbox 169 3232 1180 3418">
     <span class='ocr_line' id='line_1_32' title="bbox 169 3232 1180 3320; baseline 0.006 -25"><span class='ocrx_word' id='word_1_260' title='bbox 169 3232 246 3297; x_wconf 94' lang='lat' dir='ltr'><strong>dum</strong></span> <span class='ocrx_word' id='word_1_261' title='bbox 268 3256 363 3319; x_wconf 87' lang='lat' dir='ltr'><strong>opera</strong></span> <span class='ocrx_word' id='word_1_262' title='bbox 380 3236 516 3301; x_wconf 89' lang='lat' dir='ltr'><strong>interdiu</strong></span> <span class='ocrx_word' id='word_1_263' title='bbox 533 3236 612 3300; x_wconf 88' lang='lat' dir='ltr'><strong>fiunt</strong></span> <span class='ocrx_word' id='word_1_264' title='bbox 629 3237 777 3300; x_wconf 89' lang='lat' dir='ltr'><strong>intentius</strong></span> <span class='ocrx_word' id='word_1_265' title='bbox 796 3258 891 3320; x_wconf 88' lang='lat' dir='ltr'><strong>quam</strong></span> <span class='ocrx_word' id='word_1_266' title='bbox 909 3244 1002 3301; x_wconf 91' lang='lat' dir='ltr'><strong>nocte</strong></span> <span class='ocrx_word' id='word_1_267' title='bbox 1020 3234 1180 3301; x_wconf 74' lang='lat' dir='ltr'><strong>custodire·</strong></span> 
     </span>
     <span class='ocr_line' id='line_1_33' title="bbox 170 3326 1180 3418; baseline 0.002 -30"><span class='ocrx_word' id='word_1_268' title='bbox 170 3335 234 3404; x_wconf 90' lang='lat' dir='ltr'><strong>tur,</strong></span> <span class='ocrx_word' id='word_1_269' title='bbox 269 3330 426 3413; x_wconf 88' lang='lat' dir='ltr'><strong>patefacta</strong></span> <span class='ocrx_word' id='word_1_270' title='bbox 455 3342 584 3416; x_wconf 90' lang='lat' dir='ltr'><strong>repente</strong></span> <span class='ocrx_word' id='word_1_271' title='bbox 614 3342 705 3416; x_wconf 91' lang='lat' dir='ltr'><strong>porta</strong></span> <span class='ocrx_word' id='word_1_272' title='bbox 734 3332 846 3418; x_wconf 89' lang='lat' dir='ltr'><strong>ingens</strong></span> <span class='ocrx_word' id='word_1_273' title='bbox 877 3330 1047 3396; x_wconf 88' lang='lat' dir='ltr'><strong>multitudo</strong></span> <span class='ocrx_word' id='word_1_274' title='bbox 1078 3326 1180 3395; x_wconf 80' lang='grc'><strong>1111111</strong></span> 
     </span>
    </p>
   </div>
   <div class='ocr_carea' id='block_1_12' title="bbox 134 3414 1225 4078">
    <p class='ocr_par' dir='ltr' id='par_1_15' title="bbox 137 3414 1179 3699">
     <span class='ocr_line' id='line_1_34' title="bbox 137 3414 1179 3511; baseline 0.008 -29"><span class='ocrx_word' id='word_1_275' title='bbox 137 3435 152 3482; x_wconf 84' lang='grc'><strong>1</strong></span> <span class='ocrx_word' id='word_1_276' title='bbox 170 3421 307 3486; x_wconf 86' lang='lat' dir='ltr'><strong>maxime</strong></span> <span class='ocrx_word' id='word_1_277' title='bbox 330 3435 449 3490; x_wconf 88' lang='lat' dir='ltr'><strong>armata</strong></span> <span class='ocrx_word' id='word_1_278' title='bbox 472 3428 562 3511; x_wconf 84' lang='lat' dir='ltr'><strong>ignes</strong></span> <span class='ocrx_word' id='word_1_279' title='bbox 587 3426 718 3490; x_wconf 89' lang='lat' dir='ltr'><strong>coniecit</strong></span> <span class='ocrx_word' id='word_1_280' title='bbox 744 3425 901 3508; x_wconf 89' lang='lat' dir='ltr'><strong>horaeque</strong></span> <span class='ocrx_word' id='word_1_281' title='bbox 923 3435 1086 3490; x_wconf 90' lang='lat' dir='ltr'><strong>momento</strong></span> <span class='ocrx_word' id='word_1_282' title='bbox 1107 3414 1179 3489; x_wconf 77' lang='lat' dir='ltr'><strong>simul</strong></span> 
     </span>
     <span class='ocr_line' id='line_1_35' title="bbox 170 3515 1177 3606; baseline 0.001 -27"><span class='ocrx_word' id='word_1_283' title='bbox 170 3538 318 3603; x_wconf 86' lang='lat' dir='ltr'><strong>aggerem</strong></span> <span class='ocrx_word' id='word_1_284' title='bbox 340 3541 378 3582; x_wconf 91' lang='lat' dir='ltr'><strong>ae</strong></span> <span class='ocrx_word' id='word_1_285' title='bbox 400 3519 521 3596; x_wconf 89' lang='lat' dir='ltr'><strong>vineas,</strong></span> <span class='ocrx_word' id='word_1_286' title='bbox 545 3530 609 3585; x_wconf 86' lang='lat' dir='ltr'><strong>tam</strong></span> <span class='ocrx_word' id='word_1_287' title='bbox 626 3519 714 3606; x_wconf 91' lang='lat' dir='ltr'><strong>longi</strong></span> <span class='ocrx_word' id='word_1_288' title='bbox 732 3519 881 3605; x_wconf 89' lang='lat' dir='ltr'><strong>temporis</strong></span> <span class='ocrx_word' id='word_1_289' title='bbox 903 3541 1000 3604; x_wconf 84' lang='lat' dir='ltr'><strong>opus,</strong></span> <span class='ocrx_word' id='word_1_290' title='bbox 1021 3515 1177 3584; x_wconf 75' lang='lat' dir='ltr'><strong>incendium</strong></span> 
     </span>
     <span class='ocr_line' id='line_1_36' title="bbox 169 3609 1176 3699; baseline 0.003 -26"><span class='ocrx_word' id='word_1_291' title='bbox 169 3609 288 3688; x_wconf 80' lang='lat' dir='ltr'><strong>hausit3</strong></span> <span class='ocrx_word' id='word_1_292' title='bbox 314 3613 466 3697; x_wconf 90' lang='lat' dir='ltr'><strong>multique</strong></span> <span class='ocrx_word' id='word_1_293' title='bbox 488 3614 533 3679; x_wconf 91' lang='lat' dir='ltr'><strong>ibi</strong></span> <span class='ocrx_word' id='word_1_294' title='bbox 555 3614 701 3678; x_wconf 87' lang='lat' dir='ltr'><strong>mortales</strong></span> <span class='ocrx_word' id='word_1_295' title='bbox 728 3613 918 3698; x_wconf 90' lang='lat' dir='ltr'><strong>nequiquam</strong></span> <span class='ocrx_word' id='word_1_296' title='bbox 943 3634 1039 3699; x_wconf 92' lang='lat' dir='ltr'><strong>opem</strong></span> <span class='ocrx_word' id='word_1_297' title='bbox 1064 3611 1176 3676; x_wconf 72' lang='lat' dir='ltr'><strong>foram</strong></span> 
     </span>
    </p>

    <p class='ocr_par' dir='ltr' id='par_1_16' title="bbox 134 3704 1225 4078">
     <span class='ocr_line' id='line_1_37' title="bbox 134 3704 1174 3794; baseline -0.009 -22"><span class='ocrx_word' id='word_1_298' title='bbox 134 3727 151 3772; x_wconf 86' lang='lat'>4</span> <span class='ocrx_word' id='word_1_299' title='bbox 169 3704 252 3768; x_wconf 83' lang='lat' dir='ltr'><strong>ferro</strong></span> <span class='ocrx_word' id='word_1_300' title='bbox 273 3704 402 3791; x_wconf 89' lang='lat' dir='ltr'><strong>ignique</strong></span> <span class='ocrx_word' id='word_1_301' title='bbox 424 3708 584 3794; x_wconf 88' lang='lat' dir='ltr'><strong>absumpti</strong></span> <span class='ocrx_word' id='word_1_302' title='bbox 607 3718 687 3773; x_wconf 89' lang='lat' dir='ltr'><strong>sunt.</strong></span> <span class='ocrx_word' id='word_1_303' title='bbox 725 3707 809 3792; x_wconf 92' lang='lat' dir='ltr'><strong>quod</strong></span> <span class='ocrx_word' id='word_1_304' title='bbox 826 3706 882 3772; x_wconf 89' lang='lat' dir='ltr'><strong>ubi</strong></span> <span class='ocrx_word' id='word_1_305' title='bbox 899 3706 1038 3772; x_wconf 90' lang='lat' dir='ltr'><strong>Romam</strong></span> <span class='ocrx_word' id='word_1_306' title='bbox 1055 3714 1103 3771; x_wconf 86' lang='lat' dir='ltr'><strong>est</strong></span> <span class='ocrx_word' id='word_1_307' title='bbox 1115 3718 1174 3767; x_wconf 84' lang='lat' dir='ltr'><strong>um·</strong></span> 
     </span>
     <span class='ocr_line' id='line_1_38' title="bbox 169 3798 1225 3880; baseline 0.001 -17"><span class='ocrx_word' id='word_1_308' title='bbox 169 3798 294 3878; x_wconf 87' lang='lat' dir='ltr'><strong>tiatum,</strong></span> <span class='ocrx_word' id='word_1_309' title='bbox 326 3803 514 3868; x_wconf 88' lang='lat' dir='ltr'><strong>maestitiam</strong></span> <span class='ocrx_word' id='word_1_310' title='bbox 541 3802 702 3880; x_wconf 91' lang='lat' dir='ltr'><strong>omnibus,</strong></span> <span class='ocrx_word' id='word_1_311' title='bbox 735 3802 857 3868; x_wconf 87' lang='lat' dir='ltr'><strong>senatui</strong></span> <span class='ocrx_word' id='word_1_312' title='bbox 882 3823 992 3866; x_wconf 89' lang='lat' dir='ltr'><strong>euram</strong></span> <span class='ocrx_word' id='word_1_313' title='bbox 1016 3808 1172 3876; x_wconf 71' lang='lat' dir='ltr'><strong>metumqt⁰</strong></span> <span class='ocrx_word' id='word_1_314' title='bbox 1223 3840 1225 3875; x_wconf 94' lang='lat'><strong>:</strong></span> 
     </span>
     <span class='ocr_line' id='line_1_39' title="bbox 167 3882 1225 3986; baseline -0.003 -28"><span class='ocrx_word' id='word_1_315' title='bbox 167 3894 286 3973; x_wconf 91' lang='lat' dir='ltr'><strong>iniecit,</strong></span> <span class='ocrx_word' id='word_1_316' title='bbox 313 3919 353 3961; x_wconf 92' lang='lat' dir='ltr'><strong>ne</strong></span> <span class='ocrx_word' id='word_1_317' title='bbox 375 3907 443 3962; x_wconf 91' lang='lat' dir='ltr'><strong>tum</strong></span> <span class='ocrx_word' id='word_1_318' title='bbox 464 3920 539 3963; x_wconf 88' lang='lat' dir='ltr'><strong>vero</strong></span> <span class='ocrx_word' id='word_1_319' title='bbox 563 3898 709 3963; x_wconf 88' lang='lat' dir='ltr'><strong>sustineri</strong></span> <span class='ocrx_word' id='word_1_320' title='bbox 731 3897 843 3963; x_wconf 91' lang='lat' dir='ltr'><strong>necin</strong></span> <span class='ocrx_word' id='word_1_321' title='bbox 865 3896 942 3963; x_wconf 91' lang='lat' dir='ltr'><strong>urbe</strong></span> <span class='ocrx_word' id='word_1_322' title='bbox 960 3893 1073 3962; x_wconf 89' lang='lat' dir='ltr'><strong>seditio</strong></span> <span class='ocrx_word' id='word_1_323' title='bbox 1087 3882 1170 3957; x_wconf 74' lang='lat' dir='ltr'><strong>neeil</strong></span> <span class='ocrx_word' id='word_1_324' title='bbox 1209 3922 1225 3986; x_wconf 77' lang='lat'><strong>.³÷</strong></span> 
     </span>
     <span class='ocr_line' id='line_1_40' title="bbox 169 3973 1225 4078; baseline -0.001 -23"><span class='ocrx_word' id='word_1_325' title='bbox 169 3989 278 4056; x_wconf 86' lang='lat' dir='ltr'><strong>castris</strong></span> <span class='ocrx_word' id='word_1_326' title='bbox 295 4001 404 4075; x_wconf 89' lang='lat' dir='ltr'><strong>posset</strong></span> <span class='ocrx_word' id='word_1_327' title='bbox 422 4002 453 4058; x_wconf 92' lang='lat' dir='ltr'><strong>et</strong></span> <span class='ocrx_word' id='word_1_328' title='bbox 470 3992 587 4058; x_wconf 87' lang='lat' dir='ltr'><strong>tribuni</strong></span> <span class='ocrx_word' id='word_1_329' title='bbox 603 3992 705 4078; x_wconf 90' lang='lat' dir='ltr'><strong>plebis</strong></span> <span class='ocrx_word' id='word_1_330' title='bbox 718 3991 805 4057; x_wconf 89' lang='lat' dir='ltr'><strong>velut</strong></span> <span class='ocrx_word' id='word_1_331' title='bbox 818 3991 858 4057; x_wconf 88' lang='lat' dir='ltr'><strong>ab</strong></span> <span class='ocrx_word' id='word_1_332' title='bbox 874 4013 909 4058; x_wconf 90' lang='lat' dir='ltr'><strong>se</strong></span> <span class='ocrx_word' id='word_1_333' title='bbox 921 3990 1024 4057; x_wconf 84' lang='lat' dir='ltr'><strong>victae</strong></span> <span class='ocrx_word' id='word_1_334' title='bbox 1037 3973 1168 4071; x_wconf 73' lang='lat' dir='ltr'><strong>reipubl</strong></span> <span class='ocrx_word' id='word_1_335' title='bbox 1216 4044 1225 4069; x_wconf 66' lang='grc'><strong>,.</strong></span> 
     </span>
    </p>
   </div>
   <div class='ocr_carea' id='block_1_13' title="bbox 0 0 1288 4524">
    <p class='ocr_par' dir='ltr' id='par_1_17' title="bbox 0 0 1288 4524">
     <span class='ocr_line' id='line_1_41' title="bbox 0 0 1288 4524; baseline 0 3"><span class='ocrx_word' id='word_1_336' title='bbox 0 0 1288 4524; x_wconf 95' lang='lat' dir='ltr'><strong> </strong></span> 
     </span>
    </p>
   </div>
  </div>
 </body>
</html>
