2566 4524
56 295 57 299 ,
168 235 232 303 388
446 243 565 299 LIBER
582 242 654 315 VH,
670 242 714 299 36.
734 245 772 314 [a.
781 259 809 300 u.
819 260 844 300 c.
853 242 918 315 411]

88 402 98 420 ⁴
168 414 220 470 tus
238 402 316 491 vigil
335 424 407 468 eum
424 402 604 489 proximum
621 401 773 468 movisset
790 401 949 487 erectique
967 398 1046 468 alios
1063 401 1171 468 oonoito

167 507 250 578 rent,
269 497 386 585 ignari,
405 496 490 562 cives
504 520 546 561 an
557 496 665 562 hostes
679 504 800 576 essent,
818 495 1013 584 praesidium
1025 504 1174 584 erumperet

136 616 210 665 oan
228 594 339 661 consul
356 603 459 660 castra
476 593 626 681 cepisset,
643 590 779 672 Decius,
798 591 949 677 quoniam
965 614 1031 659 non
1047 592 1174 673 fallerent,

170 689 339 757 clamorem
361 686 470 754 tollere
491 687 588 754 iussis
611 685 762 753 militibus
785 685 925 774 torpidos
944 709 1058 755 somno
1072 687 1175 775 insuper

168 805 286 870 pavore
304 782 474 861 exanimat,
493 803 557 867 quo
574 780 749 869 praepediti
765 802 824 847 neo
842 804 930 846 arma
947 781 1072 870 inpigre
1088 801 1175 869 capere

136 900 229 947 aneo
255 876 408 943 obsistere
433 898 493 942 nec
517 876 642 962 insequi
662 884 814 962 poterant.
859 876 941 942 inter
962 876 1177 964 trepidationem

171 973 401 1057 tumultumque
417 968 607 1037 Samnitium
624 969 815 1056 praesidium
828 968 1011 1037 Romanum
1029 970 1120 1038 obviis
1133 991 1176 1036 ou·

171 1067 314 1134 stodibus
333 1066 433 1133 caesis
451 1067 493 1131 ad
511 1075 613 1132 castra
632 1064 769 1131 consulis
787 1064 941 1151 pervadit.

137 1185 153 1234 ι
234 1159 444 1246 Aliquantum
466 1169 628 1247 supererat
648 1160 750 1226 noctis
771 1158 898 1246 iamque
914 1160 949 1225 in
966 1169 1036 1229 tuto
1054 1158 1178 1228 videbu-

142 1342 146 1346 .
169 1268 222 1324 tur
238 1280 324 1337 esse,
347 1278 420 1323 cum
432 1254 555 1322 Decius
574 1261 691 1322 ‘macte
708 1253 847 1334 virtute,’
868 1255 973 1342 inquit
991 1254 1116 1323 ‘milites
1130 1255 1180 1323 lio·

171 1353 266 1433 mani,
281 1361 348 1419 este
353 1377 362 1432 3
380 1360 521 1418 vestrum
532 1350 592 1416 iter
604 1372 643 1417 ac
654 1350 790 1417 reditum
803 1348 908 1416 omnia
919 1350 1050 1417 saecula
1057 1349 1180 1418 laudibus

137 1469 154 1517 o
172 1450 287 1528 ferent,
306 1448 364 1515 sed
376 1447 418 1514 ad
435 1445 689 1535 conspiciendam
707 1455 826 1513 tantam
842 1445 992 1512 virtutem
1009 1445 1081 1513 luce
1097 1468 1131 1513 ao
1143 1443 1181 1510 dio

172 1568 252 1631 opus
275 1553 337 1623 est,
364 1565 423 1609 neo
444 1565 502 1610 vos
525 1542 613 1630 digni
635 1540 726 1623 estis,
753 1563 833 1627 quos
856 1562 929 1608 oum
947 1549 1039 1608 tanta
1055 1538 1202 1630 gloriaia-

172 1648 277 1705 castra
300 1637 433 1704 reduces
456 1635 614 1702 silentium
636 1657 674 1702 ae
695 1658 759 1702 nox
781 1645 880 1724 tegat·
854 1634 959 1702 thio
981 1635 1087 1702 lucem
1106 1631 1183 1746 quieti

140 1752 154 1800 o
173 1730 389 1820 opperiemur
433 1731 525 1797 dictis
556 1730 610 1797 obt
598 1739 751 1818 ttempera
752 1752 815 1796 um.
860 1739 955 1840 atque
985 1729 1045 1796 ubi
1069 1730 1183 1818 primun

171 1828 299 1907 inluxit,
324 1826 499 1914 praemisso
521 1825 630 1893 nuntio
648 1826 690 1892 ad
707 1824 900 1892 consulem
891 1848 925 1888 rn
943 1833 1064 1906 castra,
1085 1819 1183 1932 ingenti

172 1921 289 2008 gaudio
307 1922 515 1987 concitantur.
534 1929 566 1986 et
584 1930 703 1989 tessera
720 1920 794 1985 data
810 1918 985 1986 incolumes
1003 1920 1128 1998 reverti,
1143 1912 1182 2002 qui

175 2038 234 2081 sua
256 2023 387 2102 corpora
407 2035 465 2101 pro
488 2014 589 2080 salute
558 2015 751 2081 teomnium
772 2014 859 2080 haud
876 2013 974 2081 dubio
990 2014 1128 2102 periodo
1142 2010 1181 2078 ob·
1217 2086 1218 2090 Ἰ

173 2108 334 2188 iecissent,
353 2130 411 2196 pro
430 2131 464 2175 se
482 2109 616 2196 quisque
634 2108 761 2176 obviam
775 2108 869 2176 effusi
881 2108 1028 2189 laudant,
1046 2108 1180 2198 gratrrlan

173 2212 233 2283 tur,
253 2203 395 2292 singulos
413 2204 577 2271 universos
592 2213 767 2271 servatores
783 2226 857 2270 suos
871 2213 999 2283 vocant,
1020 2205 1081 2271 diis
1092 2201 1180 2269 laudet
1211 2199 1218 2277 ,ζ

139 2307 342 2385 ogratcsque
368 2309 480 2386 agunt,
506 2297 680 2365 Decium
669 2322 705 2364 ιιι
730 2298 852 2364 caelum
878 2296 993 2364 ferunt
1039 2298 1091 2365 hio
1109 2290 1180 2363 Deci

173 2394 343 2469 castrensis
357 2394 533 2480 triumphus
547 2391 607 2458 fuit
624 2392 778 2460 incedent'
757 2402 797 2459 trs
814 2414 871 2480 per
888 2393 994 2459 media
1013 2403 1113 2460 castra
1128 2409 1179 2456 eun

174 2499 294 2555 armato
307 2489 465 2576 praesidio
483 2488 632 2555 coniectis
650 2488 683 2553 in
702 2510 775 2555 eum
793 2488 934 2554 omnium
952 2489 1055 2556 oculis
1072 2498 1101 2555 et
1117 2479 1178 2552 omni

140 2603 155 2652 9
174 2583 292 2650 honore
310 2584 471 2651 tribunum
489 2582 610 2650 consuli
628 2582 845 2671 aequantibus.
881 2582 937 2649 ubi
955 2582 998 2649 ad
1014 2579 1180 2672 praetorium
1207 2612 1209 2617 ·

173 2690 303 2745 ventum
317 2689 379 2758 est,
398 2678 509 2745 consul
523 2677 654 2744 classico
669 2679 710 2743 ad
723 2678 901 2744 contionem
914 2689 1082 2758 convocat,
1099 2695 1178 2743 orsos
1207 2744 1210 2749 .

174 2797 236 2859 que
263 2774 389 2840 meritas
411 2774 506 2840 Decii
530 2774 641 2840 laudes
667 2772 869 2839 interfante
860 2796 931 2860 rpso
952 2773 1059 2840 Decio
1084 2765 1178 2838 distulit

125 2887 158 2935 ro
175 2869 367 2948 contionem,
394 2869 450 2954 qui
472 2878 581 2936 auctor
602 2869 708 2935 omnia
723 2868 954 2961 posthabendi,
981 2869 1060 2935 dum
1081 2861 1176 2935 occasio

174 2964 208 3028 in
234 2953 379 3031 manibus
403 2973 501 3044 esset,
527 2964 665 3052 perpulit
687 2965 862 3043 consulem,
889 2972 925 3029 ut
947 2963 1108 3031 hostes
1079 2973 1108 3029 e
1125 2977 1176 3025 noo·
1206 2958 1215 3002 s

74 3096 75 3099 ι
174 3068 267 3126 turno
283 3082 400 3146 pavore
419 3059 616 3126 attonitoset
633 3060 715 3125 circa
732 3058 845 3125 collem
863 3067 931 3124 cast
918 3058 1016 3124 ttella
993 3069 1052 3124 trm
1073 3054 1177 3140 dissipo·
1212 3118 1214 3126 .

174 3163 224 3220 tos
238 3153 475 3242 adgrederetur:
494 3153 619 3220 eredere
633 3154 726 3219 etram
731 3202 741 3233 ,
761 3154 883 3238 aliquos
896 3152 939 3219 ad
956 3175 991 3218 se
1011 3148 1176 3239 sequendum
1205 3171 1218 3250 p

126 3267 155 3315 ιι
175 3249 308 3315 emissos
325 3272 383 3336 per
400 3249 515 3315 saltum
532 3247 651 3336 vagari.
694 3249 800 3315 iussae
817 3247 959 3336 legiones
977 3271 1067 3314 arma
1083 3259 1175 3331 capeio
1203 3264 1215 3333 ³,

175 3364 384 3429 egressaeque
402 3342 528 3421 castris,
547 3365 619 3408 oum
637 3365 694 3429 per
711 3342 922 3430 exploratores
941 3343 1047 3409 notior
1063 3342 1121 3408 iam
1134 3330 1176 3402 ul
1209 3338 1218 3420 j

126 3455 157 3504 ιι
176 3444 227 3502 tus
246 3448 345 3516 esset,
371 3439 424 3504 via
437 3438 614 3548 patentiore
635 3438 677 3503 ad
698 3437 770 3504 host
758 3447 822 3503 tem
844 3438 1017 3519 ducuntur3
1044 3457 1137 3545 quem·
1145 3427 1174 3493 ln·
1206 3466 1218 3515 κ,

175 3541 302 3596 cautum
324 3531 483 3618 inproviso
506 3532 648 3613 adortae,
671 3554 742 3598 cum
760 3532 857 3620 palati
874 3532 998 3620 passim
1018 3525 1173 3600 Samnitiull
1213 3526 1218 3587 ἶ

175 3625 255 3689 milit
242 3635 294 3691 tes
312 3626 483 3712 plerique
474 3650 610 3693 mermes
627 3649 687 3693 nec
704 3627 787 3693 coire
804 3627 838 3693 in
855 3651 955 3694 unum
972 3650 1033 3694 nec
1050 3646 1127 3693 arma
1140 3637 1173 3682 ot·
1208 3626 1218 3650 ⁸

175 3742 249 3805 pere
275 3744 334 3788 neo
360 3723 498 3808 recipere
529 3723 562 3786 in
563 3732 610 3787 tra
563 3722 759 3789 tvallum
790 3745 826 3787 se
856 3730 1003 3810 possent,
1038 3723 1171 3816 paventem
1202 3780 1204 3785 .

174 3816 311 3901 primum
332 3816 366 3882 in
387 3826 490 3882 castra
512 3816 705 3905 conpellunt,
732 3815 846 3883 deinde
864 3826 969 3883 castra
984 3816 1056 3903 ipsa
1072 3800 1171 3878 ariolo
1208 3850 1218 3907 25

126 3928 158 3978 lo
176 3911 362 3978 stationibus
381 3911 518 3997 capiunt.
557 3911 759 3999 perfertur
731 3935 815 3978 orrea
833 3911 946 3978 collem
964 3911 1079 3977 clamor
1094 3904 1169 4001 logui·
1202 3925 1210 3973 ι,

176 4025 237 4090 que
255 4030 296 4073 ex
315 4007 380 4072 suis
400 4028 557 4094 quemque
574 4007 749 4096 praesidiis.
794 4007 839 4073 ita
855 4031 973 4095 magna
988 4028 1060 4095 pars
1077 3982 1168 4068 absenti
1203 4008 1218 4075 »ζ-
