2566 4524
220 277 263 341 94
443 287 560 342 LIBER
578 288 619 358 11,
638 289 681 342 32.
695 288 739 341 33.
761 290 839 355 [au.
850 284 1033 355 aneo-ma]

187 468 201 515 9
219 446 314 512 modo
331 445 410 509 nihil
428 445 513 510 aliud
531 468 627 528 quam
644 445 705 509 hoe
722 466 867 509 narrasse
885 443 998 508 fertur:
1017 451 1173 530 tempore,
1190 463 1241 527 quo

219 542 254 606 in
274 541 416 617 homine,
443 562 507 603 non
528 549 564 603 ut
585 563 682 618 nuno,
711 538 817 604 omnia
838 539 871 604 in
892 561 991 604 unum
1018 532 1238 615 consentientis,

221 636 278 700 sed
296 633 429 720 singulis
448 632 597 698 membris
617 656 709 698 suum
728 634 840 717 cuique
860 632 1035 712 eonsilium,
1056 654 1134 697 suus
1153 652 1238 698 sermo

219 729 328 806 fuerit,
355 727 533 814 indignatas
550 728 689 814 reliquas
706 738 811 814 partes
830 750 995 806 suasura,
1014 749 1073 793 suo
1091 726 1197 793 labore
1209 747 1238 790 ao

219 822 391 888 ministerio
409 822 511 886 ventri
530 824 635 887 omnia
652 824 770 906 quaeri,
791 831 931 888 ventrem
948 822 983 886 in
995 821 1101 905 medio
1114 820 1238 907 qmetun

170 939 203 985 10
220 917 298 982 nihil
316 917 402 982 aliud
418 939 515 1002 quam
532 918 613 982 datis
632 917 845 1003 voluptatibus
863 917 936 996 fmi,
955 916 1155 1002 conspirasse
1169 914 1237 993 inde,

220 1033 261 1077 ne
287 1035 400 1076 manus
427 1012 468 1077 ad
494 1034 530 1077 os
554 1011 660 1077 eibum
684 1012 800 1076 ferrent
822 1034 882 1076 nec
904 1035 940 1077 os
963 1011 1121 1096 acciperet
1146 1009 1237 1075 &tun

219 1128 279 1172 nee
301 1106 411 1172 dentes
436 1104 603 1194 [deni]que
626 1107 822 1172 conficerent.
864 1106 924 1171 hac
945 1107 993 1171 ira
1015 1106 1093 1170 dum
1114 1112 1236 1171 sennen

220 1201 306 1267 fame
323 1202 453 1267 domare
470 1200 599 1279 vellent,
626 1201 696 1287 ipsa
713 1225 777 1266 una
795 1200 937 1266 membra
958 1209 1123 1284 totumque
1140 1218 1234 1285 corpus

171 1318 201 1364 11
221 1297 262 1362 ad
276 1305 449 1361 extremam
461 1295 567 1361 tabem
582 1296 716 1361 venisse.
744 1296 818 1361 inde
831 1295 1025 1381 apparuisse,
1043 1293 1163 1360 ventris
1174 1312 1235 1378 quo·

221 1411 283 1474 que
299 1389 386 1455 haud
399 1412 496 1477 segne
510 1391 719 1456 ministerium
732 1412 803 1456 esse
817 1412 876 1455 neo
890 1390 991 1476 magis
1007 1389 1049 1454 ali
1062 1410 1160 1474 quam
1170 1386 1244 1453 eleu-

222 1507 304 1564 eum,
322 1485 507 1550 reddentem
523 1485 557 1550 in
575 1487 676 1550 omnis
696 1486 834 1571 eorporis
853 1494 958 1571 partes
976 1484 1077 1563 hunc,
1096 1505 1159 1569 quo
1173 1478 1234 1547 viri·

221 1602 292 1643 mus
311 1579 533 1665 vigemusque,
552 1580 689 1644 divisum
707 1581 824 1666 pariter
840 1581 873 1644 in
890 1601 988 1644 venas
1005 1588 1164 1644 maturum
1178 1595 1235 1641 oon·
1267 1606 1275 1655 ρ

175 1692 207 1739 12
225 1672 310 1738 fecto
333 1673 405 1738 cibo
429 1674 623 1761 sanguinem.
661 1675 859 1760 conparando
881 1674 968 1751 hinc,
995 1695 1093 1757 quam
1109 1668 1235 1737 nusum
1269 1670 1275 1677 “

221 1769 360 1854 corporis
379 1769 492 1835 seditio
511 1769 621 1835 similis
641 1780 726 1834 esset
743 1770 807 1834 irae
825 1768 926 1854 plebis
944 1769 1112 1854 inpetres,
1129 1764 1233 1832 flexiae

221 1872 343 1928 mentes
362 1863 535 1928 hominum.
997 1925 1000 1930 .

188 1980 201 2024 1
285 1955 459 2021 XXXIH.
495 1956 562 2044 Agi
580 1959 693 2023 deinde
711 1958 750 2023 de
769 1957 939 2022 concordia
957 1965 1106 2042 coeptum
1127 1974 1232 2021 conme-
1264 1972 1275 2051 J,

223 2071 356 2132 sumque
381 2051 415 2114 in
442 2051 654 2130 condiciones,
682 2062 717 2116 ut
743 2051 828 2136 plebi
852 2051 902 2115 sui
925 2051 1129 2136 magistratus
1151 2050 1233 2115 esaei
1264 2064 1275 2123 “,

223 2145 428 2222 sacrosancti,
456 2145 571 2228 quibus
595 2146 702 2211 auxilii
719 2145 794 2211 latio
817 2146 969 2210 adversus
992 2144 1139 2210 eonsules
1160 2146 1232 2217 essct

188 2259 202 2306 2
220 2257 301 2304 neve
320 2239 371 2303 eui
387 2252 512 2325 patrum
531 2264 642 2326 capere
660 2263 734 2305 eum
751 2241 971 2327 magistratum
988 2239 1107 2305 liceret.
1142 2239 1184 2303 ita
1196 2233 1234 2301 tri·
1262 2274 1275 2316 :

220 2332 299 2398 buni
315 2332 419 2419 plebei
438 2337 533 2400 creati
551 2337 624 2414 duo,
645 2334 682 2400 C.
701 2335 847 2400 Licinius
867 2344 898 2399 et
915 2334 956 2399 L.
971 2332 1122 2400 Albinus.
1152 2332 1233 2398 iius

221 2426 360 2515 collegas
379 2427 440 2494 sibi
458 2439 650 2495 creaverunt.
678 2430 712 2494 in
729 2430 778 2494 his
799 2426 954 2494 Sicinium
971 2428 1073 2495 fuisse
1093 2421 1234 2495 seditioni

187 2546 201 2592 3
220 2532 389 2601 auctorem,
409 2525 448 2589 de
467 2524 592 2590 duobus
611 2525 665 2608 qui
681 2523 799 2589 fuerint
812 2524 916 2589 minus
931 2523 1087 2589 convenit.
1117 2512 1236 2603 suntqui

220 2618 301 2685 duos
319 2628 441 2683 tantum
458 2620 491 2682 in
510 2641 598 2684 sacro
617 2628 722 2684 monte
746 2628 867 2684 creatos
890 2617 1032 2685 tribunos
1055 2640 1129 2685 esse
1152 2618 1238 2684 dau

220 2713 328 2798 ibique
348 2722 503 2778 sacratam
520 2713 624 2799 legem
641 2712 747 2778 latam.
1273 2772 1275 2777 .

284 2807 349 2871 Per
367 2807 577 2872 secessionem
594 2807 695 2892 plebis
716 2806 771 2895 Sp.
793 2807 926 2874 Cassius
946 2817 977 2873 et
993 2807 1172 2875 Postumus
1189 2805 1240 2873 Cn·

186 2900 335 2968 aminius
359 2901 557 2966 consulatum
578 2902 719 2968 inierant.
756 2904 794 2968 iis
818 2901 1001 2968 oonsulibus
1029 2924 1105 2969 oum
1128 2899 1239 2970 Latinis

219 2995 346 3081 populis
364 2996 460 3061 ictum
484 2997 606 3062 foedus.
644 2998 739 3063 adid
760 2998 937 3064 feriendum
960 2997 1071 3063 consul
1094 2998 1175 3064 alter
1188 2996 1242 3063 Ro-

219 3111 290 3156 mae
316 3091 445 3169 mansit,
473 3091 551 3156 alter
577 3092 617 3156 ad
639 3091 793 3158 Volscum
819 3092 938 3159 bellum
963 3093 1082 3158 missus
1106 3092 1241 3159 Antiates

219 3182 354 3253 Volscos
376 3186 480 3252 fundit
506 3187 672 3274 fugatque,
700 3186 868 3274 conpulsos
890 3189 924 3252 in
947 3186 1101 3275 oppidum
1123 3188 1243 3275 Longu·

185 3279 282 3358 alam
308 3292 507 3366 persecutus,
535 3282 700 3347 moenibus
726 3283 852 3369 potitur.
892 3283 967 3348 inde
993 3282 1139 3368 protinus
1160 3280 1244 3348 Polu-

221 3396 320 3452 scam,
348 3376 424 3441 item
441 3374 645 3455 Volscorum,
669 3377 765 3463 cepit,
790 3386 858 3442 tum
875 3400 992 3463 magna
1009 3377 1042 3442 vi
1060 3377 1190 3444 adortus
1205 3380 1244 3440 est

223 3464 376 3534 Coriolos.

282 3562 362 3628 Erat
385 3573 452 3629 tum
473 3565 506 3630 in
529 3566 638 3632 eastris
661 3567 743 3631 inter
763 3569 915 3654 primores
938 3567 1091 3632 iuvenum
1110 3566 1151 3633 C.
1168 3564 1244 3632 Mn

220 3657 302 3736 cius,
330 3658 514 3725 adulescens
533 3671 564 3725 et
582 3661 712 3727 oonsilio
731 3670 762 3726 et
779 3684 875 3726 manu
898 3670 1078 3747 promptus,
1107 3662 1161 3727 eni
1181 3678 1244 3744 cog·

186 3770 333 3817 unomen
349 3763 461 3839 postea
480 3753 647 3820 Coriolano
670 3755 739 3819 fuit.
777 3777 849 3821 eum
872 3755 976 3820 subito
999 3755 1173 3820 exercitum
1188 3752 1243 3818 Ro·

218 3869 348 3913 manum
375 3848 518 3914 Coriolos
546 3849 744 3915 obsidentem
771 3863 864 3934 atque
890 3850 923 3913 in
951 3849 1143 3935 oppidanos,
1173 3864 1242 3933 quos

218 3940 302 4006 intus
321 3942 446 4007 clausos
464 3943 609 4022 habebat,
628 3945 782 4009 intentum
798 3944 865 4009 sine
879 3943 943 4009 ullo
956 3956 1043 4009 metu
1057 3943 1241 4011 extrinsecus

218 4034 397 4102 inminentis
429 4037 502 4102 belli
529 4036 665 4104 Volscae
696 4039 852 4126 legiones,
884 4039 1043 4127 profectae
1075 4037 1117 4105 ab
1143 4032 1240 4109 Antia
