2566 4524
357 248 793 323 urasnvu,15.[a.c.3ss]
1028 244 1093 312 365
1151 319 1155 330 ,

127 406 205 474 XV.
249 405 367 472 Acrius
392 405 536 473 invasere
564 404 649 474 Galli
675 408 820 474 dextrum
846 431 956 490 cornu,
987 435 1091 498 neque
1110 437 1125 487 1

78 501 210 569 sustineri
225 500 416 589 potuissent,
434 523 468 565 m
458 500 566 567 forte
585 524 622 568 eo
639 501 709 568 loco
723 503 819 569 dictat
806 512 854 570 tor
867 504 994 586 fnisset,
1015 505 1090 574 Sex.

79 595 204 662 Tullium
220 594 347 661 nomine
363 594 529 682 increpans
545 596 764 684 rogitansque.
784 598 881 665 sicine
893 610 1016 690 pugnat
1016 625 1090 669 uros

77 690 176 756 milites
195 689 436 776 spopondisset?
460 689 516 756 ubi
537 690 584 762 illi
601 689 798 757 clamores
773 700 836 758 smt
853 717 941 760 arma
956 717 1092 782 poscen-
1109 720 1124 768 a

77 784 155 863 tium,
182 784 239 851 ubi
261 783 378 862 minae,
405 783 528 850 iniussu
549 785 745 873 imperatoris
766 787 920 873 proelium
941 789 1093 858 inituros?

77 901 106 945 en
123 881 231 966 ipsum
251 878 470 966 imperatorem
493 879 577 945 clara
599 902 678 948 voce
700 903 814 948 vocare
831 883 873 949 ad
888 885 1044 971 proelium
1060 896 1093 953 et

77 973 108 1039 irc
125 982 281 1040 armatum
297 983 370 1039 aute
387 974 488 1060 prima
506 972 611 1062 signal
639 975 745 1060 ecquis
769 980 951 1063 sequeretur
972 1001 1090 1060 eorum,

77 1070 118 1154 qui
139 1069 234 1134 modo
256 1069 380 1134 ducturi
402 1068 532 1148 fuerint,
557 1069 591 1134 in
613 1070 723 1136 castris
742 1070 877 1152 feroces,
899 1072 933 1138 in
951 1074 1018 1140 acie
1035 1097 1092 1161 pa-

77 1163 145 1228 vidi?
171 1200 214 1211 —
239 1185 314 1229 vera
339 1163 522 1230 audiebant:
558 1164 665 1250 itaque
690 1174 793 1232 tantos
818 1167 922 1254 pudor
947 1169 1124 1236 stimulosa

77 1257 215 1337 admovit,
242 1267 278 1322 ut
298 1268 425 1323 ruerent
445 1259 479 1323 in
499 1258 638 1325 hostium
660 1259 722 1327 tela
744 1261 884 1328 alienatis
903 1286 923 1328 a
939 1264 1090 1330 memoria

77 1351 192 1437 periculi
209 1352 332 1418 animis.
368 1353 420 1419 hic
437 1353 539 1440 primo
556 1354 693 1442 impetus
711 1377 809 1444 prope
826 1378 935 1424 vecors
954 1357 1092 1423 turbavit

77 1445 186 1526 hostes,
205 1469 301 1534 eques
320 1446 432 1513 deinde
451 1448 585 1514 emissus
603 1447 744 1516 turbatos
763 1451 884 1516 avertit.
910 1451 979 1538 ipse
993 1452 1091 1518 dicta
1108 1474 1125 1520 4

77 1550 122 1621 tor,
143 1551 311 1629 postquam
327 1541 487 1608 labantem
509 1565 573 1608 una
593 1552 681 1630 parte
704 1542 781 1610 vidit
803 1544 916 1624 aciem,
945 1547 1037 1634 signa
1058 1547 1092 1612 in

77 1637 189 1702 neuim
214 1659 311 1703 cornu
337 1636 471 1715 confert,
503 1659 566 1723 quo
593 1637 717 1705 turbam
742 1640 881 1706 hostium
907 1640 1092 1730 congregari

77 1731 225 1810 emebat,
252 1742 284 1796 et
304 1730 344 1796 iis
367 1731 422 1818 qui
443 1732 475 1797 in
497 1741 602 1802 monte
625 1742 713 1799 eraut
730 1734 857 1822 signum
874 1735 960 1820 quod
977 1758 1092 1802 conve-

77 1836 151 1892 terat
173 1827 267 1893 dedit.
303 1826 359 1893 ubi
379 1826 453 1892 inde
471 1849 596 1913 quoque
612 1849 714 1895 novus
733 1827 850 1893 clamor
868 1837 955 1895 ortus
974 1839 1005 1895 et
1022 1838 1123 1899 ten-5

77 1921 137 1988 lere
164 1922 291 2008 obliquo
317 1931 422 1989 monte
449 1923 490 1989 ad
516 1933 619 1990 castra
642 1919 804 1990 Gallorum
827 1924 888 1994 visi
910 1935 996 2005 sunt,
1024 1935 1092 1992 tum

77 2026 162 2097 netu,
181 2040 221 2084 ne
235 2017 483 2098 excluderentur,
502 2018 620 2086 omissa
631 2041 740 2107 pugna
752 2028 801 2085 est
814 2040 971 2105 cursuque
988 2019 1091 2086 effuso

77 2113 104 2179 td
121 2122 225 2179 castra
241 2112 431 2180 ferebantur.
467 2112 523 2179 ubi
540 2134 613 2179 cum
626 2113 813 2180 occurrisset
826 2114 871 2181 eis
884 2113 932 2181 M
942 2113 1089 2182 Valerius
1108 2136 1123 2184 a

77 2207 214 2295 magister
227 2208 380 2293 equitum,
399 2207 453 2292 qui
465 2207 632 2295 profligato
646 2207 756 2273 dextro
774 2230 871 2274 cornu
889 2208 1091 2295 obequitabat

77 2301 201 2368 tostium
218 2301 433 2381 munimentis,
452 2302 494 2367 ad
510 2310 632 2367 montes
652 2300 811 2387 silvasque
829 2310 956 2367 vertunt
968 2302 1089 2389 fugam,

77 2395 251 2481 dirimique
268 2395 312 2462 ibi
329 2420 350 2462 a
365 2395 472 2462 fallaci
489 2395 630 2481 equitum
647 2395 751 2482 specie
765 2395 1021 2483 agasonibusque
1035 2418 1091 2461 ex·
1108 2417 1123 2464 ι

77 2491 144 2577 epti
172 2499 254 2555 sunt
291 2500 466 2570 eteorum,
493 2512 574 2576 quos
599 2512 699 2577 pavor
723 2489 899 2577 perculerat
923 2490 957 2555 in
983 2490 1090 2568 silvas,

77 2592 151 2650 atrox
174 2584 287 2650 caedes
308 2594 382 2671 post
404 2584 549 2651 sedatum
565 2584 720 2670 proelium
736 2582 806 2650 fuit
842 2605 901 2650 nec
918 2583 999 2650 alius
1016 2593 1124 2672 posta

77 2677 108 2744 d
129 2677 264 2745 Furium
286 2701 381 2765 quam
404 2677 443 2746 O.
463 2677 623 2766 Sulpicius
649 2677 811 2744 iustiorem
836 2678 877 2745 de
900 2675 1002 2746 Gallis
1025 2679 1090 2767 egit

77 2771 266 2859 riumphum.
302 2774 371 2839 auri
387 2795 512 2860 quoque
526 2797 566 2839 ex
576 2771 707 2841 Gallicis
721 2773 830 2860 spoliis
844 2774 920 2841 satis
938 2797 1091 2863 magnum

77 2869 187 2934 nudus
205 2889 283 2933 saxo
301 2868 453 2953 quadrato
472 2878 616 2955 saeptum
632 2869 667 2934 in
684 2866 842 2956 Capitolio
860 2869 1004 2936 sacravit

125 2961 253 3028 Eodem
276 2983 358 3029 anno
381 2971 412 3028 et
434 2987 455 3029 a
475 2962 656 3029 consulibus
677 2964 766 3029 vario
788 2974 903 3030 eventu
927 2963 1089 3031 bellatum.
1109 2981 1124 3030 a
1244 2954 1251 2965 ⁹

77 3080 135 3123 am
148 3055 284 3123 Hernici
299 3080 320 3122 a
333 3055 371 3125 Ο.
385 3055 512 3124 Plautio
530 3057 645 3123 devicti
663 3057 847 3142 subactique
865 3067 951 3137 sunt,
969 3057 1090 3124 Fabius

77 3149 186 3240 allega
202 3150 271 3217 eius
288 3151 413 3218 incaute
426 3161 521 3236 atque
533 3151 709 3218 inconsulte
722 3151 874 3217 adversus
884 3149 1091 3236 Tarquinien-

77 3267 114 3312 es
124 3244 290 3334 pugnavit
316 3267 376 3312 nec
387 3245 422 3312 in
433 3246 501 3313 acie
515 3255 637 3312 tantum
648 3245 694 3312 ibi
706 3245 804 3312 cladis
817 3252 982 3332 acceptum
994 3265 1090 3329 quam
1109 3263 1141 3312 1o

77 3340 147 3424 uod
159 3348 318 3406 trecentos
331 3349 453 3427 septem
465 3339 580 3408 milites
588 3340 750 3406 Romanos
764 3347 873 3426 captos
883 3337 1091 3424 Tarquinien-

77 3458 112 3504 es
123 3433 336 3514 immolarunt,
350 3457 414 3521 qua
426 3435 575 3502 foeditate
588 3435 734 3522 supplicii
746 3433 926 3520 eliquanto
916 3432 1091 3523 ignominis

77 3520 188 3633 opuli
180 3529 340 3596 Romani
329 3529 508 3640 rosignitior
519 3528 589 3596 fuit
620 3528 754 3596 accessit
770 3528 813 3595 ad
830 3550 900 3595 eam
917 3527 1040 3595 cladem
1057 3537 1089 3594 et
1108 3549 1138 3596 11

77 3610 197 3691 astatib
209 3622 347 3690 Romani
359 3624 442 3735 agri,
461 3647 557 3710 quam
567 3622 783 3704 Privernates,
801 3621 954 3691 Veliterni
966 3622 1089 3704 deinde,

77 3718 239 3787 rcursione
255 3719 417 3806 repentina
433 3720 584 3787 fecerum.
692 3737 694 3741 '

121 3814 252 3882 Eodem
268 3838 351 3883 anno
368 3817 450 3884 duae
467 3816 582 3896 tribus,
600 3814 771 3904 Pomptina
787 3824 819 3884 et
829 3812 983 3895 Publilia,
1000 3812 1089 3880 eddi·
1108 3831 1139 3878 ιι

77 3929 124 3989 sc,
150 3908 222 3975 ludi
241 3910 354 3991 votivi,
376 3933 456 3997 quos
473 3910 523 3976 M.
539 3909 656 3979 Furius
678 3911 812 3979 dictator
832 3917 976 3988 voverat,
1001 3905 1087 3972 facti

77 4011 92 4068 t
116 4001 158 4071 de
185 4000 307 4072 ambitu
331 4002 372 4073 ab
399 4003 438 4073 O.
461 4004 603 4072 Poetelio
628 4003 754 4074 tribuno
779 4002 881 4094 plebis
906 3998 1087 4073 auctoribus
