2566 4524
357 217 480 274 umus
494 218 537 284 x,
554 216 892 293 assaracaaaaoo]
1076 206 1141 274 519

103 376 200 445 Paeto
227 385 261 442 et
288 374 329 443 C.
350 374 470 443 Fulvio
496 375 605 443 curvo
631 398 673 442 ex
696 376 869 442 multaticia
892 377 970 443 item
993 378 1137 464 pecunia,

101 495 196 557 quam
213 480 394 560 exegerunt
409 471 567 557 pecnadis
584 471 755 548 damnatis,
773 469 840 536 ludi
855 470 932 536 faeti
946 481 1137 558 pateraeque

98 588 214 633 aureae
232 565 276 633 ad
293 564 423 631 Cereris
439 565 573 651 positae.

160 658 324 725 XXIIIL
356 656 400 742 Q,
417 658 493 724 inde
509 657 630 724 Fabius
647 659 792 742 quintum
809 658 891 725 etP.
904 658 1026 725 Decius
1043 680 1137 744 quar-
1154 681 1169 732 1

99 766 166 821 tum
194 753 400 820 consulatum
426 752 551 832 ineunt,
577 751 677 818 tribus
704 752 919 820 consulatibus
943 776 1137 842 eensmaque

98 848 243 936 collegae
260 868 323 913 neo
338 846 444 934 gloria
459 847 565 936 magis
580 867 696 925 rernm,
714 868 796 932 qnae
811 847 925 935 ingens
942 859 1022 928 erat,
1040 871 1136 934 quam
1152 869 1170 920 s

101 943 275 1010 concordia
290 943 377 1008 inter
392 965 429 1008 se
445 942 532 1008 clari
563 963 645 1027 quae
657 963 698 1007 ne
714 952 868 1028 perpetua
883 953 976 1024 esset,
991 945 1136 1010 ordinum

98 1038 203 1126 magis
221 1059 321 1123 quam
342 1037 488 1124 ipsorum
504 1037 586 1101 inter
602 1058 638 1101 se
654 1046 813 1102 mtamen
828 1036 1033 1104 intervenisse
1053 1061 1133 1118 reor,

98 1133 242 1219 patriciis
264 1131 484 1210 tendentibus,
507 1142 543 1196 ut
563 1130 685 1197 Fabius
701 1130 863 1196 Etruriam
884 1141 973 1198 extra
993 1133 1169 1202 ordinems

97 1227 300 1313 provinciam
316 1226 463 1305 haberet,
480 1225 613 1313 plebeiis
631 1224 810 1291 auctoribus
826 1224 939 1305 Decio,
956 1236 993 1291 ut
1009 1228 1050 1293 ad
1068 1248 1135 1293 sor-

97 1332 163 1387 tem
175 1331 352 1388 revocaret.
378 1319 440 1385 fnit
451 1330 537 1386 eerte
549 1319 708 1386 eontentio
724 1320 759 1384 in
774 1330 900 1399 senatu;
918 1330 951 1386 et
965 1330 1134 1408 postquam
1150 1339 1170 1391 t

96 1415 142 1482 ibi
158 1414 285 1483 Fabius
303 1414 376 1502 plus
393 1424 532 1501 poterat,
550 1423 697 1480 revoeata
712 1436 765 1480 res
783 1414 825 1480 ad
840 1414 992 1501 populum
1009 1426 1066 1481 est.
1100 1415 1135 1483 iu

97 1509 262 1588 oontione,
289 1519 326 1575 ut
350 1509 434 1583 inter
458 1508 608 1574 militares
633 1509 718 1574 viros
740 1517 772 1574 et
792 1508 884 1575 factis
910 1509 1133 1596 potiusquam

96 1604 193 1670 dietis
211 1603 321 1683 fretos,
338 1625 443 1690 panea
459 1601 557 1669 verba
573 1601 690 1669 habita
724 1601 859 1680 Fabius,
876 1625 972 1688 quam
989 1601 1132 1670 arborem
1149 1622 1168 1676 s

96 1699 314 1778 uonseviaset,
336 1698 399 1766 sub
420 1721 461 1764 ea
479 1697 586 1786 legere
607 1697 704 1764 alium
726 1697 864 1763 finctum
880 1697 1044 1784 indignum
1062 1719 1133 1763 esse
1276 1710 1280 1717 '

95 1793 221 1872 dicere3
239 1814 275 1859 se
291 1792 456 1880 aperuisse
469 1790 640 1859 Ciminiam
657 1790 770 1857 silvam
786 1790 932 1875 viamque
949 1813 1007 1876 per
1022 1790 1132 1857 devios

94 1888 202 1955 saltus
220 1887 368 1954 Romano
384 1886 470 1954 bello
486 1886 610 1953 fecisse.
645 1885 722 1971 quid
740 1907 775 1952 se
790 1885 825 1951 id
842 1885 952 1951 aetatis
970 1885 1166 1959 sollicitas-a

96 1991 186 2061 sent,
211 1981 320 2048 sialio
337 1981 419 2047 duee
435 1979 557 2068 gesturi
574 1979 693 2046 bellum
710 1978 835 2047 essenti
859 1979 1006 2046 nimirum
1023 1980 1134 2046 adver-

95 2073 1134 2257 ffitttttttttffit¹ttltttttntptttit
1152 2189 1167 2238 ι

97 2287 136 2331 se
153 2264 285 2331 tendere
300 2263 380 2330 nihil
396 2263 592 2348 ultraquam
609 2273 653 2341 ut,
667 2263 695 2328 si
712 2263 843 2349 dignum
859 2262 1021 2349 provincia
1038 2265 1134 2329 duee-

97 2368 180 2438 rent,
197 2358 233 2424 in
250 2381 322 2425 eam
339 2359 512 2425 mitterent:
537 2357 572 2423 in
588 2367 717 2425 senatus
734 2357 860 2424 arbitrio
878 2379 913 2423 se
930 2357 1030 2423 fluisse
1047 2366 1079 2424 et
1099 2357 1133 2423 in

96 2462 258 2542 potestate
274 2453 385 2541 populi
401 2453 553 2519 futurum.
574 2451 613 2519 P.
622 2452 744 2519 Decius
758 2461 885 2518 senatus
898 2451 1042 2518 iniuriam
1055 2474 1133 2537 que·
1148 2467 1166 2519 8

96 2548 244 2614 rebatur:
267 2547 374 2631 quoad
394 2546 554 2633 potuerint
573 2556 679 2633 patres
697 2546 839 2625 adnisos,
861 2568 901 2611 ne
921 2544 1007 2632 plebi
1028 2546 1131 2613 aditus

95 2642 141 2708 ad
159 2663 295 2728 magnos
307 2641 444 2708 honores
461 2651 559 2720 esset;
576 2650 744 2727 postquam
759 2640 830 2727 ipsa
843 2640 940 2705 virtus
958 2640 1130 2727 pervicerit,
1149 2659 1165 2709 s

96 2758 139 2803 ne
153 2737 188 2800 in
201 2735 266 2801 ullo
279 2756 396 2822 genere
409 2734 573 2802 hominum
582 2735 768 2802 inhonorata
785 2745 878 2814 esset,
892 2735 1008 2821 quaeri,
1022 2758 1132 2821 quem-

95 2829 274 2897 admodum
294 2829 389 2896 inrita
409 2829 473 2897 sint
494 2853 558 2896 non
579 2830 732 2919 suffragia
752 2831 846 2898 modo
863 2831 984 2919 populi,
1009 2830 1066 2897 sed
1082 2854 1131 2898 ar-

96 2923 196 2991 bitria
212 2922 309 2989 etiam
321 2922 466 2989 fortunae
479 2932 511 2989 et
524 2924 557 2989 in
573 2946 745 3010 paucorum
761 2936 948 3013 potestatem
961 2935 1129 2993 vertantur.

94 3015 205 3084 omnis
223 3026 296 3081 ante
314 3038 349 3082 se
366 3016 512 3082 eonsules
531 3018 656 3083 sortitos
673 3019 850 3105 provincias
868 3042 953 3099 esse3
975 3043 1059 3086 nune
1076 3042 1131 3086 ex·
1150 3039 1183 3088 10

96 3120 150 3177 tra
172 3119 290 3177 sortem
311 3109 413 3178 Fabio
440 3121 583 3178 senatum
609 3112 803 3199 provinciam
827 3113 922 3193 dare3
949 3114 977 3178 si
1002 3114 1129 3179 honoris
1149 3134 1181 3183 11

95 3204 169 3272 eius
188 3225 296 3283 eausa,
313 3205 359 3271 ita
375 3228 448 3271 eum
465 3205 506 3272 ds
523 3228 558 3272 se
575 3207 676 3293 deque
693 3230 727 3274 re
744 3207 870 3295 publica
886 3206 1031 3273 meritum
1048 3228 1128 3286 esse,

97 3308 135 3367 ut
152 3298 262 3364 faveat
275 3297 418 3382 Q,Fabii
435 3299 563 3387 gloriae,
577 3323 658 3386 quae
676 3303 769 3369 modo
786 3324 851 3369 nou
868 3324 926 3368 sua
943 3301 1131 3368 contumelia

96 3392 281 3480 splendeat:
308 3393 360 3458 eui
381 3403 486 3460 autem
508 3394 639 3462 dubium
660 3418 745 3475 esse,
767 3396 823 3463 ubi
840 3418 937 3461 unum
953 3394 1071 3462 bellum
1089 3396 1130 3462 sit
1149 3415 1181 3466 ιι

96 3508 251 3574 asperum
263 3508 302 3552 ao
313 3487 452 3567 difficile,
471 3510 543 3554 cum
559 3490 594 3555 id
610 3490 700 3556 alteri
717 3501 804 3556 extra
821 3500 937 3557 sortem
954 3491 1128 3570 mandetur,

95 3581 180 3667 quin
195 3581 276 3648 alter
288 3582 398 3648 oonsul
414 3605 472 3669 pro
486 3605 717 3670 supervacaneo
730 3595 824 3670 atque
841 3585 943 3653 inutili
960 3586 1130 3654 habeatur?

96 3674 231 3763 gloriari
247 3674 384 3742 Fabium
405 3674 500 3743 rebus
521 3678 555 3743 in
571 3676 699 3746 Etruria
719 3680 817 3766 gestis
823 3705 832 3760 3
859 3680 939 3746 velle
957 3692 988 3747 et
1006 3680 1043 3746 P.
1060 3680 1129 3746 De·
1148 3699 1180 3749 13

95 3769 188 3837 eiam
204 3769 346 3856 gloriari,
371 3779 403 3836 et
419 3769 564 3851 forsitan,
586 3795 681 3858 quem
698 3774 749 3840 ille
767 3774 913 3841 obrutum
934 3777 1040 3861 ignem
1057 3775 1129 3839 reli-

97 3863 215 3949 querit,
232 3863 277 3929 ita
293 3873 329 3930 ut
347 3865 459 3931 totiens
476 3888 594 3933 novum
607 3869 818 3955 exinproviso
836 3870 1015 3935 incendium
1029 3870 1126 3947 daret,

96 3979 175 4024 eum
193 3978 228 4024 se
245 3958 465 4025 extincturum.
500 3972 659 4048 postremo
678 3986 711 4028 se
730 3964 868 4050 collegae
886 3963 1019 4028 honores
1037 3986 1127 4049 prae·
1146 3983 1181 4032 14
