2566 4524
353 285 472 342 masa
489 287 600 359 1111,9.
615 288 656 344 10.
676 293 714 358 [a.
724 289 755 345 c.
765 288 828 359 443]
1045 281 1111 348 203

79 447 137 536 ipsi
154 445 298 511 eiusdem
315 445 454 531 corporis
472 455 569 524 erant,
587 445 702 512 nobilis
717 446 803 526 alter,
822 447 908 513 nulla
921 472 954 514 re
971 460 1110 535 praeter-

85 564 170 627 quam
188 539 293 605 forma
310 550 431 624 captus.
463 540 654 607 adiuvabant
673 564 746 606 eum
768 544 976 628 optumatium
994 546 1108 625 studia,
1128 568 1146 618 s

86 655 134 725 per
150 657 229 720 quae
246 634 282 699 in
299 634 429 699 domum
446 656 572 720 quoque
589 635 714 721 puellae
732 646 890 702 certamen
906 639 1043 724 partium
1054 662 1111 726 pe-

90 732 217 796 netravit.
254 728 371 795 nobilis
389 729 533 816 superior
549 730 665 796 iudicio
683 731 791 797 matris
811 755 895 812 esse,
915 756 997 818 quae
1014 756 1110 820 quam

94 825 340 911 splendidissimis
362 825 480 910 nuptiis
503 824 593 912 iungi
613 826 752 912 puellam
774 827 914 908 volebat3
941 838 1059 896 tutores
1077 830 1111 894 in

95 942 256 1006 aquaque
273 944 308 985 re
325 920 462 1007 partium
479 943 635 988 memores
650 922 691 987 ad
704 945 797 990 suum
810 924 948 990 tendere.
972 947 1046 991 cum
1058 949 1109 992 res
1129 946 1144 995 s

77 1066 80 1071 .
95 1017 183 1104 peragi
198 1017 282 1081 intra
299 1016 435 1101 parietes
453 1017 623 1101 nequisset,
644 1028 773 1083 ventum
791 1019 825 1083 in
841 1020 891 1085 ius
910 1031 967 1085 est.
998 1031 1109 1107 postu-

94 1108 144 1177 latu
159 1111 265 1176 audito
283 1110 393 1175 matris
412 1120 614 1196 tutorumque
632 1112 834 1200 magistratus
858 1116 1031 1180 secundum
1052 1137 1109 1201 pa-

94 1207 172 1272 rentis
185 1205 347 1271 arbitrium
360 1206 437 1270 dant
448 1205 498 1271 ius
513 1207 704 1292 nuptiarum.
733 1209 790 1273 sed
802 1210 851 1274 vis
869 1210 1026 1295 potentior
1038 1209 1108 1273 fuit.

94 1322 211 1384 namque
228 1310 363 1379 tutores,
390 1300 473 1366 inter
490 1324 567 1367 suae
583 1302 682 1388 partis
700 1302 844 1368 homines
863 1304 902 1368 de
924 1303 1037 1368 iniuria
1054 1302 1109 1368 de-
1128 1324 1142 1370 7

95 1396 157 1460 creti
163 1395 265 1482 palam
273 1395 385 1462 infore
394 1396 573 1475 contionati,
592 1399 781 1463 manufacta
794 1399 947 1485 virginem
961 1421 1001 1462 ex
1014 1399 1109 1463 domo

95 1491 185 1555 matris
201 1492 336 1577 rapiunt.
363 1491 515 1557 adversus
529 1514 609 1576 quos
624 1493 767 1558 infestior
779 1504 886 1558 coorta
899 1493 1106 1579 optumatium
1125 1512 1141 1562 8

96 1585 164 1650 acies
173 1587 309 1670 sequitur
317 1609 486 1652 accensum
494 1588 607 1652 iniuria
615 1589 770 1654 iuvenem.
797 1589 833 1654 fit
841 1590 995 1676 proelium
1008 1600 1107 1654 atrox.

96 1678 171 1765 pulsa
184 1680 288 1766 plebs,
307 1680 385 1744 nibil
402 1680 565 1746 Romanae
582 1681 668 1767 plebi
686 1683 811 1761 similis,
835 1694 955 1748 armata
973 1707 1013 1748 ex
1029 1683 1107 1749 urbe

94 1773 230 1857 profecta,
257 1774 336 1840 colle
358 1774 495 1858 quodam
518 1786 610 1862 capto
632 1777 665 1841 in
688 1800 781 1864 agros
804 1779 1013 1862 optumatium
1036 1801 1109 1842 cum

91 1864 162 1959 leno
173 1869 301 1956 ignique
315 1869 516 1935 excursiones
530 1870 615 1949 facit,
635 1870 744 1936 urbem
759 1894 894 1955 quoque,
914 1872 999 1936 omni
1013 1872 1108 1936 etiam
1126 1891 1141 1939 9

98 1973 204 2048 experte
216 1973 287 2029 ante
303 1965 480 2030 certaminis
494 1966 693 2030 multitudine
707 1967 855 2052 opificum
865 1966 906 2031 ad
920 1988 1009 2052 spem
1017 1989 1109 2053 prae-

85 2054 300 2138 desacrata,
323 2058 467 2125 obsidere
488 2072 587 2146 parat.
627 2083 686 2126 nec
708 2061 773 2126 ulla
795 2063 916 2147 species
939 2061 1107 2145 cladesque
1128 2081 1159 2130 10

81 2146 160 2216 'belli
179 2152 260 2219 abest
282 2153 370 2218 velut
388 2163 532 2220 contacta
554 2155 679 2220 civitate
701 2155 788 2220 rabie
806 2156 939 2221 duorum
957 2156 1107 2220 iuvenum

77 2242 217 2345 :funestas
233 2249 360 2335 nuptias
375 2272 415 2314 ex
427 2271 541 2315 occasu
554 2249 673 2335 patriae
687 2250 869 2335 petentium.
901 2273 1012 2335 parum
1025 2251 1108 2335 parti
1126 2271 1157 2318 11

77 2341 200 2429 jurique
217 2345 303 2409 domi
320 2367 477 2409 armorum
495 2344 632 2427 bellique
650 2353 698 2408 est
710 2343 824 2408 visum.
852 2354 1028 2430 optumates
1042 2345 1108 2410 Ro-

77 2434 185 2503 mos
207 2438 248 2503 ad
266 2438 419 2504 auxilium
440 2439 527 2505 urbis
550 2438 715 2516 obsessae,
741 2438 832 2524 plebs
855 2439 896 2503 ad
923 2460 1107 2524 expugnan-

90 2528 153 2597 dam
164 2556 270 2599 secum
283 2533 425 2599 Ardeam
437 2533 571 2600 Volscos
586 2534 738 2599 excivere.
765 2533 884 2619 priores
898 2531 1009 2597 Volsci
1027 2533 1106 2598 duce
1127 2553 1158 2601 12

77 2620 190 2712 'Aequo
209 2626 325 2693 Cluilio
343 2627 484 2694 Ardeam
507 2651 621 2694 venere
640 2638 671 2693 et
692 2627 857 2693 moenibus
879 2627 1018 2692 hostium
1040 2625 1107 2691 val-

77 2708 145 2787 'lnm
159 2723 309 2790 obiecere.
346 2726 431 2808 quod
448 2724 503 2790 ubi
520 2724 656 2790 Romam
674 2734 723 2791 est
739 2724 930 2802 nuntiatum,
950 2723 1107 2809 extemplo
1127 2741 1158 2791 13

77 2796 296 2905 MGeganius
315 2819 424 2884 consul
442 2842 515 2885 curn
533 2820 672 2884 exercitu
689 2820 849 2905 profectus
863 2819 922 2883 tria
935 2819 1022 2884 milia
1034 2841 1108 2904 pas-

80 2930 150 2978 sum
169 2914 209 2980 ab
230 2914 322 2979 hoste
343 2915 448 2980 locum
471 2914 580 2981 castris
609 2915 692 3001 cepit
716 2914 940 3000 praecipitique
966 2914 1030 2979 iam
1056 2914 1107 2978 die

77 3024 185 3073 curare
206 3031 336 3096 corpora
357 3009 471 3075 milites
493 3009 589 3075 iubet.
624 3019 735 3094 quarta
758 3011 869 3074 deinde
891 3009 999 3094 vigilia
1017 3009 1108 3096 signa

77 3101 200 3186 profert
215 3114 420 3191 coeptumque
438 3126 518 3190 opus
536 3103 616 3169 adeo
638 3104 880 3190 adproperatum
898 3113 959 3179 est,
986 3112 1022 3166 ut
1040 3102 1105 3166 sole

77 3206 149 3261 orto
171 3194 275 3264 Volsci
296 3198 432 3264 firmiore
456 3221 490 3264 se
512 3199 707 3264 munimento
734 3198 774 3264 ab
797 3197 950 3261 Romanis
973 3196 1105 3260 eircum-

77 3290 208 3358 vallatos
226 3315 322 3378 quam
340 3317 360 3358 a
377 3316 412 3359 se
433 3293 546 3360 urbem
563 3294 713 3359 viderent.
750 3303 781 3357 et
803 3292 864 3356 alia
885 3301 973 3377 parte
996 3291 1107 3355 consul
1126 3312 1158 3360 14

77 3400 164 3452 muro
176 3386 306 3454 Ardeae
319 3388 482 3455 brachium
495 3389 680 3467 iniunxerat,
700 3411 763 3472 qua
777 3410 816 3452 ex
830 3386 944 3472 oppido
959 3385 1009 3450 sui
1022 3408 1108 3450 com-

77 3493 179 3548 meare
196 3492 338 3569 possent.

137 3576 183 3643 X.
220 3576 359 3644 Volscus
381 3579 564 3665 imperator,
593 3579 648 3663 qui
670 3579 711 3643 ad
733 3601 803 3643 eam
830 3578 914 3644 diem
935 3600 999 3642 non
1021 3599 1139 3644 eom-1

77 3682 178 3738 meatu
195 3683 398 3760 praeparato,
427 3675 483 3739 sed
506 3697 546 3739 ex
566 3674 769 3760 populatione
792 3696 940 3760 agrorum
962 3682 1051 3759 rapto
1073 3672 1107 3736 in

77 3760 157 3832 diem
177 3767 337 3834 frumento
360 3768 490 3834 aluisset
512 3769 656 3847 militem,
683 3779 851 3855 postquam
874 3777 1000 3854 saeptus
1023 3767 1106 3832 vallo

77 3873 201 3945 repente
217 3862 311 3949 inops
330 3865 470 3929 omnium
486 3887 592 3929 rerum
606 3873 680 3941 erat,
700 3864 741 3928 ad
760 3863 959 3948 conloquium
978 3861 1106 3925 consule

77 3967 219 4037 evocato,
248 3958 276 4023 si
294 3959 462 4025 solvendae
484 3958 657 4025 obsidionis
675 3982 771 4024 causa
793 3958 914 4025 venerit
930 3957 1104 4030 Romanus,

77 4046 283 4119 abducturum
297 4076 331 4121 se
344 4055 418 4121 inde
431 4054 567 4122 Volscos
582 4056 634 4120 ait.
666 4055 817 4120 adversus
836 4076 874 4119 ea
891 4046 1231 4258 consulss
1262 4103 1264 4106 ,
