2566 4524
275 245 394 302 mssa
410 245 483 314 1111,
501 245 613 300 sa-er.
633 250 671 316 [a.
682 245 872 318 oms-423]
1028 241 1091 304 227

77 416 222 472 onantur.
258 413 294 468 ut
316 403 443 488 quidem
464 403 578 489 aliquis
600 400 745 471 tribunus
768 406 869 492 plebis
891 423 962 474 ruat
979 431 1127 480 caecuss

77 526 88 565 r
105 498 280 565 certamina
297 498 436 584 periculo
454 498 588 584 ingenti,
608 500 713 564 fructu
730 501 830 578 nullo,
849 503 1017 586 exquibus
1035 527 1093 589 pro

77 607 141 660 erto
160 593 293 672 habeat,
314 608 434 678 patres,
458 593 610 658 adversus
629 616 708 678 quos
726 596 881 673 tenderet,
904 596 988 663 bello
1005 599 1094 662 inex-

77 689 165 755 iabili
184 711 219 752 se
238 699 472 773 persecuturos,
491 701 567 773 aput
584 688 723 774 plebem,
742 713 799 776 pro
813 713 875 774 qua
889 692 1091 770 dimicaverit,

77 783 152 848 ihilo
172 805 207 847 se
226 781 456 848 honoratiorem
475 781 556 859 fore,
579 804 683 865 neque
702 786 892 869 sperandum
911 809 1013 869 neque
1036 809 1093 872 po-

77 877 240 942 tulandum
263 898 343 941 esse.
380 899 513 962 magnos
536 876 658 943 animos
681 879 805 965 magnis
823 879 994 944 honoribus
1013 881 1125 949 fierit>

77 976 217 1042 eminem
237 996 272 1039 se
289 973 447 1060 plebeium
466 986 731 1060 contempturum,
751 975 804 1041 ubi
823 978 979 1040 contemni
993 978 1093 1041 desis-

77 1084 136 1136 ent.
176 1069 400 1154 experiundam
422 1091 488 1133 rem
512 1069 645 1152 denique
667 1070 700 1134 in
721 1093 785 1134 uno
808 1085 862 1134 aut
887 1071 985 1135 altero
1012 1093 1092 1148 esse,

77 1167 140 1233 itne
170 1165 269 1247 aliqui
294 1162 437 1250 plebeius
460 1163 589 1228 ferendo
612 1187 728 1250 magno
750 1165 860 1229 honori
888 1189 928 1228 an
949 1180 1092 1249 portento

77 1261 161 1326 imile
179 1260 393 1344 miraculoque
412 1259 467 1337 sit,
486 1258 600 1324 fortem
614 1282 650 1323 ac
666 1274 827 1325 strenuum
841 1260 942 1325 virum
956 1260 1093 1342 aliquem

77 1357 195 1423 ixistere
213 1366 317 1418 ortum
335 1375 375 1419 ex
392 1353 493 1438 plebe.
529 1377 655 1421 summa
672 1354 704 1419 vi
722 1367 935 1440 expugnatum
955 1377 1038 1429 esse,
1058 1367 1092 1417 ut
1112 1371 1144 1418 10

77 1450 177 1517 ribuni
195 1448 328 1514 militum
347 1448 503 1512 consulari
520 1461 675 1534 potestate
694 1461 724 1513 et
743 1471 780 1513 ex
799 1448 890 1533 plebe
905 1466 1091 1514 crearentur.

77 1546 179 1611 tetisse
196 1543 280 1608 viros
295 1542 380 1609 domi
394 1543 584 1626 militiaeque
600 1557 770 1628 spectatos:
789 1543 898 1628 primis
913 1544 1002 1609 annis
1018 1567 1093 1630 sug-

77 1639 202 1724 pllatos,
225 1637 369 1721 repulsos
387 1637 463 1702 risui
486 1637 627 1722 patribus
650 1638 764 1714 fuisse,
791 1638 912 1703 desisse
933 1654 1092 1724 postremo

77 1733 211 1799 trasbere
229 1733 270 1797 ad
288 1732 507 1797 contumeliam
526 1756 572 1797 os.
608 1755 667 1796 neo
686 1755 720 1796 se
738 1733 858 1809 vidore,
883 1755 938 1796 cur
955 1757 1019 1797 non
1040 1734 1092 1798 lex
1113 1757 1140 1803 11

77 1850 187 1912 quoque
204 1826 383 1913 abrogetur,
407 1850 469 1911 qua
486 1827 518 1890 id
535 1828 640 1904 liceat,
659 1828 745 1910 quod
763 1850 933 1910 numquam
952 1828 1093 1893 futurum

77 1923 118 1988 tit:
136 1923 288 1987 minorem
303 1923 419 2007 quippe
431 1921 577 1987 ruborem
591 1923 657 1988 fore
671 1923 704 1987 in
721 1923 798 1987 iuris
817 1923 980 2007 iniquitate
998 1945 1094 2009 quam

77 2016 164 2103 siper
181 2017 398 2102 indignitatem
416 2016 557 2102 ipsorum
575 2032 817 2103 praetereantur.

128 2111 298 2178 XXXVI.
324 2110 432 2175 Huius
446 2113 570 2197 generis
586 2113 741 2177 orationes
761 2136 832 2177 cum
851 2114 988 2179 adsensu
1005 2114 1094 2179 audi·
1116 2132 1128 2177 1

78 2212 121 2269 tae
134 2206 301 2271 incitavere
319 2206 473 2288 quosdam
492 2207 533 2269 ad
549 2206 719 2289 petendum
738 2206 929 2270 tribunatum
948 2208 1092 2285 militum,

82 2295 161 2364 alium
179 2301 239 2366 alia
257 2301 296 2364 de
319 2300 492 2364 commodis
514 2299 616 2383 plebis
638 2298 773 2362 laturum
798 2322 831 2362 se
854 2301 886 2363 in
908 2303 1095 2385 magistratu

86 2393 270 2476 profitentem.
307 2395 374 2480 agri
395 2393 513 2479 publici
536 2393 697 2459 dividendi
719 2392 973 2476 coloniarumque
996 2395 1128 2461 dedu-2

91 2489 234 2555 tendamm
253 2499 426 2555 ostentatae
446 2511 519 2574 spes
538 2499 568 2552 et
586 2488 731 2574 vectigali
751 2487 984 2572 possessoribus
1004 2511 1096 2572 agro-

92 2597 143 2644 rum
154 2584 287 2669 inposito
305 2585 337 2649 in
356 2583 547 2668 stipendium
560 2582 694 2647 militum
709 2583 857 2668 erogandi
871 2583 961 2647 aeris.
989 2596 1096 2666 capta·
1114 2603 1129 2650 s

94 2677 141 2738 turn
151 2678 259 2743 deinde
273 2690 397 2763 tempus
411 2677 451 2742 ab
466 2676 598 2744 tribunis
612 2677 760 2754 militum,
780 2700 842 2760 quo
855 2700 911 2763 per
921 2677 1095 2741 discessum

94 2759 228 2839 bominum
250 2772 291 2839 ab
313 2773 405 2851 urbe,
433 2795 505 2836 oum
528 2786 632 2858 patres
651 2772 844 2836 clandestina
862 2771 1096 2836 denuntiatione

93 2869 202 2935 revomi
219 2870 261 2935 ad
279 2869 364 2932 diem
381 2879 499 2932 certam
517 2880 636 2946 essent,
661 2884 788 2932 senatus
807 2869 984 2933 consultum
1008 2868 1096 2931 fieret

95 2951 251 3029 absentibus
270 2963 403 3029 tribunis
422 2962 520 3047 plebi,
540 2972 588 3040 ut,
608 2963 756 3046 quoniam
774 2962 909 3028 Volscos
928 2964 960 3025 in
979 2961 1096 3026 Herni-
1114 2983 1130 3029 4

95 3067 285 3146 0⁰1¹1magros
303 3060 488 3144 praedatum
507 3057 609 3122 exisse
627 3058 712 3120 fama
731 3070 829 3134 esset,
853 3058 976 3121 adrem
999 3056 1097 3138 inspi-

97 3140 209 3219 citodem
222 3155 340 3221 tribuni
353 3154 488 3217 militum
502 3152 772 3238 proficiscerentur
790 3149 1027 3230 consulariaque
1045 3170 1098 3211 co-

94 3237 160 3310 mitia
174 3246 369 3315 haberentur.
396 3246 529 3333 profecti
542 3245 606 3331 Ap.
622 3244 792 3311 Claudium
809 3243 908 3307 filium
927 3242 1096 3307 decemviri
1115 3264 1130 3309 5

94 3341 260 3413 Praefectum
287 3341 375 3406 urbis
399 3342 593 3424 relinquunt,
620 3339 780 3425 inpigrum
805 3338 950 3401 iuvenem
978 3349 1008 3399 et
1034 3336 1097 3401 iam

95 3421 146 3498 inde
162 3438 201 3504 ab
224 3436 421 3503 incunabulis
444 3437 588 3501 inbutum
612 3435 683 3501 odio
706 3434 901 3499 tribunorum
923 3431 1097 3518 plebisque.

94 3522 184 3597 libani
201 3532 288 3619 plebi
305 3554 365 3597 nec
383 3555 455 3598 cum
473 3529 656 3596 absentibus
674 3528 727 3606 iis,
751 3529 805 3612 qui
822 3544 949 3593 senatus
973 3526 1099 3593 consul-

93 3620 141 3688 llm
155 3627 308 3704 fecerant,
327 3649 386 3691 nec
403 3648 476 3690 cum
489 3625 612 3711 Appio,
631 3635 852 3700 transnatare,
872 3623 957 3708 quod
971 3634 1100 3687 conten-

92 3707 177 3786 tierent
194 3722 264 3787 fuit

136 3815 322 3882 XXXVII.
351 3813 457 3883 Creati
475 3813 620 3879 consules
639 3823 711 3878 sunt
727 3811 765 3878 C.
782 3809 988 3898 Sempronius
1004 3808 1099 3875 Atra-
1117 3827 1131 3874 1

87 3900 166 3993 tirus,
187 3913 229 3996 Q.
248 3912 278 3977 F
278 3911 368 3977 abius
382 3910 569 3977 Vibulanus.
604 3909 851 3994 peregrinares,
875 3907 931 3973 sed
948 3901 1099 3970 memoria

81 3991 307 4095 dignotraditur
317 4028 354 4072 eo
364 4029 446 4072 anno
455 4006 548 4083 facta,
558 4002 750 4068 Vulturnum
758 4001 965 4067 Etruscorum
975 3995 1095 4076 urbem,

876 4098 927 4151 15*
