2566 4524
133 259 198 326 216
339 268 457 329 LIBER
473 267 547 339 1111,
565 265 609 322 24.
621 267 663 321 25.
683 270 757 336 [au.
768 282 792 321 c
802 265 956 336 320-323]

132 431 282 508 laturum,
300 451 340 494 ne
355 428 427 514 plus
440 449 535 511 quam
548 448 653 490 annua
666 447 704 490 ac
716 424 899 491 semenstris
917 446 1053 491 censura
1065 435 1189 493 essct.

100 546 115 595 e
134 548 290 592 consensu
307 522 427 610 ingenti
443 521 552 608 populi
568 521 672 615 legem
691 531 765 607 post
765 543 819 593 ero
839 520 892 585 die
912 520 1042 607 partndt
1059 531 1093 587 at
1110 514 1189 587 ‘ut

132 619 263 707 rcipsa'
279 619 380 703 inquit
368 617 533 693 t‘sciatis,
552 609 706 698 Quirites,
727 637 825 699 quam
842 614 921 680 mihi
934 616 1085 681 dinam
1099 638 1144 681 non
1183 670 1186 675 .

100 736 114 783 t
132 713 302 802 placeant
293 710 438 797 imperia,
459 710 614 774 diesem
631 732 682 774 me
700 709 830 774 abdica’
859 710 1008 796 deposito
1023 732 1083 778 sus
1097 733 1145 777 ms

133 809 280 895 gistratu,
307 806 402 870 modo
429 804 562 869 aliorum
584 803 783 889 magistratui
804 803 955 889 inposito,
981 803 1047 870 fine
1065 804 1145 881 altat

134 925 208 967 oum
238 900 444 987 gratulatione
475 921 513 962 ac
542 899 651 963 lavoro
680 898 801 985 ingenti
826 899 936 985 populi
962 899 1092 973 domum
1109 908 1145 964 ιιι

134 996 293 1061 reductus.
331 1016 476 1058 censores
498 1016 592 1080 aegre
613 993 701 1078 passi
717 993 930 1072 Mamercum,
958 996 1045 1079 quod
1066 994 1146 1081 magi·

134 1100 265 1154 stratum
283 1088 392 1174 populi
408 1087 545 1152 Romani
561 1087 741 1166 minuisset,
760 1087 843 1153 t1ibu
860 1099 1030 1154 moverunt
1042 1088 1146 1175 octipl·

99 1197 265 1266 scutoque
287 1204 386 1248 oensu
406 1182 561 1249 aerarium
586 1181 737 1247 fecerunt.
773 1204 870 1266 quam
893 1204 963 1247 rem
986 1182 1094 1269 ipsum
1111 1182 1147 1247 in·

133 1279 220 1364 genti
238 1278 342 1342 animo
361 1276 469 1341 tulisse
487 1275 606 1353 lerunt,
625 1298 754 1341 causam
767 1276 872 1362 potius
885 1286 980 1343 notae
992 1277 1147 1343 namen
1178 1312 1182 1319 ·

133 1394 229 1456 quam
245 1371 449 1457 ignominiam
455 1395 464 1448 3
487 1371 638 1456 primores
656 1381 796 1457 patrum,
814 1392 1007 1455 quamquam
1020 1371 1148 1444 deminu-

133 1477 201 1531 tum
219 1488 369 1531 censurae
383 1465 432 1530 ius
446 1465 634 1543 noluissent,
652 1466 798 1552 exemplo
811 1464 990 1531 acerbitatis
1000 1464 1147 1533 sensorio
1186 1506 1189 1555 2

134 1562 288 1638 offensos,
315 1560 432 1644 quippe
454 1582 527 1624 cum
548 1583 583 1625 se
601 1560 735 1644 quisque
752 1560 871 1624 diutius
887 1582 927 1625 ac
943 1561 1073 1646 saepiu
1090 1558 1148 1626 sub·

135 1655 252 1727 iactum
268 1654 451 1719 censoribus
465 1655 533 1719 tore
546 1665 687 1719 cerneret
700 1676 795 1739 quam
809 1677 976 1719 censuram
989 1667 1145 1765 gestum

99 1750 240 1836 spopuli
261 1762 345 1814 certe
368 1758 454 1813 tanta
475 1749 649 1858 indignatio
667 1760 774 1814 coorta
790 1748 913 1828 dicium
933 1759 973 1813 ut
989 1749 1040 1815 ris
1057 1769 1149 1816 acm·

134 1844 257 1910 soribus
282 1844 399 1908 nullius
423 1844 605 1908 auctoritate
638 1856 857 1929 praeterquam
886 1842 989 1930 ipsius
1009 1839 1150 1910 Manat

135 1939 283 2002 deterreri
299 1938 443 2020 quiverit

101 2056 115 2100 1
198 2030 313 2095 XXV.
342 2031 475 2095 Tribuni
492 2030 577 2116 plebi
592 2031 734 2096 adsiduis
753 2031 950 2097 contionibus
968 2030 1151 2118 probibmdo

135 2124 310 2190 consularia
332 2125 470 2202 comitia,
498 2147 571 2189 cum
591 2147 641 2190 res
663 2148 761 2212 prope
787 2126 828 2190 ad
853 2125 1071 2213 interregnum
1093 2148 1189 2214 prr-

134 2221 227 2284 ducta
246 2227 343 2298 esset,
367 2220 518 2285 evicerat
505 2221 646 2298 tandem,
669 2231 704 2284 ut
720 2219 837 2285 tribuni
852 2220 990 2285 militum
1006 2216 1150 2293 munbi
1184 2240 1189 2271 ¹

101 2337 175 2401 spo
178 2325 289 2379 ttestae
306 2326 493 2379 crearentur
529 2314 676 2380 victoriae
693 2315 867 2399 praemium
885 2314 972 2399 quod
988 2286 1189 2402 petebatur,
1181 2362 1189 2407 t

133 2423 168 2473 ut
181 2409 321 2495 plebeius
336 2421 492 2474 crearetur
442 2409 620 2486 nullus
630 2409 703 2474 fu1t
722 2432 831 2476 omnes
839 2410 961 2495 patrica
971 2413 1070 2477 creatu
1078 2418 1189 2477 ιιιιιιιιΙ

132 2502 180 2569 M.
194 2503 313 2569 Fabius
328 2503 520 2581 Vibulanus,
537 2502 585 2567 M.
599 2503 740 2581 Foslius,
759 2504 801 2568 L.
817 2502 948 2591 Sergius
962 2505 1109 2571 Fidenas.
1184 2498 1189 2577 Ξ

99 2621 114 2667 3
197 2598 358 2664 Pestilent'
337 2610 380 2663 tra
393 2622 430 2663 eo
444 2621 526 2663 anno
540 2599 671 2663 aliarum
683 2621 787 2663 rerum
797 2600 894 2664 otium
902 2600 1059 2686 praebuit.
1077 2598 1149 2666 aeds
1182 2584 1189 2699 l

132 2692 274 2778 Apollini
287 2716 343 2778 pro
357 2693 535 2757 valetudine
548 2693 655 2778 populi
668 2703 742 2763 vota
756 2704 812 2758 est.
791 2694 938 2759 tmulta
951 2696 1108 2761 duumviri
1118 2712 1149 2758 ex
1181 2694 1189 2767 ι’

132 2786 220 2851 libris
241 2786 413 2872 placandae
432 2787 552 2850 deum
543 2809 607 2851 uae
625 2790 874 2874 avertendaeque
892 2813 912 2854 a
928 2791 1048 2901 populo
1065 2787 1189 2877 pestic⁴
1185 2816 1189 2851 ι

98 2902 115 2947 4
134 2902 229 2951 eausa
251 2880 368 2944 secere:
395 2903 511 2967 magna
533 2890 638 2946 tamen
656 2883 788 2947 clades
779 2907 811 2947 ιιι
827 2883 906 2948 urbe
924 2884 1075 2971 agrisque
1091 2904 1149 2981 pre·

132 2975 251 3038 miscus
278 2974 440 3047 hominum
464 2997 676 3062 pecorumque
701 2978 838 3063 pernicie
864 2990 974 3065 accept
975 3003 1004 3044 a.
1046 2980 1148 3047 samm

132 3068 302 3134 &altoribus
325 3091 472 3156 agrorum
494 3071 638 3135 timentes
660 3072 694 3135 in
715 3071 875 3136 Etruriam
892 3072 1148 3159 Pomptinumque

132 3188 242 3251 agrurn
264 3176 296 3229 et
284 3163 448 3244 tOumas‚
470 3175 629 3250 postremo
650 3166 683 3233 in
701 3163 843 3231 Siciliam
865 3189 992 3252 quoque
1013 3162 1147 3235 fiummll

132 3281 228 3324 causa
240 3260 362 3325 misere.
390 3260 600 3325 consularium
613 3261 810 3331 comitiorum
823 3262 909 3327 nulla
922 3265 1042 3330 mentio
1054 3262 1146 3331 babis

98 3376 113 3421 5
132 3365 181 3417 est
185 3367 225 3431 ;t
169 3354 329 3419 ttribuni
342 3354 421 3417 milit
408 3363 475 3418 tum
489 3355 707 3441 consularipot
707 3365 787 3421 estat
775 3367 924 3423 teomnes
933 3360 1058 3444 patricii
1067 3352 1145 3427 crud

132 3460 217 3511 sunt:
240 3447 281 3512 L.
300 3445 445 3513 Pinarius
462 3447 659 3528 Mamercus,
677 3450 719 3515 L.
737 3448 853 3516 Furius
871 3450 1083 3532 Medullinus,
1101 3449 1144 3536 Sp·

131 3539 315 3605 Postumius
332 3540 447 3606 Albus.

98 3655 112 3702 6
194 3634 246 3701 Εο
267 3658 350 3700 anno
372 3636 421 3701 vis
443 3637 545 3704 morbi
565 3639 669 3704 levata
688 3661 792 3724 neque
813 3641 983 3727 apenuria
1000 3634 1142 3711 &amends

98 3750 112 3796 ι
131 3727 205 3810 quia
222 3739 293 3799 ante
310 3731 470 3815 provisum
486 3742 567 3812 era-t,
589 3734 763 3820 periculum
780 3733 849 3800 ibit.
883 3735 1018 3800 consilia
1035 3734 1076 3800 sd
1090 3750 1143 3803 ιιι·

130 3823 233 3888 venda
258 3822 341 3891 bella
365 3825 399 3889 in
420 3825 607 3893 Volscorum
628 3827 875 3913 Aequorumque
902 3829 1042 3895 corallis
1068 3823 1140 3897 el'!

96 3939 112 3989 8
129 3918 257 3984 Etruria
278 3921 319 3984 ad
340 3920 448 3987 sanum
465 3922 655 3989 Voltumnae
673 3925 799 4012 agitata.
834 3924 878 3990 ibi
895 3925 1035 4011 prolatas
1051 3924 1083 3989 in
1097 3938 1140 3985 m·
1173 3939 1176 3947 ’

131 4037 206 4081 num
221 4039 273 4081 res
287 4018 472 4104 decretoque
485 4029 626 4100 cautum,
644 4043 684 4085 ne
697 4021 782 4106 quod
795 4030 868 4085 ante
880 4018 1046 4085 concillum
1057 4016 1141 4087 detti
