2566 4524
386 266 504 326 LIBER
519 267 605 341 VIII,
622 270 665 326 39.
684 272 722 341 [a
732 267 836 344 0322]
1058 257 1124 326 439

99 430 189 498 caede
207 429 314 497 omniu
329 426 438 513 replet.
473 427 555 493 inter
572 428 710 495 sarcinas
729 428 862 495 omissas
879 437 1018 516 repente,
1037 427 1158 501 obit-2

96 535 200 592 centes
224 521 359 611 pedibus
385 521 575 610 fugientium
601 531 933 608 consternatorumque
959 544 1122 609 equorum,

96 640 195 705 neque
212 632 339 707 pugnae
356 638 459 702 neque
477 617 574 704 fugae
587 618 664 683 satis
681 626 826 704 potentes
845 619 1027 684 caeduntur.
1053 627 1122 684 tum
1142 643 1158 692 a

72 769 79 775 .
95 714 198 781 deleto
209 732 309 799 prope
323 711 463 798 equitatu
475 711 614 778 hostium
624 711 672 776 M.
681 711 801 779 Fabius
812 712 1031 779 circumductis
1044 735 1124 800 pau·

95 809 158 875 lum
176 807 237 874 alis
255 806 295 873 ab
313 816 402 895 tergo
418 806 597 893 pedestrem
614 807 715 873 aciem
733 808 880 874 adoritur.
916 808 1034 875 clamor
1050 809 1123 875 inde
1141 832 1158 882 4

96 924 197 969 novus
219 901 366 968 accidens
388 912 420 968 et
440 899 629 968 Samnitium
651 902 761 968 terruit
778 903 914 981 animos,
932 913 965 969 et
981 903 1123 982 dictator,

95 997 147 1064 ubi
164 1005 381 1082 respectantes
399 996 538 1062 hostium
550 997 775 1084 antesignanos
787 997 974 1082 turbataque
988 998 1080 1084 signa
1093 1008 1124 1063 et

96 1093 300 1159 fluctuantem
317 1092 418 1158 aciem
435 1092 527 1171 vidit,
546 1101 613 1157 tum
630 1092 788 1178 appellare
806 1102 873 1158 tum
891 1092 1049 1158 adhortari
1065 1092 1125 1156 mi-

96 1187 176 1267 lites,
195 1186 338 1253 tribunos
356 1186 576 1274 principesque
593 1188 736 1252 ordinum
755 1188 939 1254 nominatim
952 1188 994 1254 ad
1010 1188 1125 1253 iteran-

99 1282 171 1346 dam
194 1302 303 1348 secum
324 1303 466 1368 pugnam
486 1303 609 1347 vocare.
645 1291 760 1348 novato
779 1281 913 1348 clamore
936 1282 1027 1369 signa
1044 1281 1159 1346 infe-5

97 1385 214 1454 runtur,
234 1384 265 1440 et
283 1375 435 1460 quidquid
451 1375 738 1463 progrediebantur,
757 1377 858 1463 magis
877 1377 1043 1464 magisque
1060 1385 1126 1441 tur·

97 1469 186 1536 batos
203 1469 311 1535 hostes
330 1468 507 1535 comebant.
535 1491 632 1555 eques
645 1471 713 1556 ipse
725 1471 789 1536 iam
803 1470 911 1556 primis
926 1481 992 1536 erat
1004 1472 1037 1536 in
1051 1493 1125 1536 oon-

99 1573 216 1651 spectu,
232 1574 263 1628 et
272 1561 438 1629 Cornelius
452 1564 623 1650 respiciens
638 1565 679 1629 ad
691 1564 867 1651 manipulos
881 1565 1025 1645 militum,
1040 1565 1125 1651 quod
1145 1581 1159 1630 6

97 1680 207 1737 mauu,
225 1658 311 1744 quod
328 1681 406 1724 vooe
422 1669 559 1746 poterat,
582 1659 791 1739 monstrabat,
810 1661 926 1726 vexilla
944 1683 979 1727 se
997 1683 1126 1728 suorum

98 1774 287 1841 parmasque
304 1775 430 1820 eernere
448 1754 598 1840 equitum.
634 1755 720 1839 quod
737 1754 791 1819 ubi
809 1755 950 1821 auditum
969 1756 1063 1821 simul
1079 1756 1126 1819 vi-
1146 1772 1159 1818 ι

99 1870 232 1934 sumque
254 1857 317 1928 est,
339 1849 419 1915 adeo
440 1860 569 1936 repente
590 1849 706 1916 laboris
728 1872 786 1937 per
807 1851 891 1915 diem
907 1860 1058 1937 paeneto
1039 1859 1126 1916 otum

98 1942 220 2009 tolerati
237 1943 464 2053 vulnerumque
483 1944 571 2011 obliti
589 1954 676 2023 sunt,
700 1945 838 2011 uthaud
855 1967 960 2024 secus,
984 1968 1080 2055 quam
1099 1945 1125 2011 si

100 2045 168 2102 tum
183 2037 296 2125 integri
313 2060 331 2104 e
349 2038 459 2104 castris
478 2039 604 2125 signum
621 2062 747 2128 pugnae
765 2039 970 2126 accepissent,
990 2040 1126 2106 concita-

97 2130 199 2197 verint
216 2152 252 2197 se
268 2131 303 2196 in
323 2132 456 2198 hostem.
492 2154 551 2197 nec
572 2133 655 2197 ultra
673 2132 801 2199 Samnis
824 2134 956 2200 tolerare
978 2145 1126 2202 terrorem
1145 2149 1160 2197 8

60 2288 65 2293 .
96 2225 241 2310 equitum
260 2226 464 2312 peditumque
486 2227 551 2290 vim
572 2226 687 2312 potuit:
715 2229 830 2312 partim
851 2228 885 2291 in
906 2229 1009 2295 medio
1032 2230 1125 2305 caesi,

96 2319 212 2406 partim
232 2319 267 2384 in
287 2319 399 2407 fugam
421 2320 565 2406 dissipati
587 2327 669 2385 sunt.
707 2320 805 2406 pedes
833 2330 986 2386 restantes
1009 2343 1046 2386 ac
1068 2322 1127 2385 oir-
1146 2335 1160 2383 9

95 2422 282 2480 cumventos
301 2414 423 2492 cecidit,
441 2413 481 2480 ab
500 2413 603 2498 equite
621 2413 809 2500 fugientium
828 2423 950 2500 strages
969 2424 1017 2479 est
1034 2413 1127 2492 facta,

95 2507 179 2573 inter
194 2529 276 2593 quos
294 2519 325 2573 et
340 2509 409 2595 ipse
426 2508 596 2594 imperator
608 2508 728 2574 cecidit.
755 2507 816 2573 hoc
829 2507 956 2572 demum
973 2509 1126 2594 proelium
1147 2523 1178 2570 10

97 2600 290 2669 Samnitium
306 2625 357 2669 res
371 2604 415 2670 ita
426 2602 565 2690 infregit,
578 2611 614 2667 ut
627 2601 773 2668 omnibus
792 2602 930 2669 conciliis
949 2603 1125 2680 fremerent,

94 2698 227 2764 minime
248 2698 282 2764 id
304 2698 432 2784 quidem
453 2699 568 2763 mirum
590 2719 676 2777 esse,
700 2697 727 2764 si
749 2698 836 2784 inpio
862 2698 999 2765 belloet
1020 2707 1127 2763 contra

94 2791 212 2859 foedus
235 2802 396 2879 suscepto,
350 2792 635 2885 toinfestioribus
657 2792 768 2859 merito
791 2793 859 2859 deis
877 2808 973 2885 quam
994 2792 1127 2859 homini-

94 2885 169 2967 bus,
188 2884 268 2951 nilril
283 2908 433 2974 prospere
451 2876 594 2974 agerent:
617 2886 809 2972 expiandum
826 2887 860 2952 id
876 2880 995 2954 bellum
1011 2911 1128 2975 magna

95 2981 244 3049 mercede
260 2979 473 3067 luendumque
491 3003 577 3060 esse3
595 2981 629 3046 id
646 2979 761 3047 referre
780 2992 910 3060 tantum,
929 2993 1035 3047 utrum
1053 3005 1129 3068 sup-
1148 3007 1177 3051 11
1247 3004 1254 3015 “

94 3074 194 3162 plicia
209 3075 305 3141 noxio
322 3097 496 3187 paucorum
513 3099 554 3142 an
571 3075 712 3142 omnium
728 3075 857 3140 innoxio
869 3075 1042 3162 praebeant
1055 3097 1127 3139 aan-

95 3169 210 3258 guina
227 3170 475 3257 audebantque
465 3194 530 3238 ram
542 3171 671 3257 quidam
684 3169 846 3236 nominare
863 3178 1006 3236 auctores
1024 3190 1127 3234 armo-

94 3286 179 3331 rnm.
218 3286 318 3331 unum
339 3266 476 3332 maxime
500 3287 616 3333 nomen
636 3286 695 3352 per
715 3285 904 3331 eonsensum
926 3262 1127 3329 clamantium
1147 3274 1178 3322 ιι

93 3358 225 3427 Brutuli
232 3358 315 3471 Papi
327 3360 561 3427 exaudiebatur.
589 3360 638 3425 vir
649 3359 764 3427 nobilis
777 3367 952 3445 potensque
965 3366 1040 3435 erat,
1050 3356 1129 3422 haut

92 3452 197 3522 dubio
211 3456 426 3542 proximarum
442 3455 633 3522 indutiarum
645 3463 763 3540 ruptor.
791 3454 831 3519 de
844 3475 882 3520 eo
894 3452 995 3519 coacti
1011 3451 1130 3518 referre

93 3559 261 3639 praetores
278 3550 438 3646 decretum
455 3550 606 3629 feserunt,
624 3558 659 3614 ut
676 3549 757 3614 Brut
756 3548 829 3615 ulus
842 3547 961 3634 Papius
975 3547 1128 3614 Romanis
1148 3561 1180 3610 ιι

95 3645 267 3712 dederetur
283 3654 315 3711 et
333 3666 406 3711 cum
423 3666 461 3712 eo
478 3644 596 3732 praeda
613 3643 714 3711 omnis
732 3643 878 3710 Romana
899 3642 1076 3729 captivique
1093 3650 1129 3708 ut

94 3736 239 3807 Romam
264 3739 460 3806 mitterentur
481 3762 624 3826 quaeque
645 3761 696 3805 res
717 3760 775 3825 per
796 3736 918 3805 fetiales
940 3759 981 3803 ex
1002 3736 1130 3803 foedere

94 3833 252 3922 repetitae
268 3845 389 3914 essent,
409 3835 608 3901 secuudum
599 3857 649 3900 rus
667 3833 780 3918 fasque
797 3833 886 3899 restit
874 3840 1042 3898 tuerentur.
1081 3827 1129 3893 fo-
1147 3843 1180 3892 ιι

95 3927 190 3995 tiales
204 3927 354 4009 Romam,
370 3939 406 3995 ut
418 3939 616 4007 censuerunt,
634 3929 724 3995 missi
742 3941 773 3994 et
790 3950 904 4014 corpus
912 3923 1037 3990 Brutuli
1054 3943 1129 3986 exa·

93 4022 204 4090 nimer
230 4022 300 4110 ipse
321 4033 421 4090 morte
442 4024 617 4090 voluntaria
644 4023 833 4111 ignominiae
860 4043 895 4087 se
916 4041 954 4086 ac
976 4014 1129 4104 supplicio
