2566 4524
148 223 214 289 510
381 232 500 289 LIBER
515 232 560 304 X,
577 231 620 289 15.
634 232 677 290 16.
696 236 772 303 [au.
782 231 950 305 acrama]

114 414 130 465 a
149 393 190 479 Q.
208 392 310 460 Fabio
332 390 494 458 consulem
511 390 661 458 dicerent
695 389 816 458 Fabius
836 391 942 479 primo
960 391 1001 458 de
1018 414 1052 459 se
1069 392 1162 460 mdem

148 488 216 555 fere
232 508 315 572 quae
335 485 439 574 priore
456 507 539 552 anno
556 483 691 553 dicendo
709 483 857 552 abnuere.
895 485 1095 553 circumstare
1116 487 1163 552 sel-

147 582 211 649 lam
229 581 331 650 omnis
348 578 510 659 nobilitas,
532 600 636 660 orare,
657 590 694 647 nt
711 601 752 647 ex
768 602 868 647 caeno
889 579 1017 668 plebeio
1038 581 1166 649 conada

148 687 217 744 tum
234 674 411 744 extraheret
431 674 691 763 maiestatemque
711 675 877 763 pristinam
895 698 970 742 cum
988 675 1096 744 honori
1110 687 1165 742 tum

97 791 132 842 10
147 770 287 860 patriciis
308 767 457 858 gentibus
482 769 636 838 redderet
674 769 796 838 Fabius
818 769 945 837 silentio
967 770 1054 838 facto
1078 771 1166 838 media

148 865 290 934 oratione
307 864 412 932 studia
427 862 592 931 hominum
610 864 745 932 sedavit:
763 864 922 932 facturum
935 867 1022 932 enim
1037 888 1071 934 se
1082 865 1166 932 fiisse

148 961 242 1042 dixit,
264 968 300 1026 ut
316 958 451 1027 duorum
470 959 672 1047 patriciorum
693 959 823 1027 nomina
843 962 1023 1049 reciperet„
1039 961 1067 1028 si
1084 959 1164 1027 sinn

98 1077 130 1127 11
148 1079 246 1144 quam
267 1077 303 1123 se
324 1055 487 1124 consulem
508 1053 577 1121 fieri
593 1054 728 1135 videret;
754 1078 838 1123 nunc
855 1077 892 1123 se
915 1079 1010 1123 suam
1032 1055 1167 1124 rationm

149 1149 300 1230 comitiis,
318 1171 392 1216 cum
408 1159 517 1217 contra
533 1149 622 1238 leges
640 1149 783 1217 futurum
801 1151 856 1229 sit,
879 1151 1022 1239 pessimo
1039 1148 1167 1238 exemplo

98 1268 130 1318 m
148 1268 214 1313 non
229 1243 421 1312 habiturum.
446 1244 492 1310 ita
499 1242 738 1311 L.Volumnius
755 1244 795 1312 de
811 1244 905 1333 plebe
923 1268 999 1312 cum
1011 1244 1078 1333 Ap.
1088 1245 1169 1313 Clau·

148 1340 201 1408 dic
219 1339 329 1408 consul
346 1349 395 1407 est
411 1339 529 1419 factus,
552 1340 655 1427 priore
675 1340 752 1407 item
769 1341 936 1408 consulatu
958 1342 1043 1408 inter
1060 1365 1094 1409 se
1110 1363 1169 1407 con-

147 1435 259 1524 parati
293 1432 441 1502 nobilitas
460 1433 617 1502 obiectare
636 1432 748 1513 Fabio,
766 1434 890 1524 fugisse
908 1458 985 1503 eum
1003 1434 1069 1523 Ap.
1088 1434 1169 1502 Clau·

148 1531 237 1597 dium
254 1529 409 1618 collegam
426 1529 604 1615 eloquentia
619 1529 828 1615 civilibusque
845 1529 967 1598 artibm
984 1530 1073 1597 haud
1090 1529 1169 1596 dubie

147 1631 369 1713 praestantem.

114 1744 128 1790 1
211 1715 308 1785 XVL
333 1716 478 1785 Comitiis
495 1717 643 1806 perlectis
661 1727 782 1785 veteres
800 1717 948 1785 consules
966 1719 1049 1786 iussi
1065 1718 1168 1785 bellun

114 1835 130 1883 a
147 1811 181 1880 in
195 1809 327 1880 Samnio
341 1832 451 1901 gerere
467 1821 635 1901 prorogato
647 1812 681 1879 in
693 1835 751 1879 sex
764 1834 889 1879 menses
906 1811 1053 1900 imperio.
1078 1813 1168 1898 itaque

146 1905 325 1992 insequenti
347 1928 472 1992 quoque
495 1929 580 1974 auno
596 1907 639 1974 L.
657 1905 844 1986 Volumnio,
861 1905 927 1995 Ap.
949 1907 1089 1977 Claudio
1109 1928 1169 1975 ocn-

148 2001 271 2068 solibus
283 1999 322 2067 P.
331 1999 463 2080 Decius,
482 2002 537 2086 qui
554 2001 666 2069 consul
682 2002 716 2069 in
730 2000 860 2070 Samnio
877 2001 1009 2070 relictus
1026 2027 1048 2070 a
1064 2003 1170 2090 collega

148 2096 267 2174 fuerat,
285 2095 455 2183 proconsul
470 2094 555 2162 idem
572 2095 716 2184 populari
732 2119 797 2164 non
814 2096 933 2164 destitit
952 2121 1066 2187 agros,
1084 2099 1170 2166 donet

150 2189 342 2259 Samnitium
364 2190 536 2258 exercitum
557 2213 716 2277 nusquam
738 2214 772 2259 se
793 2191 912 2280 proelio
934 2193 1170 2260 committentem

113 2309 129 2358 a
147 2296 307 2376 postremo
321 2286 442 2374 expulit
453 2285 580 2360 finibus.
597 2285 759 2353 Etruriam
772 2287 856 2375 pulsi
868 2287 1031 2375 petierunt
1045 2297 1086 2369 et,
1099 2282 1170 2374 quod

146 2380 357 2470 legationibus
379 2381 571 2467 nequiquam
594 2403 689 2468 saepe
710 2392 956 2470 temptaverant,
983 2384 1018 2449 id
1042 2407 1079 2462 se
1099 2391 1169 2450 mato

148 2477 274 2565 agmine
292 2485 483 2542 armatorum
503 2475 609 2542 mixtis
628 2487 745 2544 terrore
762 2476 909 2564 precibus
927 2488 1061 2545 acturos
1080 2477 1170 2545 effice·

112 2592 129 2640 a
147 2572 214 2638 cius
227 2571 297 2651 rati,
311 2569 549 2658 postulavemmt
565 2571 742 2659 principum
751 2571 898 2638 Etruriae
910 2573 1095 2640 concilium.
1121 2591 1170 2658 quo

147 2677 266 2746 coacto,
284 2688 341 2754 per
358 2675 435 2752 quot
452 2688 551 2732 annos
568 2688 626 2754 pro
644 2666 787 2734 libertate
804 2666 957 2734 dimicent
974 2690 1052 2735 cum
1068 2669 1170 2736 Roma·

145 2762 211 2841 nis,
234 2770 409 2847 exponunt:
436 2762 543 2826 omnia
560 2771 706 2848 expertos
729 2783 814 2841 esse,
838 2761 866 2827 si
884 2761 1021 2830 suismet
1044 2764 1170 2852 ipsorum

112 2854 266 2923 cviribus
292 2853 424 2920 tolerare
450 2866 570 2921 tantam
596 2854 712 2921 molem
734 2854 809 2922 belli
835 2866 984 2943 possent3
1012 2866 1170 2945 temptasse

147 2948 241 3013 etiam
262 2947 349 3015 haud
370 2949 478 3038 magni
499 2951 651 3017 momenti
671 2949 874 3016 finitimarum
891 2952 1041 3038 gentium
1060 2951 1168 3020 auxilia

145 3042 264 3131 petisse
289 3064 401 3131 pacem
427 3067 447 3110 a
471 3043 590 3130 populo
616 3043 775 3125 Romano,
803 3067 876 3111 cum
902 3043 1028 3113 bellum
1055 3047 1169 3114 tolerare
1207 3068 1211 3141 p

144 3162 209 3205 non
229 3148 375 3226 possent,
401 3137 586 3217 rebellasse,
613 3139 700 3224 quod
724 3161 789 3225 pax
815 3139 1032 3208 servientibus
1060 3140 1169 3230 gravior
1207 3144 1211 3219 t

112 3253 241 3320 aquam
262 3235 369 3302 liberis
390 3233 510 3301 bellum
531 3245 624 3301 esset.
660 3248 756 3301 unam
775 3234 835 3301 sibi
858 3257 951 3322 spem
974 3234 1167 3325 reliquamin
1209 3234 1211 3293 ἶ

144 3329 290 3398 Etruscis
319 3339 455 3409 restare3
492 3329 585 3409 scire,
612 3340 739 3418 gentem
765 3329 876 3395 Italiae
907 3331 1168 3417 opulentissimam
1206 3302 1211 3413 l

146 3424 631 3511 armis,vi1is,pecuniaesse;
658 3424 774 3491 habere
795 3423 919 3490 accolas
946 3423 1080 3506 Gallos,
1104 3427 1168 3490 inter
1208 3432 1211 3505 ξ

144 3516 264 3583 ferrum
286 3528 317 3583 et
339 3542 426 3585 arma
447 3529 553 3598 natos,
580 3519 702 3586 feroces
729 3541 801 3584 cum
828 3528 942 3604 suopte
965 3521 1097 3608 ingenio
1118 3536 1168 3582 tou
1208 3540 1211 3587 t

144 3610 297 3677 adversus
314 3612 486 3693 Romanos,
505 3612 671 3701 populum,
690 3636 784 3699 quem
803 3625 932 3699 captum
952 3639 973 3681 a
991 3638 1028 3682 se
1047 3630 1167 3698 auroque
1208 3626 1211 3697 j

111 3725 126 3773 ⁷
144 3706 352 3793 redemptum,
370 3707 456 3774 haud
469 3731 551 3775 vana
567 3709 729 3786 iactantes,
747 3718 933 3774 memorent.
962 3710 1045 3776 nihil
1063 3711 1165 3777 abesse
1208 3708 1211 3773 l

146 3803 173 3868 si
191 3801 232 3869 sit
249 3801 373 3869 animus
386 3802 531 3870 Etruscis
549 3803 604 3889 qui
621 3801 795 3869 Porsinnae
813 3802 979 3887 quondam
997 3804 1166 3872 maioribus
1209 3802 1211 3839 ⁵

146 3917 208 3980 que
230 3919 338 3964 eorum
360 3897 467 3977 fuerit,
491 3897 568 3983 quin
585 3896 747 3964 Romanos
769 3896 855 3962 omni
877 3920 959 3984 agro
978 3900 1026 3964 cis
1045 3897 1166 3964 Tiberim

144 3989 253 4076 pulsos
271 3991 419 4059 dimicare
436 4014 493 4079 pro
512 3991 613 4057 salute
632 4014 700 4070 sua,
718 4013 782 4056 nou
800 3991 840 4056 de
858 3991 1061 4060 intolerando
1075 3990 1166 4058 ltaliae
