2566 4524
242 252 591 336 emeramensi.
611 266 832 338 [acaustoe]
990 257 1053 324 491
1151 296 1157 307 ·

11 423 152 512 publica
172 421 304 510 inpensa
322 422 434 488 factae.
471 431 502 488 et
520 445 592 488 cum
610 422 925 512 Carthaginiensibus
942 429 1054 495 eodem
1071 451 1105 500 aa

10 532 104 586 anno
121 516 238 583 foedus
255 516 348 582 tertio
364 526 548 583 renovatum
566 517 741 605 legatisque
758 541 876 599 eorum,
891 522 946 606 qui
963 522 1054 589 adid

10 621 184 690 venerant,
202 610 334 676 comiter
350 632 482 677 munera
499 611 605 677 missa.

82 704 319 772 XXXXIIH.
353 704 551 772 Dictatorem
567 706 652 772 idem
669 729 770 774 annus
787 706 899 774 habuit
915 708 955 774 P.
975 708 1054 776 Cor·
1073 732 1086 780 1

10 800 144 867 nelium
164 794 347 886 Scipionem
364 821 438 865 cum
455 801 607 888 magistro
624 801 764 886 equitum
781 800 820 868 P.
833 803 937 869 Decio
949 803 1053 870 Mure.

10 895 56 963 ab
70 892 138 973 his,
153 902 282 981 propter
293 915 375 979 quae
389 895 484 960 creati
497 905 594 974 erant,
609 895 735 962 comitia
748 897 924 962 consularia
936 898 1053 978 hahita,
1072 919 1087 968 a

10 988 96 1076 quia
112 998 227 1053 neuter
243 988 409 1053 consulum
425 997 592 1075 potuerant
608 989 691 1056 bello
709 989 830 1056 abesse.
867 991 963 1056 creati
979 1013 1055 1058 con-

10 1083 109 1150 sules
126 1081 171 1147 L.
189 1080 387 1160 Postumius,
406 1082 455 1147 Ti.
470 1081 641 1149 Minucius.
677 1082 735 1149 hos
754 1083 899 1150 consules
915 1084 993 1152 Piso
1012 1085 1088 1170 ζμ

10 1176 124 1245 Fabio
148 1185 180 1242 et
200 1173 239 1241 P.
257 1174 362 1242 Decio
384 1177 526 1264 suggerit
547 1177 674 1243 biennio
692 1187 851 1264 exempto,
874 1200 937 1263 quo
956 1178 1053 1245 Clau-

10 1273 113 1339 dium
131 1268 402 1356 Volumniumque
420 1282 452 1336 et
470 1270 651 1338 Cornelium
672 1294 745 1337 cum
762 1272 885 1338 Marcio
906 1274 1052 1340 consules

10 1367 126 1433 fictos
149 1365 344 1430 tradidimus.
380 1367 569 1433 memoriane
591 1367 708 1454 fugerit
728 1367 761 1432 in
778 1367 943 1434 annalibus
964 1369 1088 1455 diga-t

10 1459 130 1528 tendis
150 1478 191 1524 an
208 1458 351 1524 consulto
369 1458 459 1526 binos
478 1460 638 1539 consules,
657 1459 756 1527 falsos
773 1471 874 1540 ratus,
893 1470 1053 1527 monscen-

10 1555 112 1632 derit,
129 1553 285 1618 incertum
303 1561 360 1618 est

82 1647 213 1714 Eodem
230 1668 313 1712 anno
329 1648 364 1712 in
381 1668 527 1734 campum
539 1645 702 1715 Stellatem
715 1649 783 1736 agri
794 1647 949 1736 Campani
959 1647 1054 1716 Sarn-
1068 1670 1086 1722 1

10 1743 135 1810 mitium
153 1740 348 1807 incursiones
367 1741 479 1821 factae.
514 1743 620 1826 itaque
638 1741 732 1808 ambo
750 1742 894 1809 consules
911 1743 946 1807 in
960 1741 1086 1816 Sam-a

10 1838 109 1903 nium
128 1835 229 1902 missi.
266 1856 340 1901 cum
357 1837 497 1902 diversas
515 1837 669 1923 regiones,
680 1836 844 1902 Tifernum
857 1836 1050 1916 Postumius,

10 1929 204 1999 Bovianum
220 1929 382 1996 Minucius
400 1931 540 2017 petisset,
558 1929 704 1996 Postumi
720 1932 807 2019 prius
825 1931 922 1997 ductu
938 1931 980 1996 ad
997 1931 1054 1997 Ti-

10 2027 149 2093 fernum
170 2034 355 2112 pugnatum.
395 2025 449 2090 alii
474 2025 560 2090 haud
584 2025 680 2091 dubie
704 2023 862 2092 Samnites
888 2027 988 2093 victos
1015 2047 1086 2098 act

10 2120 136 2209 viginti
163 2118 250 2184 milia
274 2118 438 2184 hominum
464 2128 556 2204 capta
581 2120 721 2197 uadunt,
744 2120 798 2185 alii
819 2120 924 2186 Marte
950 2142 1085 2206 aequos

10 2216 202 2283 discessum
220 2222 251 2277 et
263 2211 464 2278 Postumium
480 2221 600 2278 metum
617 2213 817 2277 simulantem
833 2223 985 2280 nocturno
1003 2215 1053 2279 iti-

10 2328 98 2377 nere
110 2307 194 2372 clam
210 2306 245 2371 in
261 2317 383 2372 montes
400 2307 507 2392 copias
526 2305 706 2382 abduxisse,
724 2305 831 2372 hostes
850 2316 974 2371 secutos
989 2307 1051 2372 duo

10 2402 110 2471 nfflia
134 2401 209 2466 iude
235 2400 312 2478 locis
338 2401 466 2466 munitis
493 2411 525 2465 et
549 2401 636 2486 ipsos
658 2400 849 2465 consedisse.
884 2399 995 2464 consul
1016 2413 1085 2470 uta

10 2498 140 2568 stativa
156 2505 225 2560 tuta
240 2496 480 2580 copiosaque-
490 2506 521 2560 et
538 2495 582 2560 ita
599 2503 737 2560 eraut-
749 2494 867 2580 petisse
884 2494 1051 2573 videretur,

10 2601 193 2683 postquam
210 2599 243 2655 et
258 2590 459 2654 munimentis
477 2599 580 2655 castra
596 2589 732 2654 firmavit
749 2598 780 2654 et
797 2589 883 2653 omni
900 2598 1052 2674 apparatu

10 2706 128 2756 rerum
145 2684 270 2748 utilium
287 2684 448 2762 instruxit,
469 2684 578 2749 relicto
599 2683 690 2749 firmo
711 2682 868 2769 praesidio
885 2683 926 2747 de
943 2682 1051 2768 vigilia
1071 2703 1103 2751 10

10 2780 113 2850 tertia
129 2798 197 2863 qua
213 2777 286 2842 duci
307 2778 449 2864 proxime
466 2790 571 2863 potest
589 2779 750 2864 expeditas
772 2777 913 2865 legiones
931 2778 972 2842 ad
989 2777 1053 2843 col·

10 2877 128 2965 legam
142 2882 176 2936 et
187 2871 292 2958 ipsum
304 2872 456 2937 adversus
469 2873 548 2937 alios
563 2874 724 2938 sedentem
738 2873 833 2938 ducit.
862 2872 908 2938 ibi
925 2881 1052 2938 auctore
1070 2893 1103 2942 11

10 2965 192 3039 Postumio
208 2964 371 3032 Minucius
394 2988 467 3032 cum
487 2966 632 3032 hostibus
656 2969 747 3053 signa
769 2967 903 3045 confert,
926 2978 958 3032 et
980 2989 1052 3033 cum
1153 3026 1154 3029 ,

10 3083 142 3149 anceps
160 3060 316 3147 proelium
333 3061 367 3126 in
383 3060 518 3125 multum
534 3060 597 3125 diei
614 3059 834 3146 processisset,
853 3071 921 3124 tum
937 3059 1053 3125 Postu-

10 3161 103 3229 mius
126 3154 260 3241 integris
283 3154 460 3242 legionibus
478 3154 638 3220 defessam
653 3155 717 3220 iam
735 3155 835 3220 aciem
851 3153 989 3218 hostium
1005 3155 1053 3218 in-

10 3240 302 3347 proviso'invadit.
336 3249 443 3334 itaque
465 3270 537 3314 cum
558 3248 712 3315 lassitudo
733 3269 771 3314 ac
791 3248 921 3314 vulnera
941 3247 1052 3334 fugam
1071 3266 1103 3316 12

10 3365 153 3438 guoque
168 3345 415 3430 praepedissent,
428 3345 589 3410 occidione
601 3344 698 3410 occisi
713 3343 830 3421 hostes,
846 3343 937 3428 signa
953 3364 1052 3407 unum

10 3456 42 3515 at
59 3438 187 3528 viginti
207 3449 300 3525 capta
320 3451 415 3524 atque
435 3438 509 3505 inde
526 3440 567 3513 ad
585 3449 688 3504 castra
703 3438 849 3504 Postumi
864 3445 1051 3524 perrectum.

10 3539 57 3608 bi
89 3533 161 3600 duo
185 3533 319 3598 victores
346 3533 500 3599 exercitus
526 3532 705 3618 perculsum
729 3532 795 3597 iam
818 3530 905 3597 fama
929 3530 1053 3598 hostem
1072 3549 1105 3602 1s

10 3627 124 3701 adorti
153 3625 289 3691 frmdunt
311 3626 500 3714 fugantque:
527 3627 619 3714 sigua
638 3625 785 3691 militaria
811 3647 868 3692 sex
889 3635 921 3691 et
941 3624 1054 3712 viginti

10 3733 117 3813 napta
145 3730 177 3786 et
202 3720 372 3808 imperator
398 3719 586 3788 Samnitium
610 3718 730 3787 Statius
753 3717 876 3787 Gellius
902 3721 1052 3804 multique
1147 3792 1151 3798 ,

10 3821 71 3889 rlfi
89 3814 245 3884 mortales
262 3826 294 3882 et
311 3826 414 3882 castra
433 3825 565 3902 utraque
587 3825 687 3902 capta
723 3825 755 3882 et
771 3816 949 3883 Romanum
966 3815 1051 3892 urbs,
1073 3831 1106 3881 14

10 3922 154 4006 postero
175 3911 228 3977 die
249 3921 360 3998 coepta
385 3911 575 3998 oppugnari,
601 3911 850 3999 brevicapitur,
876 3929 1053 3997 magnaque

10 4009 127 4102 gloria
142 4029 249 4075 rerum
265 4017 427 4096 gestamm
445 4007 590 4074 consules
608 4008 846 4094 triumpharunt.
875 4005 1053 4071 Minucium
1072 4023 1104 4072 15
