2566 4524
213 306 215 311 -
321 280 439 336 nmen
455 259 541 354 vm,
560 282 584 337 o.
599 282 623 337 r.
643 285 680 352 [a.
691 279 721 338 c.
730 282 793 353 340]
1010 271 1074 341 toa

67 448 241 528 aperentur,
269 438 395 503 edicunt
418 439 578 518 consules,
605 441 738 525 nequis
762 450 850 507 extra
871 443 1013 509 ordinem
1038 444 1071 511 in

67 544 167 602 istem
184 542 350 620 pugnaret.

103 628 184 694 VII.
224 627 321 693 Forte
346 627 427 691 inter
453 636 572 693 ceteros
599 638 773 695 turmarum
797 629 988 716 praefectos,
1016 634 1104 716 qui1

67 723 239 811 ploratum
265 721 299 786 in
324 743 433 786 omnes
458 730 564 808 partes
591 723 714 789 dimissi
739 734 840 803 erant,
868 725 907 790 Τ.
930 725 1071 792 Manlius

67 817 181 884 »usulis
203 816 287 880 filius
311 838 405 902 super
426 825 529 882 castra
550 816 689 883 hostium
712 841 784 883 curn
802 820 867 885 suis
886 821 1071 886 turmalibus

67 912 156 990 rasit,
184 910 229 975 ita
249 918 286 978 ut
307 910 362 975 vix
382 909 437 975 teli
457 911 542 975 iectu
564 910 604 976 ab
624 911 756 978 statione
774 914 918 999 proxima
936 915 1071 981 abesset.

67 1008 79 1074 i
98 1003 280 1071 Tusculani
302 1014 390 1070 erant
412 1005 546 1089 equites3
573 1015 716 1094 praeerat
739 1004 892 1075 Geminus
915 1008 1069 1088 Maecius,
1091 1029 1106 1076 2

67 1126 83 1168 r
103 1122 183 1167 cum
199 1121 314 1186 genere
332 1099 414 1165 inter
431 1122 506 1166 suos
525 1110 592 1166 tum
614 1100 706 1166 factis
730 1101 841 1168 clarus.
884 1103 913 1168 is
935 1102 990 1168 ubi
1007 1104 1106 1170 lto-a

67 1218 152 1263 anos
177 1193 297 1278 equites
319 1193 539 1281 insignemque
560 1195 641 1260 inter
663 1217 717 1262 eos
739 1196 977 1282 praecedentem
999 1220 1073 1263 con-

67 1291 120 1356 dis
141 1289 245 1354 filium
266 1325 308 1336 -
329 1311 403 1353 nam
426 1310 535 1354 omnes
557 1289 638 1355 inter
660 1311 694 1356 se
715 1290 823 1374 utique
844 1290 991 1357 inlustres
1013 1293 1073 1357 viri
1150 1364 1152 1368 Α

67 1385 106 1450 >ti
127 1392 216 1449 erant
234 1420 275 1432 —
293 1383 454 1470 cognovit:
476 1383 604 1448 ‘unane'
622 1384 665 1448 eit
683 1389 811 1464 ‘turma
830 1385 980 1464 Romani,
1000 1408 1072 1452 cum
1090 1407 1107 1454 4

67 1477 169 1546 atinis
189 1476 344 1561 sociisque
361 1476 479 1542 bellum
496 1477 616 1564 gesturi
639 1478 734 1544 estis?
759 1479 836 1562 quid
856 1480 975 1545 interea
997 1502 1072 1548 eon-

67 1573 143 1653 des,
167 1571 245 1656 quid
263 1571 326 1636 duo
345 1572 498 1638 exercitus
518 1572 697 1638 consulares
720 1573 845 1660 agent?
873 1573 1018 1640 ‘aderunt
1039 1575 1072 1639 in
1091 1595 1105 1644 5

67 1666 197 1754 mpore'
214 1665 354 1731 Manlius
371 1665 474 1749 inquit
492 1671 538 1730 ‘et
555 1688 627 1733 cum
644 1666 705 1733 illis
724 1668 824 1732 aderit
835 1667 978 1754 Iuppiter
991 1669 1070 1754 ipse,

67 1763 207 1828 ederum
231 1785 250 1825 a
271 1759 361 1825 vobis
385 1760 571 1826 violatorum
593 1761 697 1838 testis,
721 1763 776 1845 qui
792 1761 864 1846 plus
881 1771 986 1848 potest
1003 1762 1072 1848 pol-

67 1869 156 1945 tqne.
204 1858 231 1922 si
262 1857 303 1923 ad
333 1856 493 1944 Regillum
522 1857 626 1935 lacum
657 1857 698 1921 ad
729 1857 904 1921 satietatem
933 1866 1104 1925 vestrame

67 1953 270 2041 ignovimus,
300 1951 353 2016 hic
377 1971 503 2035 quoque
532 1951 705 2017 efficiemus
730 1949 885 2037 profecto,
917 1973 958 2016 ne
978 1952 1071 2015 nimis

67 2047 130 2112 ries
146 2045 236 2111 vobis
255 2055 286 2110 et
304 2045 426 2111 conlata
444 2045 535 2132 signa
556 2044 722 2111 nobiscum
744 2045 831 2112 cordi
852 2045 933 2110 sint'
973 2046 1014 2110 ad
1036 2067 1105 2113 ear

67 2139 201 2207 'feminus
223 2139 353 2226 paulum
376 2139 416 2205 ab
439 2139 505 2204 suis
528 2161 609 2224 equo
631 2149 814 2226 provectus:
842 2140 945 2205 ‘visne
967 2138 1071 2226 igitur,

67 2260 119 2302 nm
138 2235 206 2300 dies
225 2235 287 2300 ista
303 2234 403 2312 venit,
426 2255 490 2317 qua
506 2256 623 2322 magno
642 2242 755 2300 conatu
773 2233 928 2298 exercitus
946 2255 1073 2297 movea-

67 2355 95 2411 s,
123 2330 245 2395 interea
265 2338 301 2394 tu
322 2329 391 2415 ipse
413 2329 561 2416 congredi
583 2349 721 2406 mecum,
748 2335 788 2390 ut
804 2334 911 2392 nostro
938 2325 1071 2393 duorum

67 2449 103 2491 m
132 2424 208 2489 hinc
234 2433 348 2493 eventu
374 2433 526 2503 cernatur,
554 2434 706 2509 quantum
728 2444 824 2506 eques
846 2423 982 2487 Latinus
1005 2422 1071 2487 Ro-

67 2542 137 2586 lano
158 2519 328 2605 praestett'
353 2528 458 2585 movet
479 2519 617 2584 ferocem
640 2517 780 2585 animum
800 2516 923 2582 iuvenis
947 2537 1004 2581 seu
1024 2516 1071 2580 ira
1088 2529 1104 2578 8

67 2637 101 2681 eu
124 2613 319 2680 detractandi
341 2613 517 2680 certaminis
538 2613 641 2699 pudor
663 2633 720 2676 seu
740 2608 999 2696 inexsuperabilis
1021 2609 1070 2674 vis

67 2709 108 2774 tti.
140 2707 257 2775 oblitus
274 2708 379 2791 itaque
395 2707 518 2794 imperii
530 2706 622 2794 patrii
635 2705 862 2790 consulumque
875 2704 969 2770 edicti
981 2724 1071 2790 prae-

67 2823 118 2890 eps
146 2803 189 2868 ad
213 2802 248 2866 id
273 2811 430 2867 certamen
452 2801 564 2889 agitur,
591 2823 655 2885 quo
676 2799 814 2866 vinceret
835 2821 876 2864 an
896 2798 1072 2863 vinceretur

67 2897 129 2964 aud
146 2896 281 2962 multum
298 2896 471 2963 interesset.
517 2894 673 2979 equitibus
692 2895 802 2960 ceteris
820 2892 906 2960 velut
923 2892 964 2958 ad
983 2913 1072 2979 spec·
1090 2908 1105 2956 9

67 2992 185 3058 reulum
203 2990 367 3058 summotis
386 2990 501 3078 spatio,
523 2990 609 3074 quod
625 2988 718 3055 vacui
734 2985 936 3054 interiacebat
958 2987 1070 3072 campi,

67 3085 196 3153 dversos
227 3086 384 3152 concitant
415 3107 531 3170 equos,
568 3092 599 3149 et
629 3105 701 3148 cum
731 3082 854 3147 infestis
888 3079 1070 3166 cuspidibus

67 3181 290 3258 oncmrissent,
312 3179 426 3245 Manlii
443 3178 548 3266 cuspis
567 3200 661 3264 super
677 3176 801 3263 galeam
818 3173 931 3251 hostis,
954 3172 1071 3237 Maecii

67 3294 131 3341 ans
149 3275 303 3341 cervicem
321 3275 394 3359 equi
411 3274 519 3360 elapsa
536 3281 593 3338 cst.
629 3271 824 3338 circumactis
847 3267 959 3334 deinde
981 3266 1069 3351 equis
1090 3283 1122 3330 10

67 3388 114 3436 dm
142 3369 229 3456 prior
253 3370 295 3435 ad
319 3368 495 3435 iterandum
520 3368 618 3433 ictum
642 3365 783 3432 Manlius
814 3361 1070 3440 consurrexisset,

67 3464 203 3548 piculam
219 3465 301 3530 inter
317 3487 409 3530 aures
427 3463 500 3548 equi
512 3462 590 3529 fixit.
622 3463 663 3528 ad
681 3461 769 3527 cuius
787 3459 925 3525 vulneris
944 3481 1072 3525 sensum

67 3577 116 3626 rm
148 3580 250 3644 equus
280 3557 436 3646 prioribus
466 3557 600 3646 pedibus
632 3556 743 3623 erectis
774 3578 890 3642 magna
920 3554 953 3619 vi
978 3562 1073 3640 caput

67 3661 202 3731 uateret,
229 3653 370 3719 excussit
391 3652 541 3739 equitem,
568 3674 663 3737 quem
686 3650 816 3737 cuspide
836 3670 1008 3736 parmaque
1025 3649 1073 3712 in-
1092 3661 1122 3708 11

67 3743 154 3817 'crum
176 3748 371 3814 attollentem
393 3771 428 3814 se
449 3746 490 3814 ab
512 3747 601 3834 gravi
623 3770 699 3813 casu
719 3746 860 3812 Manlius
887 3744 927 3811 ab
953 3743 1070 3829 iugulo,

67 3852 140 3912 eut
156 3865 215 3930 per
231 3852 336 3910 costas
353 3843 471 3909 ferrum
489 3843 652 3922 emineret,
676 3851 775 3908 terrae
794 3841 911 3907 adfixit.
948 3836 1071 3923 spoliis·
1089 3847 1121 3894 12

67 3957 103 4008 ue
124 3937 219 4005 lectis
241 3938 283 4010 ,ad
304 3960 379 4004 suos
400 3946 544 4004 revectus
567 3960 640 4003 cum
657 3947 769 4004 ovante
787 3936 903 4024 gaudio
921 3940 1022 3996 turma
1038 3928 1070 3992 in

67 4042 148 4102 stra
164 4041 260 4120 atque
277 4031 351 4100 inde
368 4032 410 4099 ad
421 4032 612 4121 praetorium
625 4033 665 4099 ad
678 4041 798 4119 patrem
813 4028 923 4180 tepglit,
942 4025 1069 4111 ignarus
