2566 4524
235 246 795 319 ··n1ssavn11,31.sa[ac.311]
990 234 1056 303 475

77 406 214 471 ationem
233 403 318 482 fecit,
332 404 408 469 dum
422 427 509 469 arma
521 404 657 490 capiunt,
678 406 815 473 sarcinas
834 416 1008 494 congerrmt
1020 408 1054 474 in

77 501 176 579 iium3
203 499 277 566 dein
294 508 476 585 postquam,
499 508 534 564 ut
551 498 685 584 quisque
702 499 888 566 liberaverat
906 524 941 567 se
959 523 1054 568 onere

77 604 245 679 averatque
263 594 369 672 armis,
389 593 429 658 ad
447 593 538 680 signa
555 593 694 678 undique
713 592 838 660 coibant
855 604 888 660 et
902 596 985 661 notis
1004 618 1054 661 or-

76 689 148 754 ibus
170 689 204 753 in
226 697 331 755 vetere
358 684 524 773 disciplina
549 687 678 753 militiae
703 688 766 753 iam
793 689 860 754 sine
885 699 1053 777 praecepto

77 807 115 848 us
139 805 198 848 sua
220 792 332 869 sponte
359 780 536 847 struebatur
558 782 656 861 acies,
682 783 793 849 consul
819 786 861 850 ad
886 785 1054 871 ancipitem
1072 809 1104 857 10

77 877 160 942 xime
176 900 318 965 pugnam
336 877 486 942 advectus
504 877 609 943 desilit
631 899 671 942 ex
689 899 770 961 equo
788 888 820 944 et
836 879 947 945 Iovem
964 879 1054 945 Mar-

77 994 148 1056 rque
166 981 260 1055 atque
278 971 356 1036 alios
374 980 507 1037 testatur
524 971 610 1049 deos,
626 993 660 1036 se
674 971 793 1036 nullam
811 996 902 1038 suam
919 974 1053 1060 gloriam

77 1090 109 1146 e,
128 1067 185 1132 sed
201 1067 351 1152 praedam
369 1066 460 1130 militi
477 1075 679 1150 quaerentem
695 1067 729 1129 in
747 1089 819 1130 eum
836 1066 940 1132 locum
958 1068 1052 1134 deve-

77 1184 107 1228 se
127 1182 231 1245 neque
252 1161 286 1226 in
308 1184 343 1226 se
365 1160 450 1226 aliud
472 1183 568 1245 quam
593 1161 722 1226 nimiam
749 1161 869 1226 ditandi
895 1184 935 1226 ex
961 1162 1051 1228 hoste
1073 1187 1103 1234 11

76 1255 129 1321 itis
153 1277 260 1321 curam
281 1255 466 1342 reprebendi
487 1276 592 1340 posse.
633 1254 673 1321 ab
691 1277 729 1329 eo
753 1277 787 1320 se
809 1256 962 1322 dedecore
983 1257 1053 1321 nul-

77 1379 83 1415 ι
101 1372 169 1416 rem
182 1351 276 1415 aliam
289 1372 384 1435 quam
396 1350 544 1416 virtutem
556 1350 691 1415 militum
702 1351 939 1416 vindicatmam.
968 1351 1053 1417 coni-
1072 1373 1104 1422 12

77 1455 161 1512 entur
177 1445 271 1511 modo
288 1467 352 1511 uno
370 1445 474 1511 animo
493 1466 601 1510 omnes
619 1445 767 1512 invadere
784 1445 919 1525 hostem,
933 1446 1053 1511 victum

77 1562 98 1617 a,
113 1539 223 1604 castris
237 1550 376 1617 exutum,
387 1539 539 1605 nudatum
552 1538 694 1618 urbibus,
709 1540 851 1606 ultimam
866 1562 955 1626 spem
968 1541 1052 1607 furto

77 1635 205 1701 ‚diarum
231 1644 435 1721 temptantem
457 1645 489 1700 et
510 1635 593 1714 loco,
621 1658 686 1700 non
711 1635 806 1701 armis
828 1635 954 1702 fretum.
997 1637 1054 1701 sed
1072 1658 1104 1707 13

77 1752 115 1794 ÷m
138 1751 208 1795 esse
228 1730 293 1795 iam
314 1731 422 1795 virtuti
442 1730 606 1796 Romanae
627 1730 903 1819 inexpugnabilem
929 1732 1053 1798 locum?

77 1823 208 1912 tgellana
220 1847 277 1889 arx
287 1821 470 1910 Soranaque
483 1834 515 1890 et
531 1824 722 1910 ubicumque
739 1827 847 1910 iniquo
866 1848 1052 1892 successum

77 1919 174 1986 tloco
191 1919 454 1987 memorabantur.
489 1920 539 1987 his
557 1943 709 1987 accensus
731 1922 822 1986 miles
841 1922 982 1988 omnium
1004 1921 1053 1986 in·
1071 1941 1104 1988 14
1201 1990 1204 1995 ,

77 2037 142 2085 mor
159 2013 399 2093 difficultatium,
418 2015 505 2080 vadit
522 2017 674 2083 adversus
691 2016 895 2085 inminentem
912 2016 1051 2082 hostium

77 2132 131 2174 am.
167 2107 212 2173 ibi
228 2109 358 2194 paulum
374 2109 491 2175 laboris
510 2109 585 2189 fuit,
604 2112 680 2176 dum
697 2112 731 2176 in
749 2113 917 2178 adversum
936 2112 1052 2178 clivum

77 2205 151 2292 gitur
168 2225 296 2291 agmen3
320 2213 458 2270 cetemm
475 2213 644 2289 postquam
660 2205 762 2290 prima
780 2206 872 2291 signa
888 2207 1051 2290 planitiem
1071 2226 1103 2275 15

77 2320 177 2363 rmam
196 2308 344 2384 cepemnt
362 2298 521 2384 sensitque
539 2298 633 2377 acies,
647 2319 748 2381 aequo
767 2320 802 2362 se
818 2298 883 2362 iam
900 2298 1051 2363 institisse

77 2417 99 2473 o,
113 2416 224 2460 versus
242 2395 399 2481 extemplo
413 2402 461 2458 est
478 2403 576 2458 terror
588 2393 622 2458 in
638 2392 846 2470 insidiatores,
861 2393 1051 2476 easdemque

77 2489 166 2568 abrae,
185 2490 299 2574 quibus
318 2514 353 2556 se
370 2489 464 2576 paulo
482 2498 555 2554 ante
572 2496 724 2564 texerant,
743 2487 840 2573 palati
857 2496 952 2571 atque
969 2488 1052 2552 iner-

77 2608 87 2650 s
113 2584 192 2671 fuga
217 2585 409 2671 repetebant.
454 2584 511 2650 sed
535 2584 606 2650 loca
632 2583 774 2650 difficilia
799 2583 883 2649 hosti
909 2583 1052 2667 quaesita
1073 2603 1112 2654 16‘

77 2702 105 2744 >s
124 2689 192 2744 tum
210 2702 267 2744 sua
284 2679 396 2745 fraude
413 2678 625 2766 inpediebant.
661 2678 767 2762 itaque
786 2700 862 2765 ergo
884 2676 1050 2763 perpaucis

77 2775 176 2862 rgium
193 2775 307 2860 patuit:
335 2797 428 2841 caesa
446 2776 487 2840 ad
504 2775 617 2863 viginti
633 2773 720 2839 milia
737 2775 914 2852 hominum,
937 2773 1052 2838 victor·

77 2869 255 2936 tRomanus
274 2871 316 2935 ad
332 2870 470 2936 oblatam
488 2869 528 2936 ab
546 2870 637 2936 hoste
655 2870 804 2956 praedam
821 2891 970 2955 pecorum
988 2868 1052 2934 dis·

77 2965 124 3029 rit.

82 3046 240 3124 XXXII.
266 3058 356 3125 Dum
373 3059 453 3126 haec
469 3067 621 3146 geruntur
637 3058 671 3123 in
691 3056 836 3135 Samnio,
859 3058 923 3122 iam
940 3075 1051 3123 omnes
1069 3075 1085 3123 1

77 3154 166 3218 uriae
188 3154 298 3240 populi
318 3164 442 3241 praeter
460 3153 623 3220 Arretinos
645 3153 687 3218 ad
708 3175 795 3218 arma
815 3152 916 3217 ierant
937 3150 977 3216 ab
996 3172 1053 3236 op-

77 3249 190 3334 gnando
208 3245 325 3326 Sutrio,
344 3271 424 3332 quae
440 3248 517 3315 urbs
536 3248 621 3316 socia
637 3247 790 3315 Romanis
808 3243 896 3311 velut
913 3244 1051 3310 claustra
1095 3277 1097 3281 v

77 3344 166 3408 uriae
186 3353 260 3421 erat,
279 3343 391 3430 ingens
410 3344 474 3410 orsi
491 3344 618 3410 bellum.
655 3365 693 3409 eo
710 3343 789 3408 alter
806 3340 972 3407 consulum
984 3338 1085 3406 Aee

77 3438 124 3503 ius
143 3460 215 3503 cum
234 3439 371 3503 exercitu
390 3438 432 3503 ad
452 3437 631 3504 liberandos
649 3437 812 3506 obsidione
834 3434 938 3502 socios
955 3434 1051 3501 venit.

77 3532 260 3599 'enientibus
276 3533 430 3599 Romanis
446 3530 566 3600 Sutrini
584 3541 776 3599 commeatus
794 3529 930 3619 benigne
947 3531 982 3597 in
999 3552 1053 3597 ca·

77 3652 85 3692 ι
107 3635 180 3694 ante
201 3627 313 3694 urbem
334 3629 438 3714 posita
458 3628 623 3694 advexere.
658 3627 788 3694 Etrusci
809 3627 894 3693 diem
914 3626 1085 3713 primumn

77 3720 243 3802 sustando,
261 3731 454 3789 maturarent
470 3721 669 3789 traherentne
685 3721 818 3802 bellum,
836 3722 1051 3788 traduxerunt.

79 3826 146 3883 tero
160 3817 221 3896 die,
239 3816 295 3885 ubi
312 3817 461 3883 celeriora
472 3839 568 3902 quam
585 3816 701 3884 tutiora
717 3817 848 3884 consilia
864 3814 966 3900 magis
984 3811 1052 3899 pla·
1097 3870 1100 3876 .

77 3933 112 3977 re
136 3910 285 3990 ducibus,
309 3910 375 3978 sole
392 3921 461 3978 orto
483 3913 610 3999 signum
630 3934 757 4000 pugnae
777 3907 973 3996 propositum
991 3914 1049 3985 est,

77 4005 203 4090 ratique,
219 4005 256 4073 in
274 4005 375 4072 aciem
400 3999 583 4093 procedunt
623 4005 710 4089 quod
734 4013 902 4090 postquam
928 3997 1086 4066 consulis

988 4194 1157 4262 *a
