2566 4524
315 254 433 310 arnna
450 256 493 327 11,
507 256 549 313 51.
562 257 605 312 aa.
618 248 664 326 p.
674 256 704 314 o.
715 258 864 328 tta-476]
1046 249 1109 315 113

79 423 157 480 esset
170 422 338 477 revocatus
342 437 353 491 3
371 414 513 498 adeoque
526 414 559 479 id
572 413 690 480 bellum
707 414 784 502 ipsis
802 416 914 482 institit
931 419 1107 498 moenibus,

79 518 108 574 ut
123 508 228 597 primo
245 517 422 594 pugnatum
443 511 485 574 ad
503 507 582 595 Spei
603 511 644 575 sit
666 533 766 595 aequo
784 511 903 590 Marte,
931 513 1045 579 iterum
1066 517 1107 580 ad

78 613 194 690 portam
210 601 379 667 Collinam.
405 602 451 667 ibi
463 625 654 688 quamquam
671 627 769 690 parvo
787 617 946 672 momento
965 609 1107 694 superior
1125 631 1141 680 3

79 697 219 762 Romana
235 719 288 761 res
306 696 379 774 fuit,
397 697 559 763 meliorem
573 709 678 763 tamen
692 699 823 764 militem
835 714 961 788 recepto
974 703 1106 788 pristino

79 793 178 856 animo
196 792 233 856 in
250 791 357 856 futura
372 792 491 878 proelia
508 793 541 857 id
559 804 717 859 certamen
734 794 818 859 fecit.

132 885 178 950 A.
188 884 363 972 Verginius
382 896 413 951 et
432 881 488 972 Sp.
505 885 658 953 Servilius
676 889 821 953 consules
839 889 927 954 fiunt.
963 901 1037 977 post
1053 914 1105 958 ac-
1122 915 1140 963 4

77 996 195 1066 ceptam
213 981 389 1065 proximam
401 1003 527 1068 pugnae
542 983 664 1047 cladem
672 981 822 1048 Veientes
836 984 1015 1051 abstinuere
1029 987 1105 1052 acie.

77 1075 292 1162 populationes
309 1086 397 1140 erant
415 1087 446 1140 et
462 1076 549 1141 velut
566 1078 606 1142 ab
624 1099 695 1142 arce
708 1077 842 1142 Ianiculi
858 1081 978 1165 passim
995 1081 1029 1145 in
1041 1081 1107 1146 Ro-

77 1193 202 1235 manum
219 1193 332 1256 agrum
349 1171 484 1255 impetus
504 1171 630 1237 dabant.
661 1196 725 1238 non
742 1196 878 1257 usquam
895 1196 1010 1259 pecora
1027 1184 1104 1253 tuta,

77 1289 137 1330 non
162 1278 306 1352 agrestes
333 1276 429 1331 erant.
466 1269 549 1353 capti
572 1269 684 1334 deinde
707 1271 818 1334 eadem
840 1282 905 1335 arte
929 1280 1015 1349 sunt,
1042 1292 1138 1354 quaa

77 1370 218 1445 ceperant
231 1360 359 1425 Fabios.
383 1363 482 1426 secuti
500 1363 605 1427 dedita
622 1386 717 1448 opera
734 1363 854 1449 passim
872 1364 913 1428 ad
929 1363 1104 1430 inlecebras

77 1455 221 1540 propulsa
247 1477 361 1540 pecora
385 1457 628 1542 praecipitavere
655 1459 688 1522 in
718 1458 859 1524 insidias.
902 1481 966 1543 quo
997 1459 1104 1545 plures

77 1560 172 1627 erant,
200 1549 301 1614 maior
323 1552 434 1616 caedes
457 1551 527 1616 suit.
563 1558 603 1616 ex
621 1553 681 1616 hac
698 1553 787 1621 clade
806 1565 895 1618 atrox
912 1554 959 1618 ira
976 1553 1104 1619 maioris
1122 1573 1137 1620 6

77 1643 169 1709 cladis
189 1666 286 1710 eausa
299 1656 392 1730 atque
405 1645 529 1712 initium
541 1647 611 1712 fuit.
639 1648 767 1713 traiecto
782 1649 866 1712 enim
879 1658 970 1713 nocte
985 1648 1103 1727 Tiberi,

77 1750 174 1804 astra
197 1737 312 1805 Servili
335 1741 471 1806 consulis
494 1741 594 1806 adorti
616 1753 689 1807 sunt
711 1765 904 1829 oppugnare.
944 1744 1017 1808 inde
1039 1743 1106 1808 fusi

77 1857 189 1921 nagera
210 1836 306 1900 caede
327 1835 360 1900 in
377 1835 554 1901 Ianiculum
577 1859 611 1901 se
633 1859 727 1923 aegre
744 1859 899 1922 recepere.
936 1837 1104 1901 confestim
1122 1859 1137 1905 ⁷

77 1930 182 1997 ansul
205 1931 326 2015 etipse
349 1933 459 1996 transit
476 1931 631 2009 Tiberim,
654 1942 757 1997 castra
776 1931 835 1997 sub
853 1932 995 1997 Ianiculo
1017 1954 1104 1996 com-

77 2025 182 2089 munit.
207 2037 334 2109 postero
348 2025 398 2090 die
410 2025 480 2090 luce
498 2036 567 2091 orta
583 2027 724 2091 nonnihil
743 2038 774 2091 et
790 2026 938 2092 hesterna
954 2026 1103 2091 felicitate

77 2140 196 2204 pugnae
212 2119 317 2194 ferox,
336 2119 437 2206 magis
456 2129 575 2199 tamen,
595 2122 680 2204 quod
697 2121 803 2207 inopia
825 2121 974 2185 frumenti
992 2142 1103 2205 quam-

77 2213 120 2278 ris
142 2213 175 2277 in
193 2214 392 2299 praecipitia,
420 2215 496 2278 dum
518 2214 666 2281 celeriora
684 2226 803 2291 essent,
828 2215 944 2301 agebat
961 2215 1101 2293 consilia,

77 2329 195 2372 emere
209 2309 344 2373 adverso
365 2309 507 2373 Ianiculo
529 2310 570 2373 ad
593 2320 695 2375 castra
717 2309 854 2374 hostium
877 2310 977 2373 aciem
1004 2309 1103 2373 erexit

77 2401 257 2485 foediusque
275 2402 348 2466 inde
364 2403 476 2489 pulsus
509 2425 603 2486 quam
616 2403 716 2488 pridie
729 2403 906 2489 pepulerat,
925 2403 1103 2469 interventu
1120 2423 1138 2477 8

77 2496 209 2584 mllegae
231 2498 300 2582 ipse
323 2498 541 2582 exercitusque
564 2509 612 2563 est
635 2509 786 2563 servatus.
822 2498 903 2562 inter
920 2498 999 2562 duas
1018 2498 1134 2568 acieso

77 2589 209 2669 Etrusci,
234 2613 307 2655 cum
328 2592 462 2657 invicem
484 2593 534 2657 his
557 2602 650 2677 atque
671 2593 733 2657 illis
756 2602 845 2679 terga
867 2593 990 2669 darent,
1020 2591 1103 2656 occi-

77 2685 159 2751 lione
172 2686 281 2750 occisi.
300 2687 344 2750 ita
357 2709 543 2772 oppressum
558 2688 731 2752 temeritate
745 2686 830 2752 felici
838 2685 956 2752 Veiens
971 2685 1099 2751 bellum.

127 2780 207 2845 LII.
237 2779 404 2845 Urbicum
418 2804 496 2866 pace
513 2782 614 2847 laxior
631 2782 725 2846 etiam
743 2805 867 2847 annona
883 2782 976 2847 rediit
994 2792 1026 2846 et
1043 2781 1100 2846 ad·
1119 2795 1133 2842 1

77 2885 156 2940 recto
170 2898 212 2940 ex
226 2874 403 2961 Campania
420 2876 578 2941 frumento
596 2887 640 2955 et,
658 2887 828 2962 postquam
845 2878 938 2942 timor
956 2876 1016 2942 sibi
1035 2875 1101 2941 cui-

77 2992 127 3054 pue
150 2969 275 3035 futurae
296 2970 421 3056 inopiae
439 2971 529 3049 abiit,
553 2993 605 3048 eo,
628 2972 713 3054 quod
732 2972 873 3036 abditum
890 2971 1007 3048 fuerat,
1030 2994 1102 3056 pro-

77 3077 142 3128 ato.
178 3084 218 3128 ex
238 3065 330 3149 eopia
352 3065 465 3130 deinde
491 3065 616 3150 otioque
642 3065 786 3130 lascivire
812 3089 920 3130 rursus
948 3065 1044 3128 animi
1070 3074 1134 3130 eta

77 3156 199 3223 uistina
222 3160 320 3238 mala,
352 3172 520 3245 postquam
546 3161 623 3227 foris
650 3161 792 3238 deerant,
824 3160 910 3225 domi
940 3180 1099 3242 quaerere.

77 3253 181 3320 ribuni
203 3253 330 3339 plebem
348 3256 467 3341 agitare
485 3278 544 3321 suo
561 3279 698 3334 veneno,
724 3255 846 3341 agraria
863 3254 947 3340 lege,
972 3253 1005 3316 in
1022 3252 1100 3317 resi-

78 3348 175 3414 tentis
194 3348 325 3413 incitare
339 3360 455 3435 patres,
474 3351 584 3416 necin
601 3352 764 3416 universos
783 3350 891 3426 modu,
911 3348 1018 3413 sedin
1036 3349 1101 3413 sin-

77 3444 165 3527 :nlos
196 3441 336 3525 Quintus
347 3443 518 3510 Considius
529 3456 560 3510 et
569 3445 607 3510 T.
619 3443 790 3521 Genucius,
807 3453 948 3508 auctores
958 3444 1099 3529 agrariae
1118 3455 1133 3502 3

77 3538 156 3626 egis,
184 3537 225 3602 Τ.
249 3537 399 3604 Menenio
426 3540 509 3604 diem
536 3540 653 3604 dicunt.
693 3539 828 3624 invidiae
855 3549 921 3603 erat
947 3537 1100 3602 amissum

77 3632 234 3699 {temerae
252 3633 466 3717 praesidium,
481 3657 553 3698 cum
571 3634 657 3699 haud
673 3633 783 3720 procul
800 3634 873 3697 inde
893 3632 1005 3697 stativa
1027 3654 1100 3696 con-

77 3726 316 3792 nlhabuisset:
348 3750 386 3792 ea
413 3729 578 3814 oppressit.
615 3751 688 3792 cum
710 3738 741 3792 et
761 3738 866 3814 patres
890 3727 967 3791 haut
993 3726 1133 3790 minus4

77 3846 158 3907 uam
175 3845 236 3907 pro
251 3820 420 3888 Coriolano
438 3823 540 3888 adnisi
557 3836 664 3889 essent
678 3835 708 3888 et
720 3824 818 3909 patris
832 3822 996 3909 Agrippae
1010 3822 1099 3884 favor

77 3917 218 3982 autdum
236 3916 439 3996 exolevisset,
462 3919 495 3982 in
512 3919 611 3983 multa
629 3928 842 4004 temperarunt
865 3916 995 3981 tribuni:
1024 3923 1131 3977 cuma
1240 3922 1242 3925 ·

77 4011 174 4097 apitis
207 4011 434 4094 anquisissent,
470 4013 534 4078 duo
563 4013 651 4078 milia
681 4014 761 4078 aeris
793 4013 941 4076 damnato
966 4007 1098 4072 multam

112 4129 167 4172 Liri
180 4128 224 4172 ool.
235 4127 254 4170 1.
907 4111 924 4164 8

1083 4170 1235 4266 t*
