<?xml version="1.0" encoding="UTF-8"?>
<!DOCTYPE html PUBLIC "-//W3C//DTD XHTML 1.0 Transitional//EN"
    "http://www.w3.org/TR/xhtml1/DTD/xhtml1-transitional.dtd">
<html xmlns="http://www.w3.org/1999/xhtml" xml:lang="en" lang="en">
 <head>
  <title>
</title>
<meta http-equiv="Content-Type" content="text/html;charset=utf-8" />
  <meta name='ocr-system' content='tesseract 3.04.00' />
  <meta name='ocr-capabilities' content='ocr_page ocr_carea ocr_par ocr_line ocrx_word'/>
</head>
<body>
  <div class='ocr_page' id='page_1' title='image "./titiliviaburbec01weisgoog_0166.png"; bbox 0 0 2566 4524; ppageno 0'>
   <div class='ocr_carea' id='block_1_1' title="bbox 306 155 1094 278">
    <p class='ocr_par' dir='ltr' id='par_1_1' title="bbox 306 155 1094 278">
     <span class='ocr_line' id='line_1_1' title="bbox 306 155 1094 278; baseline -0.001 -20"><span class='ocrx_word' id='word_1_1' title='bbox 306 201 484 275; x_wconf 76' lang='grc'><strong>11111111,</strong></span> <span class='ocrx_word' id='word_1_2' title='bbox 504 203 544 271; x_wconf 76' lang='grc'><strong>11.</strong></span> <span class='ocrx_word' id='word_1_3' title='bbox 559 204 600 278; x_wconf 77' lang='grc'><strong>11.</strong></span> <span class='ocrx_word' id='word_1_4' title='bbox 620 205 659 276; x_wconf 66' lang='lat' dir='ltr'><strong>[a</strong></span> <span class='ocrx_word' id='word_1_5' title='bbox 670 203 700 258; x_wconf 89' lang='lat' dir='ltr'><strong>c.</strong></span> <span class='ocrx_word' id='word_1_6' title='bbox 709 155 859 272; x_wconf 79' lang='grc'><strong>11-11]</strong></span> <span class='ocrx_word' id='word_1_7' title='bbox 1055 192 1094 257; x_wconf 82' lang='grc'><strong>11</strong></span> 
     </span>
    </p>
   </div>
   <div class='ocr_carea' id='block_1_2' title="bbox 77 359 1132 2708">
    <p class='ocr_par' dir='ltr' id='par_1_2' title="bbox 77 359 1132 1107">
     <span class='ocr_line' id='line_1_2' title="bbox 77 359 1131 446; baseline -0.001 -17"><span class='ocrx_word' id='word_1_8' title='bbox 77 363 225 439; x_wconf 81' lang='lat' dir='ltr'><strong>lientinm</strong></span> <span class='ocrx_word' id='word_1_9' title='bbox 244 361 408 429; x_wconf 81' lang='lat' dir='ltr'><strong>comitatus</strong></span> <span class='ocrx_word' id='word_1_10' title='bbox 426 383 536 441; x_wconf 78' lang='lat' dir='ltr'><strong>manu,</strong></span> <span class='ocrx_word' id='word_1_11' title='bbox 554 359 689 443; x_wconf 79' lang='lat' dir='ltr'><strong>Romam</strong></span> <span class='ocrx_word' id='word_1_12' title='bbox 709 359 886 446; x_wconf 79' lang='lat' dir='ltr'><strong>transfugit</strong></span> <span class='ocrx_word' id='word_1_13' title='bbox 918 361 967 426; x_wconf 90' lang='lat' dir='ltr'><strong>his</strong></span> <span class='ocrx_word' id='word_1_14' title='bbox 987 363 1095 428; x_wconf 85' lang='lat' dir='ltr'><strong>civitas</strong></span> <span class='ocrx_word' id='word_1_15' title='bbox 1115 386 1131 432; x_wconf 85' lang='lat'>5</span> 
     </span>
     <span class='ocr_line' id='line_1_3' title="bbox 77 452 1098 542; baseline -0.008 -20"><span class='ocrx_word' id='word_1_16' title='bbox 77 459 137 525; x_wconf 86' lang='lat' dir='ltr'><strong>lata</strong></span> <span class='ocrx_word' id='word_1_17' title='bbox 155 477 294 542; x_wconf 86' lang='lat' dir='ltr'><strong>agerque</strong></span> <span class='ocrx_word' id='word_1_18' title='bbox 312 464 397 520; x_wconf 88' lang='lat' dir='ltr'><strong>trans</strong></span> <span class='ocrx_word' id='word_1_19' title='bbox 415 452 572 527; x_wconf 85' lang='lat' dir='ltr'><strong>Anienem</strong></span> <span class='ocrx_word' id='word_1_20' title='bbox 577 480 587 532; x_wconf 84' lang='lat'>3</span> <span class='ocrx_word' id='word_1_21' title='bbox 610 463 701 525; x_wconf 87' lang='lat' dir='ltr'><strong>vetus</strong></span> <span class='ocrx_word' id='word_1_22' title='bbox 721 453 856 519; x_wconf 84' lang='lat' dir='ltr'><strong>Claudia</strong></span> <span class='ocrx_word' id='word_1_23' title='bbox 873 455 986 534; x_wconf 83' lang='lat' dir='ltr'><strong>tribus,</strong></span> <span class='ocrx_word' id='word_1_24' title='bbox 1010 458 1098 521; x_wconf 76' lang='lat' dir='ltr'><strong>addi„</strong></span> 
     </span>
     <span class='ocr_line' id='line_1_4' title="bbox 77 548 1098 639; baseline 0 -23"><span class='ocrx_word' id='word_1_25' title='bbox 77 553 102 616; x_wconf 93' lang='lat' dir='ltr'><strong>is</strong></span> <span class='ocrx_word' id='word_1_26' title='bbox 120 561 234 636; x_wconf 87' lang='lat' dir='ltr'><strong>postea</strong></span> <span class='ocrx_word' id='word_1_27' title='bbox 251 549 341 613; x_wconf 88' lang='lat' dir='ltr'><strong>novis</strong></span> <span class='ocrx_word' id='word_1_28' title='bbox 360 548 540 626; x_wconf 86' lang='lat' dir='ltr'><strong>tribulibus,</strong></span> <span class='ocrx_word' id='word_1_29' title='bbox 564 549 618 632; x_wconf 89' lang='lat' dir='ltr'><strong>qui</strong></span> <span class='ocrx_word' id='word_1_30' title='bbox 640 571 680 613; x_wconf 85' lang='lat' dir='ltr'><strong>ex</strong></span> <span class='ocrx_word' id='word_1_31' title='bbox 703 571 740 614; x_wconf 88' lang='lat' dir='ltr'><strong>eo</strong></span> <span class='ocrx_word' id='word_1_32' title='bbox 763 550 904 625; x_wconf 82' lang='lat' dir='ltr'><strong>venirent</strong></span> <span class='ocrx_word' id='word_1_33' title='bbox 925 574 1015 637; x_wconf 86' lang='lat' dir='ltr'><strong>agr0,</strong></span> <span class='ocrx_word' id='word_1_34' title='bbox 1043 575 1098 639; x_wconf 71' lang='lat' dir='ltr'><strong>ap·=</strong></span> 
     </span>
     <span class='ocr_line' id='line_1_5' title="bbox 77 641 1098 731; baseline 0 -22"><span class='ocrx_word' id='word_1_35' title='bbox 77 645 187 711; x_wconf 74' lang='lat' dir='ltr'><strong>tellata.</strong></span> <span class='ocrx_word' id='word_1_36' title='bbox 228 641 355 728; x_wconf 84' lang='lat' dir='ltr'><strong>Appius</strong></span> <span class='ocrx_word' id='word_1_37' title='bbox 378 643 459 713; x_wconf 88' lang='lat' dir='ltr'><strong>inter</strong></span> <span class='ocrx_word' id='word_1_38' title='bbox 480 651 585 728; x_wconf 82' lang='lat' dir='ltr'><strong>patres</strong></span> <span class='ocrx_word' id='word_1_39' title='bbox 607 642 707 708; x_wconf 90' lang='lat' dir='ltr'><strong>lectus</strong></span> <span class='ocrx_word' id='word_1_40' title='bbox 730 642 815 717; x_wconf 84' lang='lat' dir='ltr'><strong>haud</strong></span> <span class='ocrx_word' id='word_1_41' title='bbox 836 644 881 708; x_wconf 86' lang='lat' dir='ltr'><strong>ita</strong></span> <span class='ocrx_word' id='word_1_42' title='bbox 901 645 1000 711; x_wconf 91' lang='lat' dir='ltr'><strong>multo</strong></span> <span class='ocrx_word' id='word_1_43' title='bbox 1025 654 1098 731; x_wconf 86' lang='lat' dir='ltr'><strong>post</strong></span> 
     </span>
     <span class='ocr_line' id='line_1_6' title="bbox 77 737 1132 827; baseline 0 -23"><span class='ocrx_word' id='word_1_44' title='bbox 77 763 96 804; x_wconf 93' lang='grc'><strong>11</strong></span> <span class='ocrx_word' id='word_1_45' title='bbox 112 737 291 824; x_wconf 83' lang='lat' dir='ltr'><strong>principum</strong></span> <span class='ocrx_word' id='word_1_46' title='bbox 310 737 522 822; x_wconf 78' lang='lat' dir='ltr'>dignationem</span> <span class='ocrx_word' id='word_1_47' title='bbox 539 737 690 825; x_wconf 83' lang='lat' dir='ltr'><strong>pervenit.</strong></span> <span class='ocrx_word' id='word_1_48' title='bbox 719 737 864 803; x_wconf 90' lang='lat' dir='ltr'><strong>consules</strong></span> <span class='ocrx_word' id='word_1_49' title='bbox 879 738 995 806; x_wconf 86' lang='lat' dir='ltr'><strong>infesto</strong></span> <span class='ocrx_word' id='word_1_50' title='bbox 1009 762 1098 811; x_wconf 78' lang='lat' dir='ltr'><strong>euer-¹</strong></span> <span class='ocrx_word' id='word_1_51' title='bbox 1116 763 1132 827; x_wconf 70' lang='lat' dir='ltr'><strong>e</strong></span> 
     </span>
     <span class='ocr_line' id='line_1_7' title="bbox 77 829 1099 918; baseline 0.008 -27"><span class='ocrx_word' id='word_1_52' title='bbox 77 834 125 909; x_wconf 71' lang='lat' dir='ltr'><strong>:itu</strong></span> <span class='ocrx_word' id='word_1_53' title='bbox 148 833 182 895; x_wconf 89' lang='lat' dir='ltr'><strong>in</strong></span> <span class='ocrx_word' id='word_1_54' title='bbox 206 853 319 918; x_wconf 87' lang='lat' dir='ltr'><strong>agrum</strong></span> <span class='ocrx_word' id='word_1_55' title='bbox 338 829 493 901; x_wconf 87' lang='lat' dir='ltr'><strong>Sabinum</strong></span> <span class='ocrx_word' id='word_1_56' title='bbox 509 831 643 916; x_wconf 86' lang='lat' dir='ltr'><strong>profecti</strong></span> <span class='ocrx_word' id='word_1_57' title='bbox 662 854 733 897; x_wconf 91' lang='lat' dir='ltr'><strong>cum</strong></span> <span class='ocrx_word' id='word_1_58' title='bbox 751 831 796 897; x_wconf 85' lang='lat' dir='ltr'><strong>ita</strong></span> <span class='ocrx_word' id='word_1_59' title='bbox 813 833 1001 912; x_wconf 84' lang='lat' dir='ltr'><strong>vastatione,</strong></span> <span class='ocrx_word' id='word_1_60' title='bbox 1026 834 1099 900; x_wconf 87' lang='lat' dir='ltr'><strong>dein</strong></span> 
     </span>
     <span class='ocr_line' id='line_1_8' title="bbox 77 921 1097 1013; baseline 0 -19"><span class='ocrx_word' id='word_1_61' title='bbox 77 927 182 994; x_wconf 83' lang='lat' dir='ltr'><strong>roelio</strong></span> <span class='ocrx_word' id='word_1_62' title='bbox 201 925 398 990; x_wconf 85' lang='lat' dir='ltr'><strong>adflixissent</strong></span> <span class='ocrx_word' id='word_1_63' title='bbox 415 948 491 1013; x_wconf 85' lang='lat' dir='ltr'><strong>opes</strong></span> <span class='ocrx_word' id='word_1_64' title='bbox 510 925 663 1004; x_wconf 89' lang='lat' dir='ltr'><strong>hostium,</strong></span> <span class='ocrx_word' id='word_1_65' title='bbox 687 935 722 990; x_wconf 92' lang='lat' dir='ltr'><strong>ut</strong></span> <span class='ocrx_word' id='word_1_66' title='bbox 739 921 794 991; x_wconf 89' lang='lat' dir='ltr'><strong>diu</strong></span> <span class='ocrx_word' id='word_1_67' title='bbox 812 926 889 989; x_wconf 86' lang='lat' dir='ltr'>nihil</span> <span class='ocrx_word' id='word_1_68' title='bbox 906 927 979 992; x_wconf 89' lang='lat' dir='ltr'><strong>inde</strong></span> <span class='ocrx_word' id='word_1_69' title='bbox 996 928 1097 1007; x_wconf 84' lang='lat' dir='ltr'><strong>rebel-</strong></span> 
     </span>
     <span class='ocr_line' id='line_1_9' title="bbox 77 1020 1032 1107; baseline 0 -21"><span class='ocrx_word' id='word_1_70' title='bbox 77 1022 154 1087; x_wconf 84' lang='lat' dir='ltr'><strong>lonis</strong></span> <span class='ocrx_word' id='word_1_71' title='bbox 174 1021 284 1089; x_wconf 81' lang='lat' dir='ltr'><strong>timere</strong></span> <span class='ocrx_word' id='word_1_72' title='bbox 301 1030 445 1107; x_wconf 79' lang='lat' dir='ltr'>possent,</span> <span class='ocrx_word' id='word_1_73' title='bbox 465 1021 692 1107; x_wconf 86' lang='lat' dir='ltr'><strong>triumphantes</strong></span> <span class='ocrx_word' id='word_1_74' title='bbox 710 1020 846 1085; x_wconf 89' lang='lat' dir='ltr'><strong>Romam</strong></span> <span class='ocrx_word' id='word_1_75' title='bbox 864 1022 1032 1087; x_wconf 88' lang='lat' dir='ltr'><strong>redierunt.</strong></span> 
     </span>
    </p>

    <p class='ocr_par' dir='ltr' id='par_1_3' title="bbox 77 1113 1131 1563">
     <span class='ocr_line' id='line_1_10' title="bbox 124 1113 1131 1204; baseline 0.002 -26"><span class='ocrx_word' id='word_1_76' title='bbox 124 1114 165 1180; x_wconf 92' lang='lat' dir='ltr'><strong>P.</strong></span> <span class='ocrx_word' id='word_1_77' title='bbox 176 1113 338 1192; x_wconf 84' lang='lat' dir='ltr'><strong>Valerius,</strong></span> <span class='ocrx_word' id='word_1_78' title='bbox 358 1115 498 1179; x_wconf 88' lang='lat' dir='ltr'><strong>omnium</strong></span> <span class='ocrx_word' id='word_1_79' title='bbox 517 1135 674 1179; x_wconf 87' lang='lat' dir='ltr'><strong>consensu</strong></span> <span class='ocrx_word' id='word_1_80' title='bbox 691 1115 837 1201; x_wconf 87' lang='lat' dir='ltr'><strong>princeps</strong></span> <span class='ocrx_word' id='word_1_81' title='bbox 856 1114 929 1185; x_wconf 91' lang='lat' dir='ltr'><strong>belli</strong></span> <span class='ocrx_word' id='word_1_82' title='bbox 946 1117 1096 1204; x_wconf 79' lang='lat' dir='ltr'><strong>pacisque</strong></span> <span class='ocrx_word' id='word_1_83' title='bbox 1117 1138 1131 1184; x_wconf 80' lang='lat' dir='ltr'><strong>r</strong></span> 
     </span>
     <span class='ocr_line' id='line_1_11' title="bbox 77 1206 1099 1297; baseline -0.006 -21"><span class='ocrx_word' id='word_1_84' title='bbox 77 1209 197 1286; x_wconf 86' lang='lat' dir='ltr'><strong>rtibus,</strong></span> <span class='ocrx_word' id='word_1_85' title='bbox 222 1231 304 1274; x_wconf 90' lang='lat' dir='ltr'><strong>anno</strong></span> <span class='ocrx_word' id='word_1_86' title='bbox 322 1216 395 1293; x_wconf 85' lang='lat' dir='ltr'><strong>post</strong></span> <span class='ocrx_word' id='word_1_87' title='bbox 430 1207 577 1297; x_wconf 85' lang='lat' dir='ltr'><strong>Agrippa</strong></span> <span class='ocrx_word' id='word_1_88' title='bbox 594 1207 760 1285; x_wconf 87' lang='lat' dir='ltr'><strong>Menenio,</strong></span> <span class='ocrx_word' id='word_1_89' title='bbox 782 1206 821 1271; x_wconf 91' lang='lat' dir='ltr'><strong>P.</strong></span> <span class='ocrx_word' id='word_1_90' title='bbox 839 1207 1006 1276; x_wconf 87' lang='lat' dir='ltr'><strong>Postumio</strong></span> <span class='ocrx_word' id='word_1_91' title='bbox 1024 1232 1099 1280; x_wconf 77' lang='lat' dir='ltr'><strong>con..</strong></span> 
     </span>
     <span class='ocr_line' id='line_1_12' title="bbox 77 1301 1097 1388; baseline 0.007 -26"><span class='ocrx_word' id='word_1_92' title='bbox 77 1302 189 1368; x_wconf 79' lang='lat' dir='ltr'><strong>‚ulibus</strong></span> <span class='ocrx_word' id='word_1_93' title='bbox 229 1302 374 1378; x_wconf 82' lang='lat' dir='ltr'><strong>moritur,</strong></span> <span class='ocrx_word' id='word_1_94' title='bbox 402 1302 502 1387; x_wconf 82' lang='lat' dir='ltr'><strong>gloria</strong></span> <span class='ocrx_word' id='word_1_95' title='bbox 519 1303 652 1388; x_wconf 85' lang='lat' dir='ltr'><strong>ingenti,</strong></span> <span class='ocrx_word' id='word_1_96' title='bbox 678 1303 775 1387; x_wconf 86' lang='lat' dir='ltr'><strong>copiis</strong></span> <span class='ocrx_word' id='word_1_97' title='bbox 793 1301 999 1368; x_wconf 87' lang='lat' dir='ltr'><strong>familiaribus</strong></span> <span class='ocrx_word' id='word_1_98' title='bbox 1018 1305 1097 1370; x_wconf 89' lang='lat' dir='ltr'><strong>adeo</strong></span> 
     </span>
     <span class='ocr_line' id='line_1_13' title="bbox 77 1397 1094 1484; baseline 0.002 -22"><span class='ocrx_word' id='word_1_99' title='bbox 77 1399 205 1484; x_wconf 70' lang='lat' dir='ltr'><strong>txiguis,</strong></span> <span class='ocrx_word' id='word_1_100' title='bbox 222 1408 256 1469; x_wconf 90' lang='lat' dir='ltr'><strong>ut</strong></span> <span class='ocrx_word' id='word_1_101' title='bbox 274 1397 377 1461; x_wconf 86' lang='lat' dir='ltr'><strong>funeri</strong></span> <span class='ocrx_word' id='word_1_102' title='bbox 395 1406 539 1482; x_wconf 84' lang='lat' dir='ltr'><strong>sumptus</strong></span> <span class='ocrx_word' id='word_1_103' title='bbox 558 1398 696 1462; x_wconf 83' lang='lat' dir='ltr'>deesset:</span> <span class='ocrx_word' id='word_1_104' title='bbox 716 1398 755 1461; x_wconf 89' lang='lat' dir='ltr'><strong>de</strong></span> <span class='ocrx_word' id='word_1_105' title='bbox 772 1397 899 1483; x_wconf 90' lang='lat' dir='ltr'><strong>publico</strong></span> <span class='ocrx_word' id='word_1_106' title='bbox 918 1407 966 1463; x_wconf 87' lang='lat' dir='ltr'><strong>est</strong></span> <span class='ocrx_word' id='word_1_107' title='bbox 983 1399 1094 1477; x_wconf 88' lang='lat' dir='ltr'><strong>elatus,</strong></span> 
     </span>
     <span class='ocr_line' id='line_1_14' title="bbox 77 1490 1043 1563; baseline -0.001 -7"><span class='ocrx_word' id='word_1_108' title='bbox 77 1514 176 1563; x_wconf 84' lang='lat' dir='ltr'><strong>uxere</strong></span> <span class='ocrx_word' id='word_1_109' title='bbox 191 1501 351 1557; x_wconf 88' lang='lat' dir='ltr'><strong>matronae</strong></span> <span class='ocrx_word' id='word_1_110' title='bbox 369 1500 404 1554; x_wconf 88' lang='lat' dir='ltr'><strong>ut</strong></span> <span class='ocrx_word' id='word_1_111' title='bbox 421 1490 566 1559; x_wconf 87' lang='lat' dir='ltr'><strong>Brutum.</strong></span> <span class='ocrx_word' id='word_1_112' title='bbox 1042 1526 1043 1530; x_wconf 60' lang='lat'><em>=</em></span> 
     </span>
    </p>

    <p class='ocr_par' dir='ltr' id='par_1_4' title="bbox 77 1584 1131 2422">
     <span class='ocr_line' id='line_1_15' title="bbox 126 1584 1131 1665; baseline 0.003 -15"><span class='ocrx_word' id='word_1_113' title='bbox 126 1585 253 1651; x_wconf 83' lang='lat' dir='ltr'><strong>Eodem</strong></span> <span class='ocrx_word' id='word_1_114' title='bbox 272 1607 355 1651; x_wconf 84' lang='lat' dir='ltr'><strong>anno</strong></span> <span class='ocrx_word' id='word_1_115' title='bbox 374 1585 454 1650; x_wconf 83' lang='grc'><strong>(11111</strong></span> <span class='ocrx_word' id='word_1_116' title='bbox 473 1585 612 1650; x_wconf 88' lang='lat' dir='ltr'><strong>coloniae</strong></span> <span class='ocrx_word' id='word_1_117' title='bbox 625 1585 777 1663; x_wconf 83' lang='lat' dir='ltr'><strong>Latinae,</strong></span> <span class='ocrx_word' id='word_1_118' title='bbox 795 1584 942 1650; x_wconf 83' lang='lat' dir='ltr'><strong>Pometia</strong></span> <span class='ocrx_word' id='word_1_119' title='bbox 956 1595 987 1650; x_wconf 89' lang='lat' dir='ltr'><strong>et</strong></span> <span class='ocrx_word' id='word_1_120' title='bbox 1001 1584 1096 1665; x_wconf 82' lang='lat' dir='ltr'><strong>Cora,</strong></span> <span class='ocrx_word' id='word_1_121' title='bbox 1114 1605 1131 1653; x_wconf 80' lang='lat'><em>8</em></span> 
     </span>
     <span class='ocr_line' id='line_1_16' title="bbox 77 1678 1099 1761; baseline 0 -17"><span class='ocrx_word' id='word_1_122' title='bbox 77 1681 105 1750; x_wconf 80' lang='lat' dir='ltr'><strong>ul</strong></span> <span class='ocrx_word' id='word_1_123' title='bbox 116 1678 289 1744; x_wconf 84' lang='lat' dir='ltr'><strong>Auruncos</strong></span> <span class='ocrx_word' id='word_1_124' title='bbox 308 1678 464 1743; x_wconf 90' lang='lat' dir='ltr'><strong>deficiunt.</strong></span> <span class='ocrx_word' id='word_1_125' title='bbox 502 1702 574 1744; x_wconf 90' lang='lat' dir='ltr'><strong>cum</strong></span> <span class='ocrx_word' id='word_1_126' title='bbox 587 1678 749 1745; x_wconf 88' lang='lat' dir='ltr'><strong>Auruncis</strong></span> <span class='ocrx_word' id='word_1_127' title='bbox 768 1678 885 1744; x_wconf 89' lang='lat' dir='ltr'><strong>bellum</strong></span> <span class='ocrx_word' id='word_1_128' title='bbox 903 1680 1028 1761; x_wconf 78' lang='lat' dir='ltr'><strong>initum,</strong></span> <span class='ocrx_word' id='word_1_129' title='bbox 1047 1680 1099 1744; x_wconf 89' lang='grc'><strong>111-</strong></span> 
     </span>
     <span class='ocr_line' id='line_1_17' title="bbox 77 1773 1099 1861; baseline 0 -23"><span class='ocrx_word' id='word_1_130' title='bbox 77 1795 160 1861; x_wconf 83' lang='lat' dir='ltr'><strong>soque</strong></span> <span class='ocrx_word' id='word_1_131' title='bbox 180 1773 302 1859; x_wconf 85' lang='lat' dir='ltr'><strong>ingenti</strong></span> <span class='ocrx_word' id='word_1_132' title='bbox 320 1773 471 1851; x_wconf 87' lang='lat' dir='ltr'><strong>exercitu,</strong></span> <span class='ocrx_word' id='word_1_133' title='bbox 490 1774 545 1857; x_wconf 90' lang='lat' dir='ltr'><strong>qui</strong></span> <span class='ocrx_word' id='word_1_134' title='bbox 560 1796 594 1838; x_wconf 90' lang='lat' dir='ltr'><strong>se</strong></span> <span class='ocrx_word' id='word_1_135' title='bbox 608 1773 854 1860; x_wconf 83' lang='lat' dir='ltr'><strong>ingredientibus</strong></span> <span class='ocrx_word' id='word_1_136' title='bbox 869 1774 947 1838; x_wconf 91' lang='lat' dir='ltr'><strong>fines</strong></span> <span class='ocrx_word' id='word_1_137' title='bbox 962 1775 1099 1839; x_wconf 89' lang='lat' dir='ltr'><strong>consuli-</strong></span> 
     </span>
     <span class='ocr_line' id='line_1_18' title="bbox 77 1866 1098 1945; baseline 0 -12"><span class='ocrx_word' id='word_1_138' title='bbox 77 1871 123 1933; x_wconf 71' lang='lat' dir='ltr'><strong>sus</strong></span> <span class='ocrx_word' id='word_1_139' title='bbox 135 1867 285 1939; x_wconf 79' lang='lat' dir='ltr'><strong>ferociter</strong></span> <span class='ocrx_word' id='word_1_140' title='bbox 298 1866 465 1945; x_wconf 86' lang='lat' dir='ltr'><strong>obtulerat,</strong></span> <span class='ocrx_word' id='word_1_141' title='bbox 486 1889 577 1933; x_wconf 90' lang='lat' dir='ltr'><strong>omne</strong></span> <span class='ocrx_word' id='word_1_142' title='bbox 587 1867 775 1933; x_wconf 85' lang='lat' dir='ltr'><strong>Auruncum</strong></span> <span class='ocrx_word' id='word_1_143' title='bbox 789 1867 906 1932; x_wconf 93' lang='lat' dir='ltr'><strong>bellum</strong></span> <span class='ocrx_word' id='word_1_144' title='bbox 919 1867 1098 1933; x_wconf 88' lang='lat' dir='ltr'><strong>Pometiam</strong></span> 
     </span>
     <span class='ocr_line' id='line_1_19' title="bbox 77 1961 1131 2053; baseline 0.002 -27"><span class='ocrx_word' id='word_1_145' title='bbox 77 1961 254 2049; x_wconf 84' lang='lat' dir='ltr'><strong>:onpulsnm</strong></span> <span class='ocrx_word' id='word_1_146' title='bbox 272 1970 329 2027; x_wconf 90' lang='lat' dir='ltr'><strong>est.</strong></span> <span class='ocrx_word' id='word_1_147' title='bbox 365 1983 424 2027; x_wconf 91' lang='lat' dir='ltr'><strong>neo</strong></span> <span class='ocrx_word' id='word_1_148' title='bbox 442 1963 544 2051; x_wconf 86' lang='lat' dir='ltr'><strong>magis</strong></span> <span class='ocrx_word' id='word_1_149' title='bbox 562 1973 636 2053; x_wconf 90' lang='lat' dir='ltr'><strong>post</strong></span> <span class='ocrx_word' id='word_1_150' title='bbox 653 1963 821 2048; x_wconf 88' lang='lat' dir='ltr'><strong>proelium,</strong></span> <span class='ocrx_word' id='word_1_151' title='bbox 845 1984 939 2045; x_wconf 91' lang='lat' dir='ltr'><strong>quam</strong></span> <span class='ocrx_word' id='word_1_152' title='bbox 956 1963 989 2028; x_wconf 90' lang='lat' dir='ltr'><strong>in</strong></span> <span class='ocrx_word' id='word_1_153' title='bbox 1006 1984 1099 2048; x_wconf 86' lang='lat' dir='ltr'><strong>proe·</strong></span> <span class='ocrx_word' id='word_1_154' title='bbox 1116 1981 1131 2028; x_wconf 84' lang='lat'><strong>9</strong></span> 
     </span>
     <span class='ocr_line' id='line_1_20' title="bbox 77 2054 1099 2142; baseline 0.002 -22"><span class='ocrx_word' id='word_1_155' title='bbox 77 2055 109 2121; x_wconf 88' lang='lat' dir='ltr'><strong>io</strong></span> <span class='ocrx_word' id='word_1_156' title='bbox 131 2054 283 2123; x_wconf 90' lang='lat' dir='ltr'><strong>caedibus</strong></span> <span class='ocrx_word' id='word_1_157' title='bbox 310 2064 518 2141; x_wconf 90' lang='lat' dir='ltr'><strong>temperatum</strong></span> <span class='ocrx_word' id='word_1_158' title='bbox 544 2065 606 2121; x_wconf 90' lang='lat' dir='ltr'><strong>est:</strong></span> <span class='ocrx_word' id='word_1_159' title='bbox 639 2066 670 2120; x_wconf 94' lang='lat' dir='ltr'><strong>et</strong></span> <span class='ocrx_word' id='word_1_160' title='bbox 696 2056 780 2121; x_wconf 88' lang='lat' dir='ltr'><strong>caesi</strong></span> <span class='ocrx_word' id='word_1_161' title='bbox 806 2057 965 2140; x_wconf 89' lang='lat' dir='ltr'><strong>aliquanto</strong></span> <span class='ocrx_word' id='word_1_162' title='bbox 990 2057 1099 2142; x_wconf 80' lang='lat' dir='ltr'><strong>plures</strong></span> 
     </span>
     <span class='ocr_line' id='line_1_21' title="bbox 77 2151 1096 2239; baseline 0.002 -25"><span class='ocrx_word' id='word_1_163' title='bbox 77 2161 155 2216; x_wconf 84' lang='lat' dir='ltr'><strong>erant</strong></span> <span class='ocrx_word' id='word_1_164' title='bbox 177 2171 275 2239; x_wconf 82' lang='lat' dir='ltr'><strong>quam</strong></span> <span class='ocrx_word' id='word_1_165' title='bbox 294 2151 389 2235; x_wconf 90' lang='lat' dir='ltr'><strong>capti,</strong></span> <span class='ocrx_word' id='word_1_166' title='bbox 413 2161 444 2215; x_wconf 90' lang='lat' dir='ltr'><strong>et</strong></span> <span class='ocrx_word' id='word_1_167' title='bbox 462 2158 570 2237; x_wconf 88' lang='lat' dir='ltr'><strong>captos</strong></span> <span class='ocrx_word' id='word_1_168' title='bbox 588 2152 709 2236; x_wconf 89' lang='lat' dir='ltr'><strong>passim</strong></span> <span class='ocrx_word' id='word_1_169' title='bbox 727 2153 975 2229; x_wconf 85' lang='lat' dir='ltr'><strong>trucidaverunt3</strong></span> <span class='ocrx_word' id='word_1_170' title='bbox 997 2173 1037 2216; x_wconf 94' lang='grc'><strong>111</strong></span> <span class='ocrx_word' id='word_1_171' title='bbox 1056 2151 1096 2217; x_wconf 91' lang='lat' dir='ltr'><strong>ab</strong></span> 
     </span>
     <span class='ocr_line' id='line_1_22' title="bbox 77 2243 1098 2330; baseline 0.001 -22"><span class='ocrx_word' id='word_1_172' title='bbox 77 2243 230 2311; x_wconf 76' lang='lat' dir='ltr'><strong>obsidibus</strong></span> <span class='ocrx_word' id='word_1_173' title='bbox 250 2245 391 2326; x_wconf 79' lang='lat' dir='ltr'><strong>quidem,</strong></span> <span class='ocrx_word' id='word_1_174' title='bbox 414 2245 470 2328; x_wconf 91' lang='lat' dir='ltr'><strong>qui</strong></span> <span class='ocrx_word' id='word_1_175' title='bbox 486 2246 617 2310; x_wconf 87' lang='lat' dir='ltr'><strong>trecenti</strong></span> <span class='ocrx_word' id='word_1_176' title='bbox 635 2244 756 2330; x_wconf 85' lang='lat' dir='ltr'><strong>accepti</strong></span> <span class='ocrx_word' id='word_1_177' title='bbox 772 2267 902 2310; x_wconf 90' lang='lat' dir='ltr'><strong>numero</strong></span> <span class='ocrx_word' id='word_1_178' title='bbox 925 2255 1028 2322; x_wconf 91' lang='lat' dir='ltr'><strong>erant,</strong></span> <span class='ocrx_word' id='word_1_179' title='bbox 1051 2245 1098 2309; x_wconf 85' lang='lat' dir='ltr'><strong>ira</strong></span> 
     </span>
     <span class='ocr_line' id='line_1_23' title="bbox 77 2337 955 2422; baseline -0.002 -19"><span class='ocrx_word' id='word_1_180' title='bbox 77 2337 140 2420; x_wconf 81' lang='lat' dir='ltr'><strong>belli</strong></span> <span class='ocrx_word' id='word_1_181' title='bbox 157 2338 372 2404; x_wconf 85' lang='lat' dir='ltr'><strong>abstinuite</strong></span> <span class='ocrx_word' id='word_1_182' title='bbox 372 2339 463 2403; x_wconf 91' lang='lat' dir='ltr'><strong>thoc</strong></span> <span class='ocrx_word' id='word_1_183' title='bbox 481 2362 562 2405; x_wconf 90' lang='lat' dir='ltr'><strong>anno</strong></span> <span class='ocrx_word' id='word_1_184' title='bbox 581 2339 702 2403; x_wconf 89' lang='lat' dir='ltr'><strong>Romae</strong></span> <span class='ocrx_word' id='word_1_185' title='bbox 720 2337 955 2422; x_wconf 90' lang='lat' dir='ltr'><strong>triumphatum</strong></span> 
     </span>
    </p>

    <p class='ocr_par' dir='ltr' id='par_1_5' title="bbox 77 2429 1132 2708">
     <span class='ocr_line' id='line_1_24' title="bbox 130 2429 1131 2543; baseline 0.004 -45"><span class='ocrx_word' id='word_1_186' title='bbox 130 2432 244 2502; x_wconf 85' lang='lat' dir='ltr'>XVII.</span> <span class='ocrx_word' id='word_1_187' title='bbox 274 2430 383 2502; x_wconf 85' lang='lat' dir='ltr'><strong>Secuti</strong></span> <span class='ocrx_word' id='word_1_188' title='bbox 396 2433 541 2511; x_wconf 82' lang='lat' dir='ltr'><strong>consules</strong></span> <span class='ocrx_word' id='word_1_189' title='bbox 557 2431 636 2543; x_wconf 88' lang='lat' dir='ltr'><strong>Opit</strong></span> <span class='ocrx_word' id='word_1_190' title='bbox 638 2432 864 2518; x_wconf 87' lang='lat' dir='ltr'><strong>erVerginius,</strong></span> <span class='ocrx_word' id='word_1_191' title='bbox 886 2429 942 2517; x_wconf 89' lang='lat' dir='ltr'><strong>Sp.</strong></span> <span class='ocrx_word' id='word_1_192' title='bbox 954 2430 1098 2503; x_wconf 82' lang='lat' dir='ltr'><strong>Cassius</strong></span> <span class='ocrx_word' id='word_1_193' title='bbox 1118 2452 1131 2501; x_wconf 87' lang='lat'>1</span> 
     </span>
     <span class='ocr_line' id='line_1_25' title="bbox 77 2524 1100 2635; baseline -0.008 -38"><span class='ocrx_word' id='word_1_194' title='bbox 77 2524 188 2597; x_wconf 80' lang='lat' dir='ltr'><strong>Ponet</strong></span> <span class='ocrx_word' id='word_1_195' title='bbox 167 2539 244 2598; x_wconf 82' lang='lat' dir='ltr'><strong>tram</strong></span> <span class='ocrx_word' id='word_1_196' title='bbox 259 2528 365 2635; x_wconf 91' lang='lat' dir='ltr'><strong>primo.</strong></span> <span class='ocrx_word' id='word_1_197' title='bbox 380 2529 426 2606; x_wconf 87' lang='lat' dir='ltr'><strong>vi,</strong></span> <span class='ocrx_word' id='word_1_198' title='bbox 446 2529 606 2607; x_wconf 85' lang='lat' dir='ltr'><strong>deinde</strong></span> <span class='ocrx_word' id='word_1_199' title='bbox 578 2528 676 2593; x_wconf 88' lang='lat' dir='ltr'><strong>vmeis</strong></span> <span class='ocrx_word' id='word_1_200' title='bbox 676 2527 822 2635; x_wconf 34' lang='lat' dir='ltr'><strong>&#39;aliisque</strong></span> <span class='ocrx_word' id='word_1_201' title='bbox 838 2526 984 2611; x_wconf 88' lang='lat' dir='ltr'><strong>operibus</strong></span> <span class='ocrx_word' id='word_1_202' title='bbox 1000 2547 1100 2611; x_wconf 90' lang='lat' dir='ltr'><strong>oppu-</strong></span> 
     </span>
     <span class='ocr_line' id='line_1_26' title="bbox 77 2618 1132 2708; baseline -0.002 -22"><span class='ocrx_word' id='word_1_203' title='bbox 77 2630 213 2704; x_wconf 78' lang='lat' dir='ltr'><strong>gnarunt.</strong></span> <span class='ocrx_word' id='word_1_204' title='bbox 257 2622 291 2685; x_wconf 92' lang='lat' dir='ltr'><strong>in</strong></span> <span class='ocrx_word' id='word_1_205' title='bbox 319 2644 399 2705; x_wconf 91' lang='lat' dir='ltr'><strong>quos</strong></span> <span class='ocrx_word' id='word_1_206' title='bbox 425 2619 570 2686; x_wconf 90' lang='lat' dir='ltr'><strong>Aurunci</strong></span> <span class='ocrx_word' id='word_1_207' title='bbox 599 2621 701 2708; x_wconf 88' lang='lat' dir='ltr'><strong>magis</strong></span> <span class='ocrx_word' id='word_1_208' title='bbox 728 2621 791 2684; x_wconf 91' lang='lat' dir='ltr'><strong>iam</strong></span> <span class='ocrx_word' id='word_1_209' title='bbox 817 2619 1000 2705; x_wconf 83' lang='lat' dir='ltr'><strong>inexpiabili</strong></span> <span class='ocrx_word' id='word_1_210' title='bbox 1026 2618 1132 2684; x_wconf 77' lang='lat' dir='ltr'><strong>odiar</strong></span> 
     </span>
    </p>
   </div>
   <div class='ocr_carea' id='block_1_3' title="bbox 77 2711 1099 2872">
    <p class='ocr_par' dir='ltr' id='par_1_6' title="bbox 77 2711 1099 2872">
     <span class='ocr_line' id='line_1_27' title="bbox 77 2711 1099 2872; baseline -0.004 -93"><span class='ocrx_word' id='word_1_211' title='bbox 77 2732 162 2801; x_wconf 71' lang='lat' dir='ltr'><strong>quam</strong></span> <span class='ocrx_word' id='word_1_212' title='bbox 189 2737 246 2872; x_wconf 80' lang='lat' dir='ltr'><strong>spe</strong></span> <span class='ocrx_word' id='word_1_213' title='bbox 272 2714 378 2799; x_wconf 85' lang='lat' dir='ltr'><strong>aliqua</strong></span> <span class='ocrx_word' id='word_1_214' title='bbox 404 2725 457 2780; x_wconf 89' lang='lat' dir='ltr'><strong>aut</strong></span> <span class='ocrx_word' id='word_1_215' title='bbox 484 2716 648 2781; x_wconf 88' lang='lat' dir='ltr'><strong>occasione</strong></span> <span class='ocrx_word' id='word_1_216' title='bbox 671 2715 782 2792; x_wconf 87' lang='lat' dir='ltr'><strong>coorti,</strong></span> <span class='ocrx_word' id='word_1_217' title='bbox 811 2713 1010 2798; x_wconf 86' lang='lat' dir='ltr'><strong>cumplures</strong></span> <span class='ocrx_word' id='word_1_218' title='bbox 1032 2711 1099 2798; x_wconf 86' lang='lat' dir='ltr'><strong>igni</strong></span> 
     </span>
    </p>
   </div>
   <div class='ocr_carea' id='block_1_4' title="bbox 77 2807 1135 4033">
    <p class='ocr_par' dir='ltr' id='par_1_7' title="bbox 77 2807 1135 4033">
     <span class='ocr_line' id='line_1_28' title="bbox 77 2807 1098 2891; baseline -0.003 -18"><span class='ocrx_word' id='word_1_219' title='bbox 77 2824 163 2891; x_wconf 75' lang='lat' dir='ltr'><strong>uuam</strong></span> <span class='ocrx_word' id='word_1_220' title='bbox 213 2830 285 2876; x_wconf 86' lang='lat' dir='ltr'><strong>erro</strong></span> <span class='ocrx_word' id='word_1_221' title='bbox 318 2809 429 2875; x_wconf 87' lang='lat' dir='ltr'><strong>armati</strong></span> <span class='ocrx_word' id='word_1_222' title='bbox 463 2809 726 2886; x_wconf 79' lang='lat' dir='ltr'><strong>excucurrissent,</strong></span> <span class='ocrx_word' id='word_1_223' title='bbox 763 2808 859 2873; x_wconf 89' lang='lat' dir='ltr'><strong>caede</strong></span> <span class='ocrx_word' id='word_1_224' title='bbox 891 2807 1098 2889; x_wconf 87' lang='lat' dir='ltr'><strong>incendioque</strong></span> 
     </span>
     <span class='ocr_line' id='line_1_29' title="bbox 77 2900 1135 2989; baseline -0.001 -22"><span class='ocrx_word' id='word_1_225' title='bbox 77 2911 182 2967; x_wconf 74' lang='lat' dir='ltr'><strong>cuneta</strong></span> <span class='ocrx_word' id='word_1_226' title='bbox 203 2903 360 2989; x_wconf 85' lang='lat' dir='ltr'><strong>conplent.</strong></span> <span class='ocrx_word' id='word_1_227' title='bbox 396 2903 496 2968; x_wconf 86' lang='lat' dir='ltr'><strong>vineis</strong></span> <span class='ocrx_word' id='word_1_228' title='bbox 519 2904 670 2980; x_wconf 84' lang='lat' dir='ltr'><strong>incensis,</strong></span> <span class='ocrx_word' id='word_1_229' title='bbox 699 2902 806 2971; x_wconf 88' lang='lat' dir='ltr'><strong>multis</strong></span> <span class='ocrx_word' id='word_1_230' title='bbox 828 2902 967 2967; x_wconf 90' lang='lat' dir='ltr'><strong>hostium</strong></span> <span class='ocrx_word' id='word_1_231' title='bbox 989 2900 1099 2965; x_wconf 69' lang='lat' dir='ltr'><strong>vulne.</strong></span> <span class='ocrx_word' id='word_1_232' title='bbox 1120 2920 1135 2966; x_wconf 87' lang='lat'><strong>3</strong></span> 
     </span>
     <span class='ocr_line' id='line_1_30' title="bbox 77 2994 1099 3080; baseline 0 -24"><span class='ocrx_word' id='word_1_233' title='bbox 77 2994 147 3058; x_wconf 82' lang='lat' dir='ltr'><strong>ratis</strong></span> <span class='ocrx_word' id='word_1_234' title='bbox 171 3005 202 3063; x_wconf 89' lang='grc'><strong>11</strong></span> <span class='ocrx_word' id='word_1_235' title='bbox 227 2997 355 3074; x_wconf 83' lang='lat' dir='ltr'><strong>occisis,</strong></span> <span class='ocrx_word' id='word_1_236' title='bbox 387 2997 552 3061; x_wconf 91' lang='lat' dir='ltr'><strong>consulum</strong></span> <span class='ocrx_word' id='word_1_237' title='bbox 578 3019 703 3080; x_wconf 91' lang='lat' dir='ltr'><strong>quoque</strong></span> <span class='ocrx_word' id='word_1_238' title='bbox 730 2997 772 3060; x_wconf 93' lang='lat' dir='ltr'><strong>alt</strong></span> <span class='ocrx_word' id='word_1_239' title='bbox 761 3006 875 3072; x_wconf 89' lang='lat' dir='ltr'><strong>terum,</strong></span> <span class='ocrx_word' id='word_1_240' title='bbox 912 2995 969 3058; x_wconf 87' lang='lat' dir='ltr'><strong>sed</strong></span> <span class='ocrx_word' id='word_1_241' title='bbox 994 3003 1099 3067; x_wconf 84' lang='lat' dir='ltr'><strong>utrum</strong></span> 
     </span>
     <span class='ocr_line' id='line_1_31' title="bbox 81 3086 1099 3177; baseline 0.002 -26"><span class='ocrx_word' id='word_1_242' title='bbox 81 3096 212 3155; x_wconf 75' lang='lat' dir='ltr'><strong>autores</strong></span> <span class='ocrx_word' id='word_1_243' title='bbox 233 3113 299 3157; x_wconf 92' lang='lat' dir='ltr'><strong>non</strong></span> <span class='ocrx_word' id='word_1_244' title='bbox 321 3090 473 3168; x_wconf 86' lang='lat' dir='ltr'><strong>adiciunt,</strong></span> <span class='ocrx_word' id='word_1_245' title='bbox 501 3091 591 3177; x_wconf 78' lang='lat' dir='ltr'><strong>graui</strong></span> <span class='ocrx_word' id='word_1_246' title='bbox 616 3090 742 3155; x_wconf 87' lang='lat' dir='ltr'><strong>volnere</strong></span> <span class='ocrx_word' id='word_1_247' title='bbox 770 3112 809 3152; x_wconf 89' lang='lat' dir='ltr'><strong>ex</strong></span> <span class='ocrx_word' id='word_1_248' title='bbox 836 3110 916 3170; x_wconf 91' lang='lat' dir='ltr'><strong>equo</strong></span> <span class='ocrx_word' id='word_1_249' title='bbox 943 3086 1099 3157; x_wconf 84' lang='lat' dir='ltr'><strong>deiectum</strong></span> 
     </span>
     <span class='ocr_line' id='line_1_32' title="bbox 80 3179 1133 3279; baseline -0.004 -35"><span class='ocrx_word' id='word_1_250' title='bbox 80 3193 170 3279; x_wconf 85' lang='lat' dir='ltr'><strong>prope</strong></span> <span class='ocrx_word' id='word_1_251' title='bbox 184 3183 229 3248; x_wconf 92' lang='lat' dir='ltr'><strong>int</strong></span> <span class='ocrx_word' id='word_1_252' title='bbox 216 3185 414 3250; x_wconf 83' lang='lat' dir='ltr'><strong>terfecerunt.</strong></span> <span class='ocrx_word' id='word_1_253' title='bbox 445 3185 582 3250; x_wconf 86' lang='lat' dir='ltr'><strong>Romam</strong></span> <span class='ocrx_word' id='word_1_254' title='bbox 599 3185 672 3249; x_wconf 87' lang='lat' dir='ltr'><strong>inde</strong></span> <span class='ocrx_word' id='word_1_255' title='bbox 690 3184 771 3248; x_wconf 86' lang='lat' dir='ltr'><strong>male</strong></span> <span class='ocrx_word' id='word_1_256' title='bbox 789 3191 880 3268; x_wconf 90' lang='lat' dir='ltr'><strong>gesta</strong></span> <span class='ocrx_word' id='word_1_257' title='bbox 897 3202 931 3244; x_wconf 89' lang='lat' dir='ltr'><strong>re</strong></span> <span class='ocrx_word' id='word_1_258' title='bbox 948 3179 1028 3251; x_wconf 87' lang='lat' dir='ltr'><strong>redit</strong></span> <span class='ocrx_word' id='word_1_259' title='bbox 1030 3201 1133 3259; x_wconf 75' lang='lat' dir='ltr'><strong>um34</strong></span> 
     </span>
     <span class='ocr_line' id='line_1_33' title="bbox 83 3265 1098 3364; baseline -0.001 -27"><span class='ocrx_word' id='word_1_260' title='bbox 83 3265 153 3342; x_wconf 84' lang='lat' dir='ltr'><strong>inter</strong></span> <span class='ocrx_word' id='word_1_261' title='bbox 175 3279 253 3344; x_wconf 87' lang='lat' dir='ltr'><strong>mult</strong></span> <span class='ocrx_word' id='word_1_262' title='bbox 241 3289 290 3344; x_wconf 91' lang='lat' dir='ltr'><strong>tos</strong></span> <span class='ocrx_word' id='word_1_263' title='bbox 319 3281 441 3345; x_wconf 84' lang='lat' dir='ltr'><strong>saucios</strong></span> <span class='ocrx_word' id='word_1_264' title='bbox 469 3279 579 3345; x_wconf 90' lang='lat' dir='ltr'><strong>consul</strong></span> <span class='ocrx_word' id='word_1_265' title='bbox 625 3301 681 3364; x_wconf 89' lang='lat' dir='ltr'><strong>spe</strong></span> <span class='ocrx_word' id='word_1_266' title='bbox 707 3278 826 3343; x_wconf 88' lang='lat' dir='ltr'><strong>ineerta</strong></span> <span class='ocrx_word' id='word_1_267' title='bbox 847 3275 930 3339; x_wconf 88' lang='lat' dir='ltr'><strong>vitae</strong></span> <span class='ocrx_word' id='word_1_268' title='bbox 970 3272 1098 3341; x_wconf 86' lang='lat' dir='ltr'><strong>relatus.</strong></span> 
     </span>
     <span class='ocr_line' id='line_1_34' title="bbox 87 3358 1100 3482; baseline 0 -51"><span class='ocrx_word' id='word_1_269' title='bbox 87 3358 210 3437; x_wconf 77' lang='lat' dir='ltr'><strong>inerieot</strong></span> <span class='ocrx_word' id='word_1_270' title='bbox 197 3382 229 3438; x_wconf 93' lang='lat' dir='ltr'><strong>to</strong></span> <span class='ocrx_word' id='word_1_271' title='bbox 244 3372 357 3456; x_wconf 83' lang='lat' dir='ltr'><strong>deinde</strong></span> <span class='ocrx_word' id='word_1_272' title='bbox 370 3373 456 3438; x_wconf 90' lang='lat' dir='ltr'><strong>haud</strong></span> <span class='ocrx_word' id='word_1_273' title='bbox 474 3395 596 3482; x_wconf 84' lang='lat' dir='ltr'><strong>magno</strong></span> <span class='ocrx_word' id='word_1_274' title='bbox 609 3373 724 3457; x_wconf 88' lang='lat' dir='ltr'><strong>spatio,</strong></span> <span class='ocrx_word' id='word_1_275' title='bbox 743 3371 829 3455; x_wconf 91' lang='lat' dir='ltr'><strong>quod</strong></span> <span class='ocrx_word' id='word_1_276' title='bbox 846 3367 1025 3437; x_wconf 90' lang='lat' dir='ltr'><strong>vulneribus</strong></span> <span class='ocrx_word' id='word_1_277' title='bbox 1045 3388 1100 3431; x_wconf 89' lang='lat' dir='ltr'><strong>cu-</strong></span> 
     </span>
     <span class='ocr_line' id='line_1_35' title="bbox 77 3452 1099 3552; baseline -0.006 -21.917"><span class='ocrx_word' id='word_1_278' title='bbox 77 3464 176 3530; x_wconf 77' lang='lat' dir='ltr'><strong>nudis</strong></span> <span class='ocrx_word' id='word_1_279' title='bbox 191 3452 430 3552; x_wconf 89' lang='lat' dir='ltr'><strong>supplendoque</strong></span> <span class='ocrx_word' id='word_1_280' title='bbox 449 3469 565 3538; x_wconf 85' lang='lat' dir='ltr'><strong>exercit</strong></span> <span class='ocrx_word' id='word_1_281' title='bbox 566 3468 599 3537; x_wconf 89' lang='lat' dir='ltr'><strong>ui</strong></span> <span class='ocrx_word' id='word_1_282' title='bbox 553 3467 693 3531; x_wconf 90' lang='lat' dir='ltr'><strong>tsatis</strong></span> <span class='ocrx_word' id='word_1_283' title='bbox 712 3475 809 3543; x_wconf 89' lang='lat' dir='ltr'><strong>esset,</strong></span> <span class='ocrx_word' id='word_1_284' title='bbox 828 3487 900 3530; x_wconf 90' lang='lat' dir='ltr'><strong>cum</strong></span> <span class='ocrx_word' id='word_1_285' title='bbox 917 3463 964 3527; x_wconf 87' lang='lat' dir='ltr'><strong>ira</strong></span> <span class='ocrx_word' id='word_1_286' title='bbox 981 3462 1099 3533; x_wconf 83' lang='lat' dir='ltr'><strong>maiore</strong></span> 
     </span>
     <span class='ocr_line' id='line_1_36' title="bbox 77 3546 1134 3669; baseline -0.009 -41.864"><span class='ocrx_word' id='word_1_287' title='bbox 77 3546 253 3669; x_wconf 72' lang='grc'><strong>(11111111),1</strong></span> <span class='ocrx_word' id='word_1_288' title='bbox 240 3571 308 3625; x_wconf 92' lang='lat' dir='ltr'><strong>tum</strong></span> <span class='ocrx_word' id='word_1_289' title='bbox 318 3561 483 3627; x_wconf 81' lang='lat' dir='ltr'><strong>viribust</strong></span> <span class='ocrx_word' id='word_1_290' title='bbox 452 3585 468 3627; x_wconf 92' lang='lat' dir='ltr'><strong>e</strong></span> <span class='ocrx_word' id='word_1_291' title='bbox 471 3563 546 3629; x_wconf 87' lang='lat' dir='ltr'><strong>tiam</strong></span> <span class='ocrx_word' id='word_1_292' title='bbox 561 3558 829 3627; x_wconf 83' lang='grc' dir='ltr'><strong>1111111Ρ111111111</strong></span> <span class='ocrx_word' id='word_1_293' title='bbox 843 3581 931 3633; x_wconf 83' lang='lat' dir='ltr'><strong>arma</strong></span> <span class='ocrx_word' id='word_1_294' title='bbox 942 3556 1048 3623; x_wconf 86' lang='grc'><strong>111111</strong></span> <span class='ocrx_word' id='word_1_295' title='bbox 1068 3562 1134 3625; x_wconf 77' lang='grc'><strong>115</strong></span> 
     </span>
     <span class='ocr_line' id='line_1_37' title="bbox 93 3653 1100 3739; baseline -0.005 -22"><span class='ocrx_word' id='word_1_296' title='bbox 93 3662 144 3717; x_wconf 73' lang='lat' dir='ltr'><strong>tun</strong></span> <span class='ocrx_word' id='word_1_297' title='bbox 159 3653 259 3721; x_wconf 89' lang='lat' dir='ltr'><strong>vineis</strong></span> <span class='ocrx_word' id='word_1_298' title='bbox 277 3654 385 3731; x_wconf 83' lang='lat' dir='ltr'><strong>refect</strong></span> <span class='ocrx_word' id='word_1_299' title='bbox 364 3665 403 3720; x_wconf 91' lang='grc'><strong>111</strong></span> <span class='ocrx_word' id='word_1_300' title='bbox 422 3656 544 3739; x_wconf 89' lang='lat' dir='ltr'><strong>aliaque</strong></span> <span class='ocrx_word' id='word_1_301' title='bbox 562 3654 645 3720; x_wconf 90' lang='lat' dir='ltr'><strong>mole</strong></span> <span class='ocrx_word' id='word_1_302' title='bbox 663 3654 763 3719; x_wconf 90' lang='lat' dir='ltr'><strong>belli</strong></span> <span class='ocrx_word' id='word_1_303' title='bbox 754 3678 818 3718; x_wconf 85' lang='lat' dir='ltr'><strong>ram</strong></span> <span class='ocrx_word' id='word_1_304' title='bbox 835 3654 868 3716; x_wconf 93' lang='lat' dir='ltr'><strong>in</strong></span> <span class='ocrx_word' id='word_1_305' title='bbox 886 3674 924 3718; x_wconf 92' lang='lat' dir='ltr'><strong>eo</strong></span> <span class='ocrx_word' id='word_1_306' title='bbox 943 3661 1041 3727; x_wconf 84' lang='lat' dir='ltr'><strong>esset,</strong></span> <span class='ocrx_word' id='word_1_307' title='bbox 1064 3657 1100 3713; x_wconf 91' lang='lat' dir='ltr'><strong>ut</strong></span> 
     </span>
     <span class='ocr_line' id='line_1_38' title="bbox 89 3744 1133 3828; baseline -0.009 -6"><span class='ocrx_word' id='word_1_308' title='bbox 89 3757 224 3821; x_wconf 71' lang='lat' dir='ltr'><strong>mmuros</strong></span> <span class='ocrx_word' id='word_1_309' title='bbox 244 3749 391 3818; x_wconf 83' lang='lat' dir='ltr'><strong>evaderet</strong></span> <span class='ocrx_word' id='word_1_310' title='bbox 408 3750 512 3828; x_wconf 89' lang='lat' dir='ltr'><strong>miles,</strong></span> <span class='ocrx_word' id='word_1_311' title='bbox 532 3750 649 3814; x_wconf 89' lang='lat' dir='ltr'><strong>deditio</strong></span> <span class='ocrx_word' id='word_1_312' title='bbox 667 3758 716 3813; x_wconf 89' lang='lat' dir='ltr'><strong>est</strong></span> <span class='ocrx_word' id='word_1_313' title='bbox 703 3749 821 3815; x_wconf 87' lang='lat' dir='ltr'><strong>t.facta</strong></span> <span class='ocrx_word' id='word_1_314' title='bbox 849 3758 988 3813; x_wconf 86' lang='lat' dir='ltr'><strong>ceterum</strong></span> <span class='ocrx_word' id='word_1_315' title='bbox 1000 3744 1098 3808; x_wconf 85' lang='lat' dir='ltr'><strong>mhrlo</strong></span> <span class='ocrx_word' id='word_1_316' title='bbox 1117 3765 1133 3813; x_wconf 82' lang='lat' dir='ltr'><strong>o</strong></span> 
     </span>
     <span class='ocr_line' id='line_1_39' title="bbox 87 3836 1098 3953; baseline -0.003 -49"><span class='ocrx_word' id='word_1_317' title='bbox 87 3837 176 3917; x_wconf 80' lang='lat' dir='ltr'><strong>uinus</strong></span> <span class='ocrx_word' id='word_1_318' title='bbox 191 3843 287 3909; x_wconf 86' lang='lat' dir='ltr'><strong>foede</strong></span> <span class='ocrx_word' id='word_1_319' title='bbox 312 3843 417 3910; x_wconf 86' lang='lat' dir='ltr'><strong>dedita</strong></span> <span class='ocrx_word' id='word_1_320' title='bbox 437 3845 514 3910; x_wconf 90' lang='lat' dir='ltr'><strong>urbe</strong></span> <span class='ocrx_word' id='word_1_321' title='bbox 556 3867 665 3953; x_wconf 39' lang='lat' dir='ltr'><strong>quam·</strong></span> <span class='ocrx_word' id='word_1_322' title='bbox 675 3844 702 3908; x_wconf 91' lang='lat' dir='ltr'><strong>si</strong></span> <span class='ocrx_word' id='word_1_323' title='bbox 724 3854 815 3928; x_wconf 88' lang='lat' dir='ltr'><strong>capta</strong></span> <span class='ocrx_word' id='word_1_324' title='bbox 783 3843 930 3919; x_wconf 83' lang='lat' dir='ltr'><strong>tt,afore</strong></span> <span class='ocrx_word' id='word_1_325' title='bbox 953 3836 1098 3904; x_wconf 82' lang='lat' dir='ltr'><strong>Aurunci</strong></span> 
     </span>
     <span class='ocr_line' id='line_1_40' title="bbox 83 3935 1097 4033; baseline -0.01 -28"><span class='ocrx_word' id='word_1_326' title='bbox 83 3937 186 4020; x_wconf 75' lang='lat' dir='ltr'><strong>panim</strong></span> <span class='ocrx_word' id='word_1_327' title='bbox 210 3938 371 4033; x_wconf 83' lang='lat' dir='ltr'><strong>principes</strong></span> <span class='ocrx_word' id='word_1_328' title='bbox 399 3940 500 4007; x_wconf 86' lang='lat' dir='ltr'><strong>securi</strong></span> <span class='ocrx_word' id='word_1_329' title='bbox 525 3939 679 4025; x_wconf 89' lang='lat' dir='ltr'><strong>percussi,</strong></span> <span class='ocrx_word' id='word_1_330' title='bbox 713 3938 771 4009; x_wconf 93' lang='lat' dir='ltr'><strong>sub</strong></span> <span class='ocrx_word' id='word_1_331' title='bbox 799 3961 913 4005; x_wconf 88' lang='lat' dir='ltr'><strong>corona</strong></span> <span class='ocrx_word' id='word_1_332' title='bbox 934 3935 1097 4003; x_wconf 85' lang='lat' dir='ltr'><strong>venierunt</strong></span> 
     </span>
    </p>
   </div>
   <div class='ocr_carea' id='block_1_5' title="bbox 0 0 1288 4524">
    <p class='ocr_par' dir='ltr' id='par_1_8' title="bbox 0 0 1288 4524">
     <span class='ocr_line' id='line_1_41' title="bbox 0 0 1288 4524; baseline 0 0"><span class='ocrx_word' id='word_1_333' title='bbox 0 0 1288 4524; x_wconf 95' lang='lat' dir='ltr'><strong> </strong></span> 
     </span>
    </p>
   </div>
  </div>
 </body>
</html>
