2566 4524
139 253 202 320 158
360 265 478 319 crasa
494 263 552 334 111,
571 262 664 318 asar.
684 265 760 331 [au.
773 258 866 316 asoa
879 258 945 330 acc]

134 426 260 495 lictores
282 420 387 489 forum
408 422 603 508 inpleverant
626 429 658 485 et
683 441 756 484 cum
781 417 924 484 fascibus
951 440 1079 485 securos

135 530 226 611 gatos
235 517 468 606 praeferebant3
486 539 545 581 nec
558 512 733 581 adtinuisse
746 514 830 579 demi
844 534 1000 593 secutam,
1019 535 1079 580 cun

103 638 118 685 5
135 614 357 703 provocatione
372 613 467 677 creati
481 620 596 689 essent,
614 608 908 696 interpretabantur.
936 606 1079 676 deccmr

137 710 259 798 species
278 717 344 773 erat
360 707 649 792 multiplicatusque
663 715 761 770 terror
773 728 837 770 non
850 703 968 770 infimis
983 706 1079 771 solun

136 802 325 890 primoribus
347 811 485 887 potrum,
512 802 602 878 ratis,
630 799 736 865 caedis
763 821 892 864 causam
919 820 959 864 ac
982 800 1079 886 princi

136 899 258 984 quaeri,
286 906 334 974 ut,
364 897 479 980 siquis
498 917 668 961 memorem
689 893 841 960 libertatis
863 916 976 959 vocem
1000 897 1079 960 auti

136 1003 213 1058 natu
234 1002 289 1057 aut
310 992 343 1056 iu
365 991 518 1077 populum
540 989 692 1067 misisset,
721 989 826 1054 statim
848 989 957 1075 virgae
980 1010 1079 1056 secun

104 1087 232 1155 setiam
254 1086 295 1150 ed
317 1095 491 1151 ceterorum
517 1094 636 1148 metum
663 1082 892 1167 expedirentur.
928 1106 1006 1148 nam
1032 1106 1079 1169 prr

136 1205 232 1267 quam
250 1181 336 1266 quod
352 1180 386 1244 in
402 1180 520 1266 populo
537 1179 615 1243 nihil
633 1187 700 1243 erat
716 1178 864 1264 praesidii
878 1177 1005 1243 sublata
1018 1199 1079 1265 pro

137 1277 235 1353 tione,
262 1276 519 1341 intercessionem
536 1296 661 1358 quoque
684 1295 841 1338 consensu
863 1273 1071 1351 sustulerant,

134 1371 255 1458 priores
274 1370 442 1435 decemviri
465 1369 672 1455 appellatione
695 1367 833 1454 collegae
852 1368 966 1454 corrigi
989 1369 1079 1433 reddi

136 1486 172 1530 se
188 1465 258 1529 iura
275 1464 420 1528 tulissent
438 1474 469 1528 et
486 1464 655 1546 quaedam,
682 1484 763 1546 quae
782 1462 832 1526 sui
848 1462 956 1526 iudicii
980 1463 1079 1528 videri

104 1568 221 1635 esent,
249 1559 289 1622 ad
306 1558 458 1642 populum
475 1558 665 1622 reiecissent.
702 1557 896 1641 aliquamdiu
917 1568 1072 1642 aequatus

138 1672 246 1717 omnes
266 1661 364 1717 terror
381 1653 449 1729 fnit,
468 1652 619 1738 paulatim
637 1661 722 1716 totus
736 1660 856 1717 vertere
869 1651 902 1715 in
916 1652 1044 1738 plebem
1058 1676 1079 1718 o

136 1745 351 1812 abstinebatur
365 1770 384 1810 a
396 1747 548 1832 patribus,
567 1747 601 1810 in
613 1746 794 1811 humiliores
807 1746 975 1812 libidinose
990 1749 1079 1812 crude

136 1862 198 1925 que
221 1840 451 1906 consulebatur.
491 1841 668 1918 hominum,
696 1863 759 1906 non
782 1864 962 1919 causarum,
991 1844 1048 1908 toti

135 1947 170 2001 ut
188 1939 272 2022 apud
291 1960 369 2020 quos
388 1938 490 2024 gratia
507 1939 571 2002 vim
590 1938 680 2021 aequi
698 1937 836 2003 haberet.
863 1938 981 2004 iudicia
995 1940 1080 2004 domi

102 2050 118 2098 8
136 2031 264 2108 flabant,
282 2030 653 2117 pronuntiabantinforo.
682 2032 788 2116 siquis
803 2032 958 2119 collegam
967 2034 1079 2120 appella

135 2124 178 2190 ab
195 2147 242 2202 ec,
263 2127 303 2190 ad
322 2147 416 2209 quem
433 2136 570 2205 venerat,
589 2128 633 2192 ita
647 2128 834 2206 discedebat,
853 2137 889 2192 ut
901 2131 1079 2214 paeniteret,

102 2239 116 2285 9
135 2219 246 2305 prioris
265 2220 389 2286 decreto
408 2221 541 2286 stetisse.
578 2221 683 2308 opinio
701 2223 795 2287 etiam
813 2224 880 2288 sine
898 2235 1027 2288 auctore
1041 2247 1079 2288 ex

87 2383 90 2389 ,
134 2337 199 2380 non
215 2315 439 2402 inpraesentia
457 2318 551 2382 modo
570 2317 717 2403 temporis
732 2340 786 2382 eos
800 2318 945 2382 iniuriam
959 2319 1079 2405 conspir

136 2410 193 2475 sed
214 2410 326 2476 foedus
349 2412 578 2478 clandestinum
600 2412 681 2476 inter
702 2413 788 2498 ipsos
811 2413 877 2477 iure
904 2413 1038 2478 iurando
1059 2415 1079 2478 i<

133 2525 174 2570 ne
193 2506 318 2571 comitia
339 2499 490 2572 haberent
511 2516 725 2592 perpetuoque
747 2507 960 2572 decemviratu
980 2531 1079 2595 posse

135 2601 232 2666 semel
251 2602 427 2667 obtinerent
444 2603 619 2687 imperium.

102 2716 113 2760 1
198 2695 385 2760 XXXVII.
415 2696 761 2780 Circumspectaretum
769 2697 971 2782 patriciorum
984 2699 1079 2763 vultus

133 2787 185 2852 bei
208 2799 238 2852 et
260 2789 333 2852 inde
351 2788 502 2853 libertatis
526 2801 651 2876 captare
674 2815 796 2869 auram,
824 2792 907 2856 unde
926 2793 1079 2857 servitute:

100 2903 115 2949 2
133 2881 248 2945 mendo
261 2882 294 2945 in
308 2905 379 2946 cum
395 2892 510 2948 statum
523 2908 590 2949 rem
603 2885 762 2971 publicam
781 2886 984 2950 adduxerant.
1012 2888 1079 2972 prin

131 2982 257 3062 patrum
279 2977 385 3042 odisse
411 2979 618 3057 decemviros,
647 2980 751 3045 odisse
778 2979 917 3064 plebem,
945 3002 1005 3044 neo
1031 3003 1079 3066 pr<

133 3090 214 3155 quae
223 3070 333 3136 fierent
342 3082 373 3137 et
382 3073 508 3138 credere
522 3073 607 3138 haud
620 3073 758 3160 indignis
773 3073 923 3150 accidere,
943 3074 1035 3138 avide
1044 3098 1079 3138 ru

132 3165 173 3230 ad
187 3165 365 3232 libertatem
382 3168 415 3232 in
433 3169 615 3232 seruitutem
634 3168 757 3254 elapsos
770 3169 878 3232 iuvare
892 3168 985 3246 nolle,
1005 3191 1079 3234 cum·

98 3281 113 3328 3
131 3276 256 3345 quoque
273 3262 416 3340 iniurias,
444 3273 480 3327 ut
497 3263 600 3329 taedio
617 3262 829 3346 praesentium
847 3262 993 3327 consules
1017 3265 1077 3327 duo

131 3354 253 3418 demet
271 3366 370 3420 status
388 3357 539 3443 pristinus
557 3379 661 3420 rerum
679 3356 712 3419 in
730 3356 920 3420 desiderium
938 3358 1074 3421 veniant.

96 3467 114 3515 4
195 3446 265 3512 Iam
287 3458 319 3514 et
340 3461 536 3534 processerat
557 3473 630 3536 pars
653 3450 753 3515 maior
775 3450 849 3514 anni
875 3461 907 3515 et
928 3451 1011 3516 duae
1038 3449 1079 3515 tal

129 3542 237 3628 legum
255 3543 297 3608 ad
312 3544 425 3629 prioris
444 3546 517 3610 anni
535 3547 645 3610 decem
666 3545 789 3610 tabulas
813 3554 902 3609 erant
922 3546 1076 3623 adiectae,

131 3637 301 3721 quicquam
317 3639 381 3704 iam
399 3651 573 3726 supererat,
603 3640 630 3706 si
648 3663 703 3704 eae
727 3662 851 3724 quoque
872 3639 962 3726 leges
982 3651 1079 3706 centu

131 3731 264 3797 comitiis
286 3734 423 3820 perlatae
446 3744 565 3813 essent,
593 3757 649 3800 cur
675 3757 712 3799 eo
739 3735 926 3820 magistratu
948 3735 995 3801 rei
1016 3734 1079 3821 pub

96 3847 112 3894 o
130 3847 210 3911 opus
229 3838 322 3893 esset.
358 3831 593 3916 exspectabant,
613 3853 708 3914 quam
726 3851 801 3893 mox
819 3828 1004 3895 consulibus
1018 3851 1079 3894 cres

131 3920 256 3989 comitia
278 3923 480 3991 edicerentur.
520 3925 553 3989 id
575 3926 668 3990 modo
691 3923 816 4010 plebem
842 3923 997 4010 agitabat,
1026 3946 1079 4008 qu<

129 4018 223 4085 modo
241 4018 438 4086 tribuniciam
455 4029 656 4106 potestatem,
675 4019 904 4084 munimentum
922 4018 1072 4098 libertati,
