2566 4524
317 277 436 332 arana
454 276 497 346 n,
515 277 557 331 42.
577 281 615 346 [a.
627 276 816 348 oisc-aa]
1030 267 1092 331 103

77 439 132 504 ibat
139 435 255 502 animos
265 457 460 519 accensaque
470 457 507 500 ea
521 435 675 520 cupiditas
690 446 738 499 est
751 435 944 522 malignitate
957 447 1091 522 patrum,

79 533 133 616 qui,
153 529 283 595 devictis
302 552 340 595 eo
359 553 440 594 anno
458 529 585 596 Volscis
603 529 804 614 Aequisque,
828 529 958 595 militem
974 532 1092 617 praeda

79 626 255 691 fraudavere.
296 625 449 708 quidquid
475 636 602 710 captum
628 647 667 688 ex
693 624 836 690 hostibus
865 635 925 702 est,
954 624 1125 693 vendidit2

80 720 178 786 Fabius
197 719 309 784 consul
327 741 364 784 ac
381 719 502 805 redegit
519 719 552 782 in
569 718 740 804 publicum.

131 814 269 878 Invisum
283 823 351 878 erat
363 813 500 878 Fabium
514 835 631 878 nomen
643 814 729 898 plebi
742 823 869 899 propter
886 813 1094 879 novissimum

82 907 237 986 ansulem3
256 918 384 972 tenuata
399 917 504 972 tamen
517 917 632 993 patres,
650 917 686 972 ut
700 930 772 972 cum
785 909 827 974 L.
837 907 975 975 Aemilio
989 907 1093 978 Caeso

82 1001 179 1067 Fabius
193 1001 305 1068 consul
318 1012 482 1067 crearetur.
512 1025 549 1066 eo
561 1002 704 1068 infestior
717 1003 801 1068 facta
814 1003 923 1087 plebes
942 1004 1093 1069 seditione
1112 1022 1127 1068 3

83 1096 233 1162 domestica
255 1096 372 1161 bellum
395 1106 557 1161 externum
581 1096 704 1161 excivit.
742 1097 824 1162 bello
847 1098 959 1161 deinde
986 1097 1092 1162 civiles

84 1189 234 1255 discordiae
256 1190 467 1256 intermissae:
494 1213 557 1255 uno
580 1193 684 1256 animo
707 1201 811 1276 patres
831 1214 867 1256 ac
884 1190 975 1276 plebs
993 1189 1094 1255 rebel-

86 1281 162 1348 lantes
180 1284 316 1349 Volscos
335 1296 366 1349 et
383 1284 514 1367 Aequos
549 1286 628 1350 duce
646 1285 783 1349 Aemilio
817 1308 967 1371 prospera
984 1307 1093 1369 pugna
1193 1348 1196 1353 .

88 1378 175 1444 vicere.
211 1378 283 1463 plus
307 1389 411 1443 tamen
428 1379 566 1444 hostium
585 1381 662 1466 fuga
679 1402 774 1463 quam
792 1380 946 1465 proelium
965 1379 1093 1444 absum·
1111 1400 1127 1444 4

85 1471 141 1552 paitr
156 1473 235 1538 adeo
248 1473 448 1558 pertinaciter
460 1473 549 1538 fusos
563 1474 697 1539 insecuti
711 1480 784 1539 sunt
798 1476 928 1558 equites.
949 1471 1090 1539 Castoris
1111 1492 1125 1536 a

85 1567 155 1631 aedes
181 1568 292 1632 eodem
315 1587 397 1632 anno
418 1568 523 1632 idibus
548 1568 742 1650 Quintilibus
765 1570 909 1635 dedicata
930 1578 991 1634 est:
1018 1578 1093 1633 vota

83 1671 130 1725 erat
144 1662 259 1727 Latino
278 1663 360 1727 bello
378 1663 543 1728 Postumio
562 1664 725 1744 dictatore,
748 1665 831 1730 filius
856 1665 922 1729 eins
946 1663 1093 1730 duumvir

81 1755 109 1818 ad
122 1756 152 1820 id
168 1756 273 1840 ipsum
291 1768 413 1821 creatus
432 1758 596 1822 dedicavit.

128 1849 292 1916 Sollicitati
323 1861 354 1915 et
380 1874 417 1916 eo
445 1874 526 1916 anno
553 1863 626 1917 sunt
653 1853 816 1919 dulcedine
843 1850 984 1939 agrariae
1010 1851 1125 1936 legiae

78 1944 157 2009 animi
181 1945 294 2031 plebis.
339 1945 456 2011 tribuni
486 1946 572 2032 plebi
596 1948 781 2034 popularem
806 1956 994 2033 potestatem
1020 1945 1091 2032 lege

77 2039 201 2123 populari
221 2039 434 2117 celebrabant,
453 2051 572 2125 patres,
592 2045 668 2108 satis
687 2063 842 2127 superque
861 2040 989 2127 gratuiti
1002 2039 1092 2104 favo-

77 2130 108 2195 n's
123 2132 154 2196 in
169 2133 401 2197 multitudinem
419 2135 580 2201 credentes
595 2159 679 2213 esse,
698 2136 880 2222 largitiones
893 2134 1090 2199 temeritatis-

77 2247 122 2308 que
141 2227 347 2292 invitamenta
368 2227 544 2293 horrebant
585 2231 728 2301 acerrimi
754 2229 897 2314 patribus
924 2229 1021 2293 duces
1048 2227 1090 2292 ad

77 2323 270 2388 ’asistendum
287 2325 432 2390 consules
450 2324 549 2390 fuere.
566 2389 569 2394 .

120 2417 173 2483 Ea
185 2418 282 2504 igitur
293 2441 367 2503 pars
380 2419 426 2482 rei
438 2419 583 2503 publicae
597 2419 684 2483 vicit:
704 2440 762 2482 nec
775 2419 808 2484 in
820 2438 969 2502 praesens
984 2417 1088 2494 modo,
1110 2439 1124 2484 7

78 2512 114 2576 ed
130 2512 165 2575 in
183 2512 360 2576 venientem
378 2512 472 2576 etiam
490 2536 608 2578 anuum
624 2512 672 2577 M.
685 2511 835 2588 Fabium,
856 2509 1009 2576 Caesonis
1028 2510 1091 2575 fra—

77 2629 150 2685 rem,
184 2617 216 2671 et
241 2607 343 2693 magis
371 2606 508 2672 invisum
535 2608 668 2672 alterum
693 2606 779 2692 plebi
805 2606 1005 2671 accusatione
1032 2603 1089 2690 Sp.

77 2699 167 2778 lassi,
186 2702 228 2765 L.
243 2701 420 2780 Valerium,
443 2700 588 2769 consules
607 2703 701 2767 dedit.
739 2711 891 2767 certatum
909 2723 946 2765 eo
965 2721 1090 2784 quoque
1109 2718 1124 2766 8

77 2819 139 2860 nno
163 2817 237 2859 cum
259 2795 392 2860 tribunis
415 2805 472 2860 est.
508 2819 591 2860 vana
611 2796 663 2863 lex
685 2796 820 2879 vanique
842 2795 923 2882 legis
946 2804 1089 2859 auctores

77 2890 204 2955 rotando
227 2890 355 2955 inritum
376 2914 491 2956 munus
514 2890 599 2955 facti.
643 2891 779 2956 Fabium
805 2891 877 2957 inde
904 2913 1020 2956 nomen
1042 2890 1090 2955 in-

77 3007 150 3062 ens,
173 2995 247 3070 post
269 2994 331 3052 tres
354 2987 519 3051 continuos
537 2984 717 3050 consulatus
735 3009 861 3069 unoque
879 2987 965 3050 velut
983 2995 1090 3050 tenore

77 3103 168 3144 »mnes
185 3090 331 3166 expertos
351 3081 523 3147 tribuniciis
543 3082 779 3159 certaminibus,
798 3081 954 3145 habitumr
972 3081 1088 3164 itaque,

77 3183 93 3237 t
117 3173 194 3238 bena
216 3176 354 3252 locatus,
380 3177 496 3241 mansit
517 3177 550 3240 in
572 3199 609 3241 ea
630 3176 750 3241 familia
768 3175 961 3259 aliquamdiu
977 3175 1087 3239 honos.

79 3268 175 3332 ellum
192 3269 267 3333 inde
280 3268 398 3335 Veiens
416 3270 474 3334 init
530 3319 538 3335 .
570 3281 601 3335 et
614 3270 724 3335 Volsci
741 3268 940 3334 rebellarunt.
974 3267 1122 3338 sedada

78 3363 139 3427 ella
166 3374 296 3427 externa
321 3385 419 3448 prope
446 3374 629 3450 supererant
651 3366 733 3429 vires
757 3363 1028 3447 abutebanturque
1049 3362 1087 3426 iis

77 3467 135 3521 iter
154 3467 256 3522 semet
272 3457 360 3543 ipsos
379 3460 536 3524 certando.
572 3481 732 3524 accessere
752 3459 793 3524 ad
810 3480 922 3544 aegras
939 3457 1003 3522 iam
1021 3480 1089 3522 om·
1108 3479 1139 3526 10

77 3551 141 3616 ium
160 3561 283 3616 mentes
300 3553 445 3638 prodigia
462 3552 622 3631 caelestia,
645 3575 743 3639 prope
762 3553 933 3619 cotidianas
956 3552 989 3614 in
1011 3551 1088 3617 urbe

77 3646 204 3731 grisque
226 3647 415 3710 ostentantia
436 3646 552 3725 minas,
579 3648 719 3731 motique
740 3647 787 3712 ira
803 3647 940 3711 numinis
959 3668 1088 3711 causam

77 3740 174 3804 ullam
196 3738 292 3804 aliam
314 3750 402 3806 vates
425 3742 579 3807 canebant
604 3742 729 3828 publice
755 3741 978 3828 privatimque,
1005 3763 1088 3807 nunc

77 3835 149 3912 rtis,
168 3856 254 3899 nunc
270 3857 329 3921 per
345 3859 420 3901 aves
439 3836 587 3914 consulti,
611 3859 707 3920 quam
724 3837 811 3902 haud
826 3837 885 3902 rite
903 3858 993 3902 sacra
1009 3834 1086 3898 fieri.

77 3928 109 3992 ui
130 3939 267 3993 terrores
290 3938 395 3994 tamen
417 3953 454 3996 eo
473 3954 614 4009 evasere,
638 3942 673 3996 ut
693 3929 811 4016 Opillia
829 3931 919 4017 virgo
937 3926 1085 4003 Vestalis,
1106 3946 1137 3994 11

77 4033 204 4089 amnata
221 4023 346 4103 incesti,
365 4047 483 4110 poenas
503 4026 632 4091 dederit.

1071 4190 1199 4262 ,Ἀ
