2566 4524
130 258 175 323 64
432 263 551 318 LIBER
568 263 612 328 11,
629 264 654 315 L
673 261 855 333 ξηαὲὕ]

128 422 302 480 incommodi
310 420 402 490 magis
411 436 497 508 quam
506 435 619 506 graves·
618 434 665 471 ess
667 424 726 486 ent,
734 414 1042 470 familisi'sbiorumid
1049 410 1191 470 bellum'
1189 452 1191 461 ·

129 501 274 573 gerendi⁸
284 496 456 567 depoposcit
467 495 641 566 misitqne'm
649 495 680 548 id
691 500 835 548 trecentos
849 509 900 546 sex
913 500 1047 556 armatos,
1062 493 1149 564 qniad

130 579 291 634 Cremeram
303 584 419 645 praeter
431 591 517 626 unum
527 573 565 625 sb
573 572 705 625 hostibus
715 571 792 626 caesi
806 580 880 623 sunt
895 569 1011 659 ‘Appius
1020 569 1148 624 Claudius

129 655 241 721 consul,
254 670 319 707 cum
331 653 469 706 adversus
477 650 602 705 Vulseos
616 648 797 703 contumacis
809 646 951 702 examu-
964 646 1040 702 mle
1048 663 1147 718 pugna·

129 739 190 787 tum
203 737 288 795 esset,
303 729 441 784 decimum
455 742 596 798 quemque
610 727 731 779 militum
748 725 825 779 fuste
837 725 989 795 percutit
1013 740 1064 779 res
1075 741 1148 795 pno-

130 814 211 864 retra
219 808 358 861 adversus
366 805 490 860 Vulseos
498 803 679 857 ctHernicos
687 802 871 866 etl'uientas,
880 807 911 856 et
919 800 1147 857 seditionosinter

130 891 230 956 putres
240 883 413 954 plebemque
426 881 575 951 continet]

565 1014 728 1023 -.--..

508 1114 626 1195 ΤΙΤΙ
652 1112 777 1195 ΗΠ

372 1274 442 1334 rs
475 1272 622 1331 vass
657 1270 916 1331 sonorus

99 1578 112 1623 1
195 1552 224 1616 I.
253 1550 395 1616 Liberi
385 1574 449 1615 ram
470 1551 545 1614 bine
565 1551 675 1659 populi
690 1486 827 1615 Romani
847 1572 899 1615 res
914 1571 996 1636 pano
1011 1548 1148 1633 belloque

132 1656 254 1734 gestas,
277 1667 398 1709 annuos
420 1645 622 1731 magistratus
608 1645 838 1730 imperiaque
853 1645 962 1730 legum
982 1644 1148 1731 potenn‘on

97 1762 226 1826 squam
248 1739 410 1805 hominnm
431 1762 592 1826 peragam.
625 1762 708 1823 quae
729 1740 858 1805 libertas
879 1750 916 1804 nt
931 1740 1047 1804 laetior
1062 1746 1147 1815 esset,

130 1836 276 1922 proxumi
287 1835 372 1922 regis
386 1834 532 1919 superbia
544 1835 672 1898 fecerat
699 1858 773 1898 nam
784 1835 906 1919 priores
918 1834 963 1899 ita
975 1842 1150 1922 regnarunt,

131 1943 167 1993 nt
183 1930 260 1993 haut
276 1929 421 1992 inmerito
438 1951 548 1993 omnes
565 1929 714 2013 deinceps
731 1929 909 1993 conditores
924 1927 1066 2013 partium
1077 1936 1151 1993 certo

132 2023 229 2099 urbis,
243 2044 323 2106 quas
339 2045 438 2086 novas
455 2023 518 2106 ipsi
535 2023 629 2086 sedes
645 2023 686 2088 ab
700 2045 735 2088 se
752 2038 862 2087 auctae
879 2022 1089 2088 multitudinis
1104 2020 1154 2087 stl-

99 2141 115 2186 3
133 2118 287 2194 ‹fider-unt,
300 2127 511 2181 numerentur.
538 2140 640 2201 neque
655 2117 833 2205 ambigitur,
848 2119 924 2203 quin
931 2118 1053 2183 Brutus
1066 2118 1152 2193 idem,

133 2212 188 2296 qni
205 2222 326 2275 tantum
343 2210 461 2298 gloriae
481 2208 626 2298 Superbo
644 2224 756 2277 exacto
772 2235 848 2300 rege
869 2212 997 2290 meruit,
1018 2212 1151 2298 pessimo

132 2302 259 2389 publico
275 2304 310 2368 id
327 2305 468 2370 facturus
485 2305 597 2384 suerit,
615 2306 643 2370 si
659 2306 811 2370 libertatis
824 2306 1000 2371 inmaturae
1013 2302 1150 2392 cupitline

99 2421 116 2466 4
133 2400 272 2486 priorum
287 2423 400 2486 regum
418 2401 511 2465 alicui
523 2424 656 2487 regnum
670 2403 862 2466 extorsisset
889 2402 966 2485 qnid
978 2401 1065 2464 enim
1077 2400 1154 2465 futu·

133 2518 202 2559 rum
216 2496 286 2572 suit,
306 2497 334 2560 si
346 2497 401 2559 illa
416 2506 578 2581 pastorum
591 2517 864 2579 convenarumque
876 2494 976 2581 plebs,
995 2493 1153 2579 tmnsfngr

134 2612 174 2653 ex
191 2588 257 2653 suis
275 2590 414 2674 populis,
439 2587 498 2653 sub
515 2588 613 2653 tutela
630 2589 770 2653 inmolati
788 2590 896 2675 templi
914 2598 968 2652 aut
983 2588 1152 2654 libertatem
1168 2672 1172 2681 Ι

134 2695 189 2747 aut
206 2694 289 2746 certe
316 2683 523 2767 inpunitatem
541 2684 668 2768 adepta,
692 2683 795 2748 soluta
815 2685 904 2771 regio
925 2692 1026 2760 metu,
1050 2675 1151 2768 agitari

99 2797 115 2840 ι
135 2788 246 2859 coepta
263 2784 347 2839 esset
364 2774 537 2840 tribuniciis
554 2777 699 2861 procellis
718 2788 749 2840 et
766 2779 800 2841 in
812 2778 915 2842 aliena
928 2776 1006 2841 urbe
1020 2799 1093 2841 oum
1103 2794 1150 2861 ps·

135 2868 235 2932 tribus
254 2890 355 2932 serere
373 2870 555 2947 certamina,
577 2870 762 2955 priusquam
783 2873 914 2958 pignera
935 2871 1105 2957 coniugum
1119 2882 1149 2931 rt

134 2962 303 3027 liberorum
325 2963 501 3047 caritasque
526 2966 626 3050 ipsius
649 2966 722 3043 soli,
750 2967 801 3029 cui
825 2967 922 3053 longo
944 2975 1086 3050 tempore
1104 2958 1165 3035 etl-i

102 3079 117 3124 6
136 3058 299 3136 sufficitur,
313 3058 435 3123 animos
453 3082 561 3124 eorum
579 3060 811 3125 consociasset?
827 3060 997 3144 dissipatae
1015 3080 1067 3123 res
1083 3070 1147 3120 non·

135 3153 211 3217 <lum
228 3153 353 3218 adultae
372 3154 529 3218 discordia
545 3154 657 3231 forent,
676 3177 756 3238 quas
773 3153 853 3219 serit
870 3152 1039 3237 tranquilla
1054 3146 1145 3232 molt·

135 3248 213 3311 ratio
231 3247 355 3332 imperii
372 3270 471 3331 eoque
488 3249 654 3312 nutriendo
671 3249 831 3333 perduxit,
850 3256 886 3311 ut
903 3247 1020 3312 bonam
1037 3246 1145 3331 [ηιμ

93 3360 96 3366 ·
135 3341 287 3404 libertatis
305 3343 435 3405 maturis
452 3343 515 3405 iam
533 3341 652 3406 viribus
670 3342 752 3406 ferre
769 3352 886 3427 posset

103 3457 117 3501 7
198 3432 371 3498 Libertatis
394 3444 499 3498 autem
521 3436 673 3522 originem
694 3436 768 3500 inde
790 3436 907 3522 magis,
930 3434 1006 3518 quia
1024 3444 1145 3499 annuum

135 3527 301 3612 imperium
323 3528 486 3592 consulare
509 3526 628 3593 factum
650 3539 712 3607 est,
738 3552 834 3614 quam
855 3529 941 3613 quod
966 3527 1163 3593 deminutus·

101 3640 117 3688 8
136 3621 303 3703 quiequam
318 3622 358 3685 sit
371 3645 410 3686 ex
426 3624 514 3709 regia
525 3633 691 3709 potestate,
704 3645 860 3688 numeres.
886 3622 992 3687 omnia
1004 3623 1083 3698 iura,
1095 3636 1147 3685 om·

135 3715 189 3777 nia
205 3715 342 3802 insignia
357 3718 451 3803 primi
469 3719 612 3783 consules
632 3728 772 3782 tenuere:
794 3718 828 3782 id
846 3717 939 3782 modo
957 3730 1087 3781 cautum
1101 3714 1148 3785 0¹¹·

135 3832 189 3887 ne,
213 3833 241 3875 ιι
230 3809 351 3876 ambo
369 3812 472 3876 fasces
495 3813 660 3889 haberent,
634 3812 861 3897 tduplicatus
879 3820 979 3875 terror
994 3810 1150 3874 videmur

134 3904 252 3970 Brutus
274 3907 370 3991 prior·
381 3909 571 3972 eoncedente
541 3907 715 3994 tcollega
736 3906 839 3972 fasces
865 3905 991 3983 habuit,
1019 3902 1075 3989 qui
1097 3914 1153 3967 nou
1177 3924 1191 3987 'r

135 4000 235 4065 acrior
256 4001 372 4066 vindex
393 4001 544 4067 libertatis
568 4001 683 4080 fuerat,
707 4023 802 4087 quam
824 4000 938 4066 deinde
960 4007 1070 4065 eustos
1090 3990 1154 4061 fuir
