2566 4524
130 247 199 321 396
418 259 536 320 meme
553 259 638 326 inu,
657 260 682 314 1.
702 263 739 328 [a.
748 276 776 314 u.
787 275 811 314 s.
820 258 885 330 413]

420 505 640 587 [enmocnn
656 508 765 567 mam
780 504 886 586 vni]

106 686 111 692 .
190 637 300 708 [Latini
314 655 378 693 curn
391 636 543 708 Campanis
559 637 690 694 defecere
704 643 733 694 et
749 637 842 692 missis
859 637 967 709 legatis
985 638 1025 693 ad
1041 643 1147 695 senatun

135 716 486 788 condicionem‘tulerunt,
504 722 550 787 ut,
570 717 594 770 si
611 733 712 786 pacem
729 716 836 771 habere
854 715 980 788 vellent,
999 717 1108 773 alterum
1121 733 1148 772 cx

135 793 248 850 Latinis
263 793 409 849 consulem
422 793 560 849 facerent
584 811 639 865 qua
653 794 799 865 legatione
812 793 928 865 perlate
940 800 1059 865 praetor
1070 812 1149 854 corun

136 871 247 925 Annius
262 871 298 927 de
308 868 449 942 Capitolio
463 870 504 927 ita
516 871 669 941 prolapsus
684 875 740 941 est,
758 875 792 925 ut
804 870 1025 929 exanimaretur.
1045 873 1151 929 ‘llMan-
1186 891 1187 895 ¹

135 948 192 1004 lius
211 949 313 1006 consul
329 947 434 1020 filium,
457 951 535 1022 quod
554 954 653 1004 contra
670 948 794 1003 edictum
812 947 873 1005 eius
892 949 1036 1006 adversus
1049 948 1153 1015 Latiam

114 1060 117 1065 »
134 1032 329 1099 pugnaverat,
343 1026 472 1098 quamvis
481 1043 618 1097 prospere
627 1030 799 1097 pugnasset,
815 1025 908 1081 securi
916 1027 1070 1097 percussit
1083 1027 1154 1084 labo·

134 1104 265 1160 rantibus
282 1103 313 1159 in
331 1103 393 1159 acie
410 1103 548 1161 Romanis
565 1104 599 1158 P.
613 1103 734 1174 Decius,
758 1109 827 1158 tunc
846 1105 950 1159 consul
969 1120 1036 1160 cum
1051 1104 1154 1176 Manlio,

136 1181 252 1237 devovit
265 1199 297 1238 se
309 1199 363 1254 pro
378 1182 505 1239 exercitu
520 1187 562 1252 et,
582 1182 725 1239 concitato
740 1197 814 1253 equo
830 1199 894 1238 oum
907 1183 939 1237 in
951 1184 1155 1240 medioshostes

110 1309 114 1315 .
136 1276 167 1316 se
181 1259 327 1317 intulisset
335 1260 523 1330 'interfectus,
540 1265 631 1316 morte
649 1277 702 1315 sua
713 1259 850 1315 Romanis
868 1260 1023 1318 victoriam
1039 1261 1155 1319 restitnit

135 1337 234 1394 Latini
243 1337 272 1394 in
283 1338 457 1394 deditionem
465 1343 613 1394 venerunt.
645 1338 682 1394 Τ.
694 1337 802 1393 Manlio
810 1337 842 1392 in
849 1338 952 1394 urbem
960 1355 1078 1396 reverso
1085 1354 1155 1397 uene

135 1433 171 1472 ex
187 1417 336 1473 iuventute
359 1416 473 1473 obviam
493 1416 642 1486 processit.
678 1414 805 1471 Minucia
821 1415 903 1487 virgo
921 1414 1053 1473 Vestalis
1069 1416 1156 1479 incesti

136 1495 272 1549 damnata
290 1498 342 1551 est.
376 1491 542 1550 Ausonibus
560 1493 643 1549 victis
661 1493 691 1547 in
706 1493 842 1564 oppidum
857 1508 892 1548 cx
905 1492 941 1546 iis
956 1500 1074 1566 captum
1086 1493 1156 1551 Gales

136 1571 251 1627 colonia
269 1571 393 1628 deducta
412 1577 467 1627 est:
485 1571 554 1628 item
567 1571 718 1642 Fregellae
738 1570 852 1626 colonia
866 1571 995 1628 deducta
1008 1578 1061 1629 est.
1085 1588 1155 1631 vens·

134 1648 231 1705 ficium
240 1649 419 1719 conplurium
432 1654 624 1705 matronarum
639 1647 846 1719 deprehensum
859 1653 918 1719 est,
937 1665 975 1704 ex
991 1650 1094 1722 quibus
1104 1650 1155 1721 plu·

134 1727 223 1784 rimae
242 1727 338 1783 statim
357 1728 450 1800 epotis
468 1726 703 1784 medicaminibus
720 1726 873 1796 perierunt
907 1727 955 1783 lex
975 1728 1014 1801 de
1031 1727 1155 1784 veneficio

133 1811 204 1861 tunc
220 1805 342 1876 primum
360 1805 517 1862 constituta
539 1810 590 1860 est.
624 1803 854 1875 Privernatibus,
881 1821 947 1859 cum
969 1806 1154 1875 rebellassent,

133 1883 218 1937 victis
238 1882 338 1938 civitas
358 1883 426 1938 data
444 1889 496 1938 est
531 1881 717 1951 Neapolitani
734 1881 813 1937 bello
833 1887 864 1936 et
881 1881 1037 1939 obsidione
1056 1881 1153 1938 victiir

135 1960 310 2016 deditIonem
325 1965 472 2016 venerunt.
511 1959 545 2025 Q.
559 1959 700 2029 Publilio,
719 1959 767 2031 qui
780 1976 831 2014 eos
846 1959 1018 2032 obsederat,
1035 1960 1153 2033 primoel
1184 2024 1186 2031 Ι

22 2078 27 2092 .
132 2037 280 2108 imperium
289 2038 433 2107 prolatum
443 2047 488 2092 est
497 2043 526 2094 et
537 2055 590 2108 pro
605 2037 722 2093 consule
735 2036 897 2107 triumphus
912 2037 1058 2094 decretus.
1082 2036 1150 2108 plebs

133 2131 209 2169 nexu
225 2115 349 2170 liberate
368 2119 413 2170 est
430 2120 549 2186 propter
560 2115 595 2171 L.
608 2114 708 2186 Papiri
724 2114 874 2171 creditoris
891 2114 1057 2186 libidinem,
1075 2112 1149 2186 quid.
1184 2125 1187 2135 ·

114 2254 118 2260 ,
133 2191 261 2248 Publilio
277 2192 402 2249 debitori
416 2209 467 2249 suo
484 2198 611 2264 stuprum
623 2193 730 2249 inferre
743 2193 883 2249 voluerat.
907 2209 974 2248 cum
987 2191 1024 2248 L.
1036 2190 1147 2265 Papiria
1178 2244 1187 2284 Ι

135 2267 241 2325 Cursor
259 2270 382 2326 dictator
400 2287 530 2326 reversus
548 2271 579 2326 in
591 2271 691 2327 urbem
705 2270 743 2325 ab
758 2269 885 2326 exercitu
900 2275 981 2326 esset
992 2275 1145 2342 propensu
1178 2317 1182 2325 .

135 2347 226 2418 spicia
243 2349 412 2420 repetenda,
432 2348 465 2414 Q.
479 2348 588 2404 Fabius
605 2347 742 2419 magister
760 2347 902 2420 equitum,
922 2347 1076 2403 occasione
1090 2346 1144 2404 benc

134 2426 278 2496 gerendae
296 2427 338 2482 rei
355 2426 505 2495 invitatus,
530 2430 630 2480 contra
648 2425 773 2480 edictum
792 2425 854 2480 eius
871 2442 1014 2496 prospere
1032 2425 1142 2481 adversus
1177 2436 1187 2476 .·

134 2502 276 2559 Samnites
292 2505 440 2574 pugnavit.
473 2504 510 2557 ob
531 2519 593 2558 eam
613 2519 729 2558 causam
748 2519 811 2558 cum
830 2502 957 2559 dictator
977 2503 1014 2557 de
1031 2500 1141 2572 magistre

133 2581 260 2652 equitnm
271 2582 441 2652 supplicium
451 2586 613 2652 sumpturus
622 2580 774 2650 videretur,
788 2580 898 2635 Fabius
908 2573 1140 2650 Romamprofugt
1181 2624 1187 2629 .

134 2665 176 2730 ct,
197 2676 259 2714 cum
268 2677 369 2730 parum
380 2669 467 2716 causa
475 2657 641 2731 proficeret,
656 2658 756 2729 populi
764 2658 900 2728 precibus
911 2659 1036 2716 donatus
1046 2661 1091 2713 est
1108 2666 1137 2709 ret
1173 2694 1175 2699 -

132 2742 281 2809 praeterea
292 2743 392 2793 contra
402 2737 542 2794 Samnites
551 2753 688 2808 prospere
698 2741 795 2808 gestas
806 2737 956 2812 continet]
1171 2748 1174 2756 ·

563 2923 733 2934 ι.-

512 3050 630 3134 ΤΙΤΙ
655 3050 780 3133 LIVI

373 3209 441 3270 AB
476 3209 624 3271 veen
662 3207 928 3271 counire

527 3381 655 3441 LIBER
677 3380 766 3442 VIII.

98 3551 112 3598 1
195 3528 222 3596 Ι.
262 3529 333 3595 Iam
351 3531 496 3598 consides
515 3540 603 3598 erant
622 3528 660 3597 O.
678 3529 824 3597 Plautius
843 3530 974 3610 ilerum,
998 3532 1040 3598 L.
1056 3522 1139 3598 Aeni
1176 3544 1187 3587 Ἀ

130 3623 192 3690 lius
213 3621 412 3703 Mamercus,
443 3647 517 3692 cum
544 3625 645 3692 Setini
670 3624 874 3709 Norbanique
900 3625 1042 3693 Romam
1064 3614 1140 3691 nunffi

131 3716 316 3784 defectionis
333 3717 565 3786 Privernatium
583 3741 655 3786 cum
673 3720 876 3804 querimoniis
895 3730 1046 3808 acceptae
1066 3711 1139 3785 oluit
1179 3754 1187 3779 t

97 3831 113 3882 2
130 3822 292 3880 venerunt.
319 3811 509 3881 Volscorum
527 3815 603 3880 item
621 3815 793 3882 exercitum
811 3815 892 3881 duce
905 3815 1033 3882 Antiati
1048 3805 1140 3901 popu1⁰

130 3909 313 3976 consedisse
340 3909 380 3973 ad
404 3907 561 3975 Satricum
588 3910 727 3975 adlatum
753 3918 810 3974 est.
856 3917 1028 3997 utrumque
1048 3905 1140 3975 bellu!ss
1182 3932 1187 3979 t

99 4018 115 4068 8
130 4000 256 4071 Plautio
271 4011 355 4070 sorte
368 4003 462 4070 venit.
481 4005 568 4092 prius
583 4006 623 4070 ad
632 4003 821 4071 Privernum
828 4005 993 4092 profectus
1007 3995 1141 4085 extemplo
