2566 4524
136 225 176 290 78
355 239 473 295 LIBER
489 238 532 308 H,
551 236 593 292 15.
608 238 649 291 16.
670 240 708 307 [a.
718 255 745 293 u.
755 255 778 292 c.
789 237 939 309 247-252]

102 419 115 467 1
198 395 276 461 XV.
306 393 440 481 Spurius
458 396 628 463 Lucretius
645 396 718 460 inde
737 404 767 459 et
785 393 823 459 P.
838 394 985 465 Valerius
998 395 1168 471 Publioola

135 491 278 561 consules
301 489 385 554 facti.
422 513 459 554 eo
481 513 563 555 anno
585 500 778 576 postremum
801 489 897 576 legati
923 514 943 555 a
964 490 1104 562 Porsina
1129 494 1168 565 de

132 585 311 651 reducendo
336 585 370 648 in
395 606 529 670 regnum
555 583 726 668 Tarquinio
752 594 915 648 venerunt.
951 585 1066 668 quibus
1096 609 1167 657 cum

133 700 319 764 responsum
342 687 439 756 esset,
466 679 637 743 missurum
663 679 703 743 ad
729 701 837 763 regem
864 688 1008 745 senatum
1034 680 1165 766 legatos,

99 773 224 841 amissi
250 771 416 840 confestim
437 772 696 839 honoratissimus
720 773 853 855 quisque
877 794 895 836 e
915 772 1075 858 patribus:
1105 796 1167 842 non

133 867 210 950 quin
231 866 368 935 breviter
384 867 473 930 reddi
489 889 676 952 responsum
693 868 842 952 potuerit,
866 890 931 932 non
946 868 1046 953 recipi
1062 891 1166 956 reges,

133 962 206 1025 ideo
223 961 329 1045 potius
347 961 484 1026 delectos
502 971 627 1046 patrum
645 962 685 1025 ad
703 983 776 1025 eum
797 963 912 1027 missos
935 984 1031 1045 quam
1053 962 1166 1050 legatis

134 1055 201 1121 eius
227 1054 348 1125 Romae
375 1056 501 1123 daretur
525 1077 727 1141 responsum,
765 1055 822 1118 sed
851 1064 887 1119 ut
915 1055 950 1118 in
979 1068 1165 1141 perpetuum

132 1149 249 1215 mentio
263 1149 330 1214 eius
343 1150 388 1215 rei
401 1149 542 1215 finiretur
558 1172 621 1214 neu
638 1149 672 1213 in
689 1149 783 1215 tantis
801 1149 918 1214 mutuis
937 1149 1101 1219 benefieiis
1120 1152 1165 1221 iu·

132 1243 234 1309 vicem
252 1243 348 1307 animi
366 1243 613 1320 sollicitarentur,
637 1265 710 1307 cum
727 1243 779 1311 ille
796 1252 928 1327 peteret,
952 1244 1040 1325 quod
1056 1254 1166 1313 conus

132 1335 309 1409 libertatern
322 1338 432 1423 populi
440 1337 577 1403 Romani
590 1347 687 1414 esset,
705 1336 854 1413 Romani,
873 1337 935 1401 nisi
948 1338 982 1401 in
994 1338 1164 1422 perniciem

135 1455 225 1501 suam
251 1431 363 1501 faciles
388 1453 459 1497 esse
485 1433 615 1508 vellent,
647 1440 811 1517 negarent,
839 1431 890 1495 eui
911 1431 990 1497 nihil
1016 1442 1163 1518 negatum

98 1541 114 1588 3
133 1525 258 1591 vellent.
293 1547 357 1590 non
378 1526 412 1589 in
433 1548 532 1612 regno
553 1526 706 1611 populum
723 1525 917 1602 Romanum,
942 1525 1052 1591 sedin
1072 1525 1161 1597 liber·

134 1629 199 1684 tate
217 1641 302 1696 esse,
321 1619 366 1683 ita
382 1620 546 1684 induxisse
563 1620 596 1683 in
610 1620 763 1697 animum,
782 1618 925 1685 hostibus
939 1620 1048 1704 potius
1060 1629 1158 1706 portas

134 1736 231 1798 quam
247 1713 375 1800 regibus
393 1715 580 1800 patefacere.

196 1807 248 1872 Ea
266 1831 337 1873 esse
354 1819 427 1874 vota
445 1808 530 1892 (eam
552 1832 622 1873 esse
644 1807 850 1889 voluntatem)
873 1808 1028 1885 omnium,
1056 1806 1161 1893 utqui

98 1923 115 1971 4
132 1902 268 1969 libertati
285 1903 343 1967 erit
360 1904 392 1967 in
410 1904 464 1967 illa
480 1903 558 1968 urbe
576 1904 662 1981 finis,
688 1903 774 1966 idem
795 1902 866 1967 urbi
889 1901 942 1979 sit3
969 1903 1116 1986 proinde,
1136 1900 1161 1965 si
1199 1946 1202 1975 ς

134 1998 255 2062 salvam
269 2019 339 2061 esse
353 1997 446 2061 vellet
453 1998 603 2074 Romam,
621 2007 658 2061 ut
669 1998 805 2083 patiatur
818 1996 948 2060 liberam
962 2018 1049 2073 esse,
1067 2016 1159 2085 orare.
1194 1988 1198 1995 ¹

100 2110 116 2156 5
133 2113 191 2160 rex
204 2091 392 2155 verecundia
405 2092 507 2157 vietus
523 2091 708 2175 ‘quandoid
722 2101 840 2155 certum
859 2099 952 2173 atque
970 2089 1161 2157 obstinatum

135 2194 197 2261 est,
233 2184 335 2268 inquit
358 2191 473 2269 ‘neque
496 2207 556 2272 ego
579 2185 751 2251 obtundam
774 2184 901 2269 saepius
923 2185 1035 2249 eadem
1056 2182 1158 2268 nequi·

133 2300 229 2362 quam
247 2280 369 2364 agendo
387 2301 446 2343 nec
464 2279 652 2363 Tarquinios
671 2301 727 2363 spe
746 2278 866 2355 auxilii,
890 2279 976 2360 quod
992 2275 1158 2345 nullumin

133 2394 184 2436 me
206 2382 267 2449 est,
294 2373 476 2438 frustrabor.
518 2374 613 2437 alium
635 2373 722 2450 hine,
751 2393 807 2436 seu
828 2371 911 2436 bello
934 2393 1016 2456 opus
1039 2381 1087 2437 est
1108 2390 1157 2439 seu

133 2467 250 2550 quiete,
294 2469 388 2533 exilio
411 2478 563 2552 quaerant
584 2468 702 2544 locum,
726 2489 766 2530 ne
785 2466 862 2549 quid
879 2487 982 2530 meam
1000 2464 1155 2531 vobicum

99 2583 242 2646 opacam
264 2563 430 2633 distineat?
465 2563 556 2627 dictis
579 2563 664 2626 facta
684 2561 833 2627 amiciora
855 2560 976 2627 adiecit.
1018 2559 1154 2625 obsidum

132 2657 218 2738 quod
238 2657 394 2740 reliquum
412 2667 478 2721 erat
494 2657 643 2734 reddidit,
667 2678 778 2742 agrum
796 2655 962 2721 Veientem
979 2653 1105 2719 foedere
1120 2649 1153 2716 ad

100 2772 114 2818 7
133 2750 310 2821 Ianiculum
327 2752 389 2817 icto
408 2752 588 2836 ademptum
607 2751 750 2815 restituit.
779 2749 984 2832 Tarquinius,
1004 2771 1062 2833 spe
1078 2742 1152 2813 omni

131 2845 250 2913 reditus
269 2846 378 2922 incisa,
396 2845 557 2911 exulatum
575 2846 616 2910 ad
633 2867 784 2931 generum
797 2842 977 2915 Mamilium
992 2839 1152 2908 Octavium

133 2937 310 3007 Tusculum
328 2939 413 3005 abiit.
457 2940 609 3009 Romanis
627 2963 691 3025 pax
708 2939 772 3003 fida
789 2939 833 3001 ita
850 2959 923 3003 eum
939 2935 1077 3003 Porsina
1092 2931 1146 3001 fuit

98 3054 112 3100 1
195 3031 291 3099 XVI.
321 3033 477 3101 Consules
495 3034 542 3103 M.
557 3034 717 3110 Valerius,
737 3032 774 3096 P.
794 3031 988 3099 Postumius.
1025 3052 1064 3097 eo
1081 3044 1150 3095 aunt

97 3148 115 3196 2
131 3127 213 3193 bene
229 3140 404 3215 pugnatum
422 3152 494 3195 cum
510 3127 653 3206 Sabinis3
672 3127 816 3197 consules
830 3125 1070 3209 triumpharunt.
1096 3142 1150 3187 ma-

130 3222 195 3288 iore
208 3223 281 3289 inde
295 3224 376 3288 mole
388 3222 498 3289 Sabini
512 3224 629 3291 bellum
642 3220 803 3308 parabant.
831 3220 985 3285 adversus
1001 3240 1057 3283 eos
1076 3226 1105 3282 et
1118 3232 1151 3279 ne

131 3317 207 3400 quid
226 3318 319 3387 simul
337 3318 377 3383 ab
396 3317 550 3395 Tusculo,
575 3318 672 3394 unde,
696 3316 755 3380 etsi
772 3338 837 3379 non
853 3323 1011 3400 apertum,
1035 3328 1155 3397 suspee-

132 3421 200 3481 tum
225 3421 331 3475 tamen
356 3411 474 3475 bellum
501 3423 580 3489 erat,
611 3411 765 3496 repentini
790 3408 921 3494 periculi
946 3407 1093 3484 oriretur,
1119 3400 1154 3468 P.

131 3504 278 3570 Valerius
297 3517 456 3589 quantum,
476 3507 514 3569 T.
528 3506 699 3571 Lucretius
716 3505 830 3569 iterum
848 3501 995 3567 consules
1011 3501 1098 3567 faeti.

97 3620 113 3667 3
199 3597 322 3666 Seditio
344 3601 425 3665 inter
446 3601 520 3664 belli
541 3601 691 3686 pacisque
714 3608 856 3664 auctores
884 3605 953 3663 orta
977 3596 1012 3659 in
1035 3591 1155 3663 Sabinis

96 3696 325 3778 laliqnantum
346 3695 418 3761 inde
440 3695 554 3759 virium
576 3693 733 3759 transtulit
755 3694 798 3757 ad
817 3692 990 3759 Romanos.
1026 3706 1156 3772 namque
1199 3758 1202 3767 ,

130 3789 229 3854 Attus
256 3787 407 3867 Clausus,
444 3790 495 3854 cui
520 3798 631 3875 postea
656 3788 764 3873 Appio
792 3785 926 3850 Claudio
953 3783 1016 3865 fuit
1041 3783 1158 3849 Romae
1199 3804 1202 3821 ²

130 3906 259 3961 nomen,
279 3905 352 3949 eum
364 3885 453 3968 pacis
469 3884 539 3968 ipse
556 3893 665 3948 auctor
682 3905 701 3945 a
719 3879 930 3945 turbatoribus
948 3877 1025 3943 belli
1040 3896 1161 3965 preme·

129 3989 214 4044 retur
245 4002 304 4044 nec
330 3979 542 4064 perfectioni
569 3987 667 4055 esset,
699 3975 845 4040 aricino
872 3971 1014 4058 Regillo,
1046 3990 1161 4059 magne
