2566 4524
226 213 294 279 5⁴14
496 222 616 279 LIBER
631 225 672 294 X,
691 222 735 279 45.
747 222 791 279 46.
811 223 994 294 [aucttl]

230 381 409 470 eruptiones
430 380 569 447 hostium
590 390 775 468 pugnatum.
814 401 874 446 neo
894 379 1034 458 obsidio,
1061 381 1121 446 sed
1140 379 1251 448 bellurn

230 497 389 562 exaequo
407 484 487 541 erate
509 474 675 541 nonenim
692 473 791 540 muris
808 473 912 562 magis
930 497 966 541 se
985 472 1146 543 Samnites
1161 499 1250 562 quam

179 594 210 641 13
230 569 325 637 armis
348 592 386 636 aa
406 568 483 635 viris
504 569 631 635 moenia
651 567 842 635 tutabantur.
886 568 1016 635 tandem
1035 571 1206 658 pugnando
1219 571 1249 637 in

230 665 427 732 obsidionem
447 664 563 729 iustam
584 662 689 750 coegit
708 662 817 729 hostes
843 661 1083 749 obsidendoque
1108 665 1141 730 ri
1164 676 1248 751 atqm

180 781 212 829 14
230 757 378 845 operibns
400 755 511 823 urbem
537 756 740 844 expugnavit.
783 756 891 841 itaque
916 755 958 825 ab
984 758 1034 823 ira
1054 756 1128 846 plns
1153 759 1246 825 caedis

229 853 348 920 editum
366 861 459 938 capta
474 849 566 918 urbe:
585 860 706 937 septem
720 850 808 917 milia
818 850 1042 940 quadringenti
1054 853 1149 933 med,
1166 865 1244 941 capta
1275 873 1280 912 ε

229 948 334 1013 minus
349 946 421 1012 'tria
444 945 532 1011 milia
556 945 728 1012 hominum.
771 946 903 1033 praeda,
929 968 1013 1030 quae
1037 946 1172 1036 plurima
1192 948 1241 1014 fuit
1272 964 1280 1005 Ξ

229 1039 388 1128 congestis
411 1037 601 1107 Samnitium
622 1038 717 1106 rebus
741 1039 777 1104 in
796 1036 890 1107 urbes
912 1062 1047 1126 meas,
1075 1041 1162 1108 militi
1178 1063 1239 1108 con-
1268 1034 1280 1098 ὲ·

229 1159 320 1204 cessa
337 1144 394 1202 est.
1268 1151 1280 1169 '

196 1256 209 1302 1
292 1227 501 1296 XXXXVL
535 1227 634 1294 Nives
651 1228 715 1294 iam
733 1228 838 1296 omnia
855 1228 1063 1315 oppleverant
1080 1252 1138 1297 nac
1152 1227 1238 1297 durari
1268 1245 1280 1285 ⁵

229 1335 318 1392 exsta
338 1332 422 1391 tecta
440 1332 576 1410 poterat:
602 1323 709 1408 itaque
730 1322 842 1391 consul
863 1323 1039 1391 exercitum
1064 1324 1107 1393 dc
1129 1321 1237 1393 Samnio
1267 1339 1280 1381 ¹

194 1419 370 1491 edcduxit.
408 1417 547 1484 venienti
567 1416 703 1484 Romam
729 1416 907 1504 triumphus
934 1418 1079 1485 omnium
1104 1439 1239 1485 conmnau
1267 1414 1280 1475 l

229 1525 278 1580 est
294 1512 426 1580 delatus.
461 1511 664 1600 triumphavit
680 1511 714 1577 in
731 1511 918 1600 magistratu
933 1511 1066 1599 insigni,
1083 1523 1121 1579 ut
1134 1512 1238 1581 illoruu
1268 1507 1280 1571 i

194 1629 210 1676 3
229 1619 406 1695 temporum
421 1606 548 1674 habitus
566 1617 642 1686 erat,
660 1606 828 1693 triumpho.
867 1606 991 1694 pedites
1008 1607 1195 1694 equitesque
1207 1608 1240 1673 in
1269 1623 1280 1666 t

229 1704 335 1791 signes
353 1701 444 1769 donis
462 1702 612 1769 transiere
634 1723 673 1768 ao
693 1702 864 1768 transvecti
885 1710 973 1780 sunt;
999 1702 1121 1771 multae
1143 1702 1239 1771 ciuicae
1269 1696 1280 1756 ὖ

194 1820 363 1866 acoronae
389 1797 585 1884 vallaresque
610 1820 648 1864 ac
673 1796 811 1863 murales
837 1806 1036 1885 conspectae.
1086 1798 1240 1887 inspectata

229 1894 330 1979 spolia
344 1891 535 1960 Samnitium
552 1902 584 1958 et
600 1893 713 1959 decore
729 1915 768 1959 ac
784 1891 1016 1978 pulchritudine
1032 1895 1175 1980 paternis
1187 1915 1240 1981 spu
1271 1904 1280 1966 l

227 1987 288 2065 liis,
307 2009 388 2071 quae
404 1997 480 2053 nota
496 1987 652 2071 frequenti
668 1986 866 2074 publicorum
878 1996 991 2053 ornatu
1004 1986 1151 2057 locorum
1163 1995 1239 2065 aaut
1271 1974 1280 2043 l

228 2080 492 2167 conparabantnr3
518 2079 640 2147 nobiles
661 2081 781 2166 aliquot
802 2081 919 2169 captivi
939 2082 1017 2148 clari
1035 2084 1106 2151 suis
1122 2093 1240 2171 patrum
1270 2070 1280 2137 i

194 2195 209 2243 5
228 2197 290 2259 qne
307 2173 399 2241 factis
417 2175 517 2255 ducti3
539 2176 620 2242 aeris
637 2177 745 2264 gravis
762 2186 902 2243 travecta
917 2175 1040 2244 viciens
1058 2188 1186 2247 centrum
1200 2176 1240 2244 ni
1269 2188 1280 2232 ι<

227 2269 1017 2358 liaetquingcntatrigintatriamilia-idaes
1040 2273 1270 2340 redactumex'

228 2365 360 2451 captivis
383 2364 545 2431 dicebatur
566 2405 621 2444 —,
650 2366 772 2453 argenti
792 2367 879 2452 quod
904 2375 1034 2453 captum
1062 2391 1105 2434 ex
1130 2367 1237 2434 urbita
1271 2379 1280 2441 ἓ

227 2469 306 2537 erat,
334 2459 440 2544 pondo
461 2459 546 2524 mille
569 2460 749 2547 octingenta
770 2461 906 2548 triginta
943 2483 1040 2527 omne
1067 2485 1124 2528 aes
1151 2482 1238 2550 argerr
1270 2472 1280 2535 tq

227 2562 356 2636 tumque
377 2553 411 2618 in
431 2556 585 2619 aerarium
608 2556 783 2635 conditum,
810 2555 963 2622 militibus
985 2557 1068 2622 nihil
1090 2559 1197 2624 datum
1213 2575 1238 2620 ex
1275 2566 1280 2606 t

193 2667 208 2713 6
226 2647 344 2732 praeda
360 2657 417 2712 est.
454 2658 608 2733 auctaque
626 2671 664 2714 ea
680 2650 800 2716 invidia
817 2660 866 2716 est
883 2651 924 2715 ad
940 2649 1085 2736 plebem,
1105 2653 1189 2738 quod
1204 2647 1238 2714 tri
1271 2660 1280 2703 t

114 2736 117 2741 ’
226 2740 337 2805 butum
355 2742 449 2806 etiam
466 2743 500 2806 in
517 2744 708 2827 stipendium
723 2743 857 2809 militnm
874 2745 1036 2810 conlatum
1054 2755 1113 2824 est,
1134 2740 1239 2823 cumei
1270 2738 1280 2835 ζῖ

226 2848 331 2916 spreta
348 2835 448 2919 gloria
464 2835 578 2901 fuisset
595 2839 737 2923 captivae
749 2838 903 2925 pecuniae
915 2838 948 2902 in
963 2839 1124 2905 aerarium
1136 2840 1237 2912 inlatae,
1270 2838 1280 2894 ’ἃ

225 2936 256 2989 et
273 2926 364 2989 militi
382 2939 448 2991 tum
466 2929 533 2994 dari
550 2952 591 2994 ex
611 2932 729 3017 praeda
750 2942 782 2998 et
804 2932 995 3018 stipendium
1017 2934 1155 3001 militare
1171 2952 1239 3021 prae

193 3020 301 3087 zetari
322 3022 486 3106 potuisset.
526 3025 638 3090 aedem
660 3024 785 3108 Quirini
806 3026 977 3106 dedicavit3
1004 3049 1105 3112 quam
1132 3030 1167 3095 in
1189 3029 1238 3115 ipa

225 3114 424 3182 dimicatione
445 3127 551 3183 votam
573 3119 657 3206 apud
679 3121 837 3187 neminem
857 3131 996 3187 veterem
1024 3133 1187 3190 auctorem
1208 3122 1239 3187 in

224 3210 328 3287 renio,
345 3233 447 3295 neque
465 3213 591 3278 hercule
608 3223 673 3279 tam
691 3216 807 3303 exigno
820 3225 962 3303 tempore
974 3218 1130 3303 perficere
1143 3215 1239 3306 potuit·

225 3314 282 3367 set.
309 3303 349 3369 ab
367 3305 517 3372 dictatore
534 3318 622 3394 patre
639 3317 745 3375 votam
761 3309 845 3376 filins
862 3311 975 3377 consul
992 3312 1156 3380 dedicavit
1172 3331 1240 3379 exor-
1273 3372 1277 3383 .

190 3414 206 3460 8
224 3398 372 3482 nuritquc
389 3399 527 3466 hostium
545 3402 667 3488 spoliis,
686 3425 819 3488 qnorum
837 3413 925 3470 tanta
941 3405 1116 3475 multitudo
1134 3407 1240 3486 fuito

223 3512 288 3554 non
310 3493 459 3579 templum
481 3506 604 3561 tantum
624 3497 793 3584 forumque
812 3499 851 3565 iis
874 3511 1052 3580 ornaretur,
1081 3503 1141 3569 scd
1167 3497 1239 3569 acciit
1269 3509 1280 3556 l

224 3583 318 3648 etiam
353 3587 534 3673 colonisque
568 3590 720 3658 finitumis
753 3594 795 3658 ad
829 3593 1020 3681 templorum
1055 3596 1239 3679 locorumque

191 3695 205 3742 9
223 3677 420 3762 publicorum
437 3696 581 3750 ornatum
599 3686 820 3754 dividerentur.
846 3687 888 3754 ah
905 3688 1068 3778 triumpho
1086 3692 1240 3757 exercitum

222 3771 256 3836 in
274 3796 386 3860 agrum
403 3773 589 3857 Vescinum,
608 3781 684 3865 qnia
699 3782 788 3870 regio
806 3805 844 3848 ea
860 3783 980 3850 infesta
996 3784 1039 3852 ab
1059 3782 1239 3852 Samnitibus
1269 3787 1280 3849 1,

223 3878 299 3945 erat,
318 3867 517 3935 hibernatum
533 3873 637 3940 duxit(

174 3974 206 4024 10
286 3960 374 4027 Inter
385 3964 463 4029 haec
479 3964 636 4063 Carvilius
649 3970 760 4035 consul
773 3971 805 4035 in
816 3971 948 4038 Etruria
961 3973 1105 4038 Troilum
1118 3974 1241 4060 primum
1269 3930 1275 3974 ²
