2566 4524
386 248 504 302 amun
521 248 557 319 v,
575 247 617 303 ιι.
632 248 673 303 43.
693 253 730 318 [a.
741 249 771 304 c.
781 251 844 320 390]
1069 241 1133 308 293

89 408 219 494 magis,
238 405 293 490 qui
310 427 461 489 umquam
478 405 602 472 obsessi
620 417 706 486 sunt,
725 409 810 492 quod
827 407 988 474 interclusi
1001 433 1020 474 a
1032 412 1134 496 patria
1151 433 1168 482 5

96 501 328 569 obsidebantur
353 501 458 566 omnia
484 525 543 567 sua
569 513 729 568 sementes
755 504 789 567 in
811 504 947 570 hostium
969 516 1133 590 potestate.

94 618 163 663 nec
180 595 373 679 tranquillior
394 618 458 660 nox
480 595 564 662 diem
587 608 651 662 tam
673 598 766 663 foede
789 608 894 663 actum
915 600 1051 685 excepit,
1078 601 1167 670 luxa

101 690 216 755 deinde
242 700 366 755 noctem
391 690 564 774 inquietam
590 692 732 757 insecuta
758 702 820 771 est,
855 716 914 758 nec
944 694 1042 758 ullum
1068 705 1135 760 erat

103 796 241 870 tempus,
268 785 355 869 quod
377 807 397 849 a
419 807 519 850 novae
543 808 666 872 semper
688 787 785 851 cladis
804 787 935 853 alicuius
955 790 1133 875 spectaculo

111 889 249 944 cessaret.
281 879 360 943 nihil
373 889 480 944 tamen
498 889 543 963 tot
561 881 679 944 onerati
698 891 791 965 atque
810 882 913 946 obmti
930 883 1020 948 malis
1039 883 1134 948 flexe-
1152 907 1166 952 ι

113 983 178 1037 runt
193 974 329 1051 animos,
353 974 442 1058 quin,
467 974 526 1041 etsi
544 975 649 1039 omnia
665 974 800 1040 flammis
819 998 856 1042 ac
877 976 976 1043 ruinis
999 989 1133 1062 aequata

118 1066 268 1144 vidissent,
287 1066 431 1151 quamvis
448 1066 575 1154 inopem
593 1091 787 1154 parvumque
801 1092 895 1153 quem
909 1070 1057 1135 tenebant
1071 1072 1134 1136 col-

121 1157 170 1223 len
190 1161 326 1226 libertati
350 1160 494 1226 relictum
519 1162 633 1227 virtute
655 1163 866 1228 defenderent.
904 1175 935 1228 et
955 1165 1033 1242 iarn,
1061 1186 1167 1233 cuma

126 1254 212 1319 eadem
231 1256 344 1320 cotidie
362 1255 552 1335 acciderent,
575 1256 661 1322 velut
678 1258 801 1322 adsueti
822 1258 913 1323 malis
936 1258 1134 1323 abalienave-

127 1359 177 1412 rant
190 1348 229 1414 ab
243 1372 340 1415 sensu
353 1372 456 1415 rerum
471 1373 597 1415 suarum
612 1351 748 1430 animos,
767 1375 854 1416 arma
867 1361 988 1417 tanturn
1001 1353 1134 1418 sermm-

77 1456 79 1537 ζ
127 1444 215 1525 quein
232 1446 350 1511 dextris
367 1446 455 1510 velut
472 1445 556 1511 solas
573 1446 720 1530 reliquias
740 1447 807 1533 spei
825 1470 901 1512 suae
918 1446 1083 1514 intuentes

77 1566 84 1613 ι
172 1538 377 1605 ΧΧΧΧΠΙ.
415 1539 501 1606 Galli
522 1563 661 1626 quoque,
688 1565 745 1628 per
766 1541 885 1627 aliquot
906 1542 974 1608 dies
996 1543 1030 1606 in
1051 1551 1133 1607 tecta
1151 1566 1165 1612 1

127 1633 197 1699 nodo
214 1634 301 1700 urbis
319 1635 510 1720 nequiquam
527 1636 610 1702 bello
623 1646 727 1724 gesto,
746 1659 820 1702 cum
836 1637 917 1702 inter
933 1637 1078 1702 incendia
1096 1659 1133 1702 ac

127 1727 208 1794 ruinas
227 1740 299 1816 capt
300 1753 337 1795 ae
287 1729 441 1796 turbis
459 1731 536 1795 nibil
555 1754 719 1819 superesse
736 1742 825 1818 praet
826 1755 860 1797 er
875 1746 974 1797 armat
976 1755 1011 1797 os
962 1732 1133 1797 thostes

77 1822 80 1827 '
127 1819 257 1902 vi,dercnt
280 1825 471 1908 nequiquam
493 1835 540 1891 tot
562 1826 703 1891 cladibus
722 1827 843 1892 territos
862 1849 920 1891 nec
937 1826 1072 1891 flexuros
1093 1827 1133 1890 ad

77 1911 293 1983 t2editionem
311 1919 447 1998 animos,
470 1919 504 1984 ni
520 1921 569 1985 vis
588 1921 800 2000 adhiberetur,
824 1921 957 2007 experirr
947 1921 1085 1986 ultima
1103 1929 1134 1985 et

128 2004 255 2096 inpetum
271 2012 427 2078 facerem
444 2036 548 2078 arcem
567 2024 715 2079 statuunt
742 2015 843 2100 prima
860 2015 974 2080 luce
949 2024 1111 2102 argnot
1058 2015 1166 2081 datos

126 2103 269 2172 multitudo
288 2108 389 2173 omnis
407 2108 440 2172 in
461 2109 561 2174 foro'
552 2118 615 2174 1nst
616 2110 663 2173 mi
665 2120 728 2188 tu3r
754 2110 828 2174 inde
851 2110 985 2174 clamore
1009 2109 1131 2175 sublato

126 2215 152 2260 ae
168 2202 319 2267 testudine
340 2202 426 2268 facta
449 2203 593 2268 subeunt.
630 2204 781 2269 adversus
804 2226 884 2288 quos
902 2205 1038 2269 Romani
1055 2202 1132 2267 nihil

125 2295 219 2360 emere
245 2319 305 2362 nec
326 2297 446 2384 trepide
468 2298 510 2362 ad
532 2297 633 2363 omnis
656 2299 758 2364 aditus
782 2307 843 2363 stat
831 2298 967 2363 tionibus
989 2298 1130 2375 firmatis,

125 2403 171 2467 qua
186 2391 275 2477 signa
288 2391 363 2457 ferri
376 2392 538 2471 videbant,
512 2403 596 2459 tea
607 2393 760 2468 robore'
730 2416 869 2458 unorum
884 2393 1027 2478 opposito
1042 2415 1133 2457 scan-

77 2468 179 2571 {dere
194 2485 317 2551 hostem
336 2487 455 2565 sinunt,
475 2509 537 2571 quo
556 2487 742 2553 successerit
759 2487 861 2574 magis
879 2488 912 2550 in
929 2487 1075 2563 arduum,
1095 2508 1132 2550 eo

77 2577 178 2658 peti
193 2603 288 2667 posse
304 2604 362 2668 per
378 2582 516 2669 proclive
534 2583 657 2648 facilius
675 2583 743 2647 rati.
779 2582 883 2646 medio
901 2581 967 2646 fere
986 2582 1066 2646 clivo
1084 2603 1133 2646 re·
1151 2602 1165 2648 3

77 2700 79 2705 ·
122 2670 209 2740 attere
227 2685 321 2760 atque
339 2677 412 2742 inde
431 2699 471 2742 ex
487 2677 556 2743 loco
575 2677 748 2763 superiore,
767 2677 822 2761 qui
833 2699 931 2762 prope
946 2699 1003 2740 sua
1022 2685 1132 2762 sponte

78 2844 81 2849 Ι
119 2763 143 2831 iu
160 2770 282 2837 hostem
303 2772 472 2851 inferebat,
494 2772 614 2859 impetu
636 2773 721 2838 facto
740 2783 844 2859 strage
862 2795 899 2838 ac
916 2772 1006 2837 ruina
1023 2772 1134 2837 fudere

119 2857 283 2975 Gallos,ut
247 2875 472 2950 utnumquam
489 2878 600 2954 postea
617 2889 676 2932 nec
688 2891 761 2953 pars
776 2890 834 2933 nec
848 2867 986 2932 universi
1000 2877 1133 2953 tempta-

117 2959 234 3024 verintt
192 2960 284 3025 ttale
301 2983 427 3048 pugnae
445 2984 556 3048 genus.
592 2962 711 3027 omissa
731 2963 837 3045 itaque
856 2985 912 3048 spe
929 2984 986 3048 per
1004 2962 1069 3026 vim
1087 2971 1133 3026 at·
1150 2979 1167 3025 4

115 3073 165 3135 que
182 3078 270 3120 arma
285 3055 440 3120 subeundi
454 3056 649 3122 obsidionem
662 3067 787 3143 parant,
807 3056 895 3121 cuius
910 3057 950 3120 ad
963 3056 1022 3120 idt
1009 3065 1133 3140 tempus

115 3145 291 3214 inmemores
318 3160 350 3214 et
375 3151 461 3234 quod
485 3151 520 3215 in
544 3151 622 3216 urbe
644 3151 747 3216 fuerat
768 3150 959 3214 frumentum
981 3148 1132 3212 incendiis

112 3240 189 3308 urbis
216 3243 460 3330 absumpserant
486 3255 517 3311 et
544 3268 584 3310 ex
610 3246 694 3332 agris
720 3268 777 3332 per
802 3245 887 3330 ipsos
915 3243 981 3306 dies
1008 3252 1133 3328 raptum

107 3358 195 3402 omne
212 3336 311 3403 Veios
334 3349 408 3404 erat.
443 3339 540 3426 igitur
562 3340 700 3421 exercitu
718 3340 819 3404 diviso
836 3337 950 3423 partim
967 3359 1024 3423 per
1040 3335 1134 3400 finiti-
1152 3354 1168 3401 5

104 3453 171 3497 mos
189 3432 324 3518 populos
342 3434 486 3519 praedari
503 3435 634 3520 placuit,
661 3435 775 3521 partim
797 3432 933 3497 obsideri
955 3453 1072 3509 arcem,
1099 3439 1135 3494 ut

103 3525 320 3594 obsidentibus
344 3528 536 3594 frumentum
554 3529 755 3616 populatores
775 3549 922 3615 agrorum
939 3526 1134 3611 praeberent.

100 3621 336 3707 proficiscentes
356 3621 466 3690 Gallos
490 3623 530 3689 ab
554 3623 632 3688 urbe
655 3624 696 3688 ad
713 3624 890 3688 Romanam
913 3620 1134 3707 experiendam
1152 3637 1167 3684 6

101 3717 251 3781 virtutem
276 3716 402 3784 fortuna
426 3719 497 3805 ipsa
522 3717 677 3796 Ardeam,
709 3717 765 3782 ubi
792 3715 946 3782 Camillus
977 3713 1133 3789 exulabat,

100 3811 208 3889 duxit3
234 3811 290 3896 qui
311 3813 460 3878 maestior
484 3812 530 3878 ibi
551 3813 676 3878 fortuna
697 3810 824 3898 publica
845 3833 940 3894 quam
963 3831 1034 3885 sua,
1063 3825 1167 3870 cumr

101 3906 163 3973 diis
190 3906 433 3992 hominibusque
456 3908 640 3974 accusandis
664 3915 841 3972 senesceret
861 3901 1054 3990 indignando
1076 3900 1134 3962 mi-

100 4001 281 4088 randoque,
298 4001 354 4067 ubi
366 4002 412 4067 illi
425 4002 484 4069 viri
499 4012 617 4081 essent,
636 4001 690 4088 qui
704 4023 812 4068 secum
820 3998 918 4065 Veios
931 3994 1134 4078 Faleriosque

77 2006 86 2315 l

77 2324 86 2457 ι
