2566 4524
379 269 497 325 111111
515 269 599 341 111,
617 270 659 323 11.
679 273 717 338 [a.
728 268 758 324 c.
767 269 830 340 340]
1054 261 1118 328 409

102 431 167 495 dum
184 428 387 494 deliberando
405 437 508 492 terunt
526 438 664 513 tempus,
683 428 774 493 111111
789 429 916 494 demum
933 429 1007 496 ferri
1025 454 1118 520 coep-

98 536 167 589 tum.
193 533 226 588 et
240 545 312 589 cum
325 523 389 588 iam
401 523 499 608 portis
513 522 615 607 prima
632 522 724 609 signa
741 532 772 588 et
788 546 862 610 pars
880 526 1015 612 agminis
1033 539 1152 597 111114

97 641 233 706 egressa,
251 619 362 683 nuntio
380 617 484 684 adlato
503 619 543 683 de
560 618 649 683 clade
660 618 850 685 Latinorum
867 643 940 686 cum
957 625 1116 690 conversis

94 715 188 801 signis
206 723 290 778 retro
307 713 342 777 in
358 712 469 778 urbem
486 713 645 792 rediretur,
666 723 844 800 praetorem
861 736 969 783 eorum
990 720 1116 786 nomine

91 807 271 873 Milionium
291 807 410 872 dixisse
431 806 549 885 ferunt,
576 829 634 893 pro
655 807 784 894 paulula
801 809 854 875 via
869 833 1018 898 magnam
1036 835 1117 879 mer-

93 903 199 968 cedem
222 923 293 967 esse
310 901 463 967 Romanis
487 902 679 967 solvendam.
716 903 771 987 qui
786 904 975 971 Latinorum
990 925 1151 994 pugnae5
1272 967 1279 977 .

91 998 310 1083 superfuerant
335 997 441 1062 multis
462 997 625 1063 itineribus
648 998 792 1084 dissipati
814 1019 885 1063 cum
908 1023 942 1065 11
963 1000 997 1065 in
1018 1025 1117 1067 unum

89 1091 345 1179 conglobassent,
364 1090 481 1156 Vescia
497 1091 574 1157 urbs
593 1093 637 1159 eis
660 1092 891 1178 receptaculum
912 1093 982 1160 suit.
1017 1096 1061 1160 ibi
1083 1097 1117 1160 in
1134 1112 1149 1161 6

90 1187 227 1252 conciliis
246 1186 409 1252 Numisius
426 1187 595 1273 imperator
612 1210 720 1253 eorum
743 1184 956 1267 adfirmando,
975 1210 1116 1255 commu-

90 1305 159 1346 nem
183 1304 258 1346 vere
279 1281 416 1347 Martem
438 1281 513 1348 belli
530 1291 695 1367 utramque
717 1283 816 1349 aciem
837 1283 906 1369 pari
927 1285 1023 1350 caede
1043 1308 1116 1372 pro-

89 1377 238 1441 stravisse
257 1376 467 1461 victoriaeque
484 1399 600 1442 nomen
612 1386 734 1442 tantum
747 1398 844 1462 penes
858 1378 1018 1445 Romanos
1034 1401 1113 1460 esse,

87 1481 224 1535 ceteram
242 1493 299 1556 pro
316 1471 407 1536 111111
430 1471 587 1536 fortunam
610 1481 640 1536 et
662 1471 732 1536 illos
755 1494 877 1558 gerere3
904 1473 1030 1538 funesta
1051 1476 1114 1540 duo
1133 1489 1147 1534 1

86 1565 254 1630 consulum
276 1566 444 1651 praetoria,
468 1566 599 1631 alterum
616 1566 781 1651 parricidio
798 1566 867 1645 filii,
891 1567 1023 1634 alterum
1041 1591 1114 1635 cou-

89 1659 165 1725 sulis
183 1661 291 1725 devoti
309 1661 419 1738 caede3
446 1661 633 1725 trucidatum
651 1661 822 1727 exercitum
840 1685 979 1741 omnem,
1003 1685 1113 1730 caesos

84 1753 290 1839 hastatosque
312 1754 545 1840 principesque,
575 1766 710 1842 stragem
734 1766 765 1821 et
786 1765 857 1821 ante
881 1757 972 1844 signa
993 1768 1024 1822 11
1040 1769 1115 1843 post

85 1848 179 1935 signa
191 1848 319 1926 factam,
334 1849 456 1915 triarios
468 1858 627 1934 postremo
639 1872 707 1915 rem
720 1850 906 1916 restituisse:
915 1851 1114 1918 marmorum
1131 1862 1148 1911 8

84 1943 147 2008 1111
171 1943 288 2030 pariter
314 1943 438 2008 adcisae
461 1944 569 2029 copiae
593 1945 668 2022 sint,
696 1954 802 2010 tamen
824 1944 1041 2032 supplemento
1062 1947 1114 2012 vel

82 2036 216 2102 Latium
237 2039 367 2123 propius
390 2060 461 2103 esse
483 2039 533 2103 vel
550 2038 686 2104 Volscos
709 2062 805 2123 quam
821 2039 971 2106 Romam:
988 2078 1031 2089 -
1053 2041 1112 2107 ita·
1131 2053 1146 2101 9

83 2153 161 2217 que,
190 2133 219 2196 si
241 2132 384 2197 videatur
401 2133 460 2211 eis,
485 2155 518 2197 se
537 2155 577 2197 ex
593 2134 719 2199 Latinis
737 2143 826 2200 etex
843 2133 969 2201 Volscis
987 2137 1112 2222 populis

82 2225 250 2292 iuventute
275 2249 407 2313 propere
434 2228 536 2292 exeita
556 2227 728 2291 rediturum
749 2227 866 2292 infesto
888 2230 1026 2294 exercitu
1050 2229 1113 2295 Ca-

79 2341 181 2408 puam
204 2340 275 2386 esse
292 2320 516 2405 Romanosque
537 2320 615 2384 nihil
636 2329 703 2385 tum
725 2319 828 2385 minus
846 2322 1112 2406 quamproelium

80 2424 304 2501 exspectantes
323 2415 507 2501 necopinato
525 2415 663 2480 adventu
678 2412 905 2499 perculsurum.
945 2413 1110 2480 fallacibus
1131 2434 1164 2482 10

77 2506 196 2575 litteris
215 2510 298 2574 eirca
314 2510 445 2574 Latium
463 2531 640 2592 nomenque
652 2505 806 2573 Volscum
823 2508 943 2585 missis,
967 2509 1040 2591 quia
1057 2511 1112 2593 qui

78 2626 149 2670 uon
169 2604 376 2668 interfuerant
397 2626 523 2690 pugnae
545 2604 586 2669 ad
607 2603 797 2670 credendum
818 2613 934 2668 temere
956 2601 1111 2669 faciliores

78 2707 187 2776 crant,
212 2697 431 2763 tumultuarius
454 2698 592 2782 undique
614 2697 768 2763 exercitus
785 2696 899 2783 raptim
916 2698 1111 2783 conscriptus

77 2792 242 2860 convenit.
278 2792 352 2857 huic
370 2793 488 2879 agmini
505 2793 685 2876 Torquatus
704 2791 815 2857 consul
832 2792 873 2857 ad
885 2791 1051 2857 Trifanum
1069 2829 1111 2841 —-
1131 2812 1162 2860 11

77 2885 167 2953 inter
191 2883 377 2952 Sinuessam
399 2886 648 2972 Menturnasque
669 2887 696 2952 is
718 2885 807 2952 locus
834 2895 883 2951 est
903 2923 946 2934 -
969 2888 1111 2952 occurrit.

77 2983 270 3069 priusquam
297 2981 406 3046 castris
432 2981 521 3046 locus
548 2991 719 3067 caperetur,
747 2980 877 3045 sarcinis
900 2981 1056 3066 utrimque
1078 2982 1111 3046 in

77 3097 235 3142 acervum
249 3075 397 3140 coniectis
406 3084 581 3162 pugnatum
590 3074 842 3157 debellatumque
855 3083 916 3138 est:
935 3075 1014 3138 adeo
1028 3075 1111 3138 enim
1130 3095 1162 3141 11

78 3169 209 3236 accisae
226 3191 278 3234 res
298 3180 383 3247 sunt,
406 3179 442 3235 11
459 3169 580 3234 consuli
598 3169 748 3234 victorem
766 3166 936 3232 exercitum
953 3167 994 3230 ad
1015 3167 1112 3251 depo-

77 3264 241 3353 pulandos
264 3286 357 3350 agros
381 3286 488 3329 eorum
510 3264 635 3329 ducenti
657 3263 806 3328 dederent
825 3282 859 3326 se
877 3282 985 3326 omnes
1002 3260 1113 3325 Latini

77 3358 339 3442 deditionemque
365 3380 433 3422 eam
457 3357 613 3444 Campani
639 3366 850 3442 sequerentur.
895 3355 1025 3419 Latium
1049 3353 1111 3420 Ca
1130 3372 1162 3422 11

77 3473 213 3542 puaque
230 3475 307 3538 agro
324 3451 460 3529 multati,
479 3452 615 3517 Latinus
629 3474 705 3538 ager
717 3450 893 3517 Privernati
910 3449 1016 3514 addito
1035 3472 1112 3536 agro

77 3560 109 3617 et
122 3547 299 3624 Falernus,
318 3547 373 3630 qui
386 3545 494 3631 populi
508 3545 663 3632 Campani
676 3546 792 3624 fuerat,
809 3567 911 3629 usque
929 3544 970 3609 ad
983 3541 1113 3609 Vultur-

77 3665 161 3711 num
189 3640 308 3706 flumen
333 3639 418 3727 plebi
444 3640 607 3706 Romanae
633 3641 790 3706 dividitur.
834 3639 909 3705 bina
934 3639 967 3703 in
992 3639 1110 3731 Latino
1130 3658 1162 3706 14

77 3740 209 3825 iugera,
236 3736 280 3799 ita
301 3746 336 3800 ut
358 3735 542 3800 dodrantem
561 3756 600 3799 ex
617 3734 794 3800 Privernati
812 3735 1005 3821 conplerent,
1028 3733 1110 3810 data,

77 3844 171 3899 terna
197 3827 233 3894 in
253 3828 401 3907 Falerno,
429 3829 655 3913 quadrantibus
683 3830 776 3896 etiam
801 3851 858 3914 pro
883 3826 1111 3913 longinquitate

77 3924 226 3993 adiectis.
258 3930 346 3989 extra
362 3944 496 4009 poenam
513 3923 601 3989 fuere
614 3925 803 3991 Latinorum
819 3922 996 3988 Laurentes
1014 3917 1111 3982 Cam·
1129 3938 1161 3986 15

77 4039 303 4110 pauoremque
320 4018 455 4103 equites,
475 4020 629 4103 quianon
646 4019 850 4085 desciverant.
882 4036 954 4080 cum
966 4011 1111 4077 Lauren-
