2566 4524
142 238 209 306 420
345 245 466 301 mauu
481 243 567 314 vm,
586 243 629 298 21.
641 242 684 298 aa.
703 245 779 314 [au.
789 239 978 313 enas-rar]

144 408 287 496 quidm,
314 405 429 472 stillis
451 403 583 470 vocibus
605 400 647 467 ad
668 399 888 467 rebellandum
907 399 1032 467 incitari
1044 410 1147 488 pacans

111 531 126 581 c
143 504 279 593 populos
284 528 294 584 3
311 522 385 588 pars
403 499 513 565 melior
530 506 658 563 senatus
677 496 719 562 ad
735 494 867 562 meliora
884 517 1039 583 responsa
1053 496 1147 565 trahae

147 610 179 666 ct
202 598 320 676 dicere,
347 594 407 660 viri
429 603 461 660 et
481 592 573 659 liberi
593 612 705 657 vocem
727 590 882 657 auditam:
909 613 954 657 an
974 591 1058 659 aredi
1069 612 1148 679 poert,

144 694 245 760 ullum
270 689 423 779 populum
449 696 504 753 aut
529 685 690 752 hominem
712 685 848 770 denique
869 683 906 751 in
927 707 970 753 ea
989 685 1147 764 condicione,

145 788 235 854 cuius
249 808 322 851 cum
334 783 507 870 paeniteat,
526 781 643 846 diutius
657 802 753 865 quam
768 801 901 847 neccsse
919 780 965 847 sit
980 778 1148 848 mansuranl

114 911 128 955 ⁷
146 881 192 947 ibi
209 901 320 967 pacem
339 899 409 944 esse
422 876 533 955 fidam,
551 875 607 942 ubi
620 874 788 941 volumtarii
800 875 907 962 pacati
925 875 1007 957 sint,
1021 897 1107 961 neque
1120 894 1148 941 eo

146 976 231 1053 loco,
258 972 314 1040 ubi
337 971 519 1038 servitutem
542 993 612 1036 csse
634 969 746 1049 velint,
772 970 868 1036 fidem
891 971 1147 1058 sperandauersa

112 1096 128 1143 a
146 1072 181 1136 in
201 1069 284 1135 hano
302 1068 489 1134 sententiam
506 1065 644 1132 maxime
662 1064 774 1132 consul
789 1065 859 1153 ipse
876 1065 1042 1133 inclinarit
1054 1064 1149 1133 animo

145 1164 317 1231 identidem
335 1162 376 1228 ad
393 1162 550 1249 principes
570 1160 794 1227 sententiarum
808 1160 1010 1242 consulares,
1026 1160 1148 1229 utiexau·

115 1259 209 1332 adiri
235 1268 342 1347 posset
369 1282 388 1323 a
412 1256 571 1345 pluribus,
603 1256 749 1336 dicendo,
778 1278 832 1322 eos
855 1255 1002 1337 demum,
1027 1256 1079 1343 qui
1094 1250 1148 1321 nihi

146 1364 367 1444 praeterquam
394 1352 433 1419 de
460 1352 603 1419 libertate
630 1351 781 1439 cogitent,
808 1351 924 1440 dignos
947 1374 1021 1419 esse
1041 1351 1090 1438 qui
1105 1348 1149 1416 lio·

96 1471 129 1520 10
146 1450 232 1516 mani
252 1449 339 1515 fiant.
374 1448 481 1532 itaque
502 1456 534 1513 et
555 1448 588 1512 in
611 1456 722 1512 senatu
745 1469 875 1513 oausam
901 1445 1065 1515 obtinuere
1083 1454 1149 1512 etex
1183 1470 1186 1531 j

147 1544 331 1611 auctoritate
348 1552 473 1630 patrum
490 1541 589 1608 latum
607 1541 648 1607 ad
669 1541 823 1628 populum
845 1552 908 1621 est,
934 1551 973 1607 ut
988 1536 1148 1608 Privernati·
1182 1578 1186 1587 ·

97 1661 127 1709 11
146 1639 208 1706 bus
226 1639 336 1704 cintas
355 1638 490 1702 daretur.
527 1637 637 1703 eodem
655 1659 738 1703 anno
755 1635 872 1703 Anxur
888 1637 1023 1703 trecenti
1039 1637 1071 1702 in
1088 1632 1147 1702 tob·
1182 1660 1185 1667 ·

147 1733 233 1799 niam
250 1732 341 1798 missi
359 1741 446 1811 sunt3
468 1731 544 1797 bina
561 1732 670 1818 iugera
688 1731 756 1818 agri
774 1741 974 1818 acceperunt.

114 1851 127 1897 1
211 1827 331 1894 XXII.
369 1824 505 1893 Secutus
528 1837 577 1891 est
599 1850 700 1892 annus
722 1825 809 1891 nulla
829 1848 864 1892 re
887 1825 964 1893 belli
986 1822 1146 1894 domive'n·

147 1921 261 2008 signis,
284 1920 323 1986 P.
341 1919 467 1985 Plautio
484 1919 635 1998 Proculo,
657 1919 696 1985 P.
716 1918 865 1987 Cornelio
885 1919 1027 2008 Scapula
1042 1913 1146 1987 consul·
1182 1945 1186 1963 =

113 2035 130 2082 a
148 2015 223 2094 bus,
241 2024 462 2102 praeterquam
476 2015 561 2099 quod
574 2013 736 2103 Fregellas
754 2052 798 2064 -
817 2013 1032 2082 Sidicinorum
1047 2015 1074 2081 ie
1088 2028 1144 2099 ega

148 2109 262 2175 deinde
283 2108 472 2175 Volscorum
498 2108 601 2174 fuerat
626 2147 669 2158 —
695 2108 818 2176 colonia
843 2109 982 2176 deducta
1007 2118 1038 2176 et
1061 2100 1145 2197 popul

114 2204 315 2274 evisceratio
337 2205 411 2271 data
432 2230 452 2271 a
472 2205 520 2271 M.
537 2206 649 2273 Flavio
671 2207 705 2272 in
725 2206 836 2273 funere
857 2208 978 2274 matris.
1014 2196 1143 2287 crarta!¹

147 2323 205 2389 per
225 2301 365 2388 speciem
386 2300 587 2368 honorandae
608 2303 747 2388 parentis
765 2303 910 2369 meritam
926 2303 1143 2384 memademp
1183 2352 1186 2359 .

146 2394 222 2482 pulo
249 2395 384 2462 solutam
410 2394 700 2483 interpretarentur,
737 2397 822 2482 quod
848 2421 922 2464 eum
948 2399 1002 2464 die
1028 2386 1142 2463 daal

148 2489 301 2556 aedilibus
334 2490 461 2556 erimine
494 2500 651 2578 stupratae
682 2492 789 2558 matris
816 2491 955 2559 familiae
983 2488 1142 2559 absolvisset
1179 2486 1185 2491 ’

112 2604 129 2650 4
147 2584 221 2651 data
233 2586 399 2653 visceratio
412 2587 446 2652 in
458 2588 655 2674 praeteritam
669 2586 777 2653 iudicii
790 2589 925 2677 gratiam
941 2588 1067 2656 honoris
1079 2584 1141 2651 etim
1170 2596 1186 2635 -'

148 2680 179 2745 ei
195 2703 292 2746 causa
309 2681 382 2760 fuit,
406 2681 660 2767 tribunatumque
677 2681 782 2768 plebei
798 2682 951 2770 proximis
972 2673 1142 2751 comitiisrh

149 2796 221 2839 sens
240 2775 419 2860 petentibus
437 2777 622 2861 praefertur.
1170 2788 1184 2797 ⁶

3 2933 7 2939 ,
114 2887 129 2934 o
212 2865 391 2953 Palaepolis
414 2869 474 2934 fuit
495 2869 582 2936 haud
602 2870 711 2957 procul
733 2871 821 2950 inde,
848 2870 904 2945 ubi
926 2895 1012 2938 nuno
1028 2859 1141 2954 Napoh
1174 2914 1181 2919 -

148 2959 209 3026 sita
226 2971 284 3026 est.
316 2962 439 3028 duabus
458 2963 587 3031 urbibus
605 2966 741 3052 populus
759 2966 843 3031 idem
861 2966 1035 3032 habitabat.
1065 2954 1141 3029 Cuul
1174 2988 1186 2997 ·

146 3064 235 3121 amnt
247 3056 384 3136 oriundi,
405 3057 541 3125 Cumani
551 3059 702 3126 Chalcide
714 3059 860 3126 Euboica
872 3062 1029 3149 originem
1042 3056 1140 3126 tmlull

114 3172 128 3220 6
146 3149 262 3232 classe,
282 3175 345 3237 qua
358 3153 482 3220 advecti
495 3153 535 3220 ab
549 3155 642 3220 domo
656 3155 780 3221 fuerant
785 3203 794 3234 ‚
814 3155 950 3221 multum
964 3158 1064 3223 incra
1077 3143 1140 3218 nul
1171 3156 1186 3194 '¹

147 3245 215 3312 eius
233 3247 319 3331 quod
336 3248 483 3315 accolunt
498 3258 643 3337 potuere,
662 3250 763 3337 primo
776 3250 809 3315 in
821 3249 943 3316 insulas
958 3240 1142 3318 Aensfimt
1170 3278 1177 3318 .·

145 3337 334 3408 Pithecusas
350 3345 478 3432 egressi,
494 3344 606 3411 deinde
619 3344 653 3409 in
667 3345 877 3412 continentem
891 3346 963 3412 ausi
979 3347 1143 3414 sedeatur·
1179 3358 1186 3399 ἰ

113 3430 238 3501 nferre.
274 3436 481 3505 haeccivitas
501 3462 572 3504 cum
592 3439 658 3505 suis
676 3439 794 3506 viribus
813 3449 881 3506 tum
901 3439 1086 3509 Samnitium
1098 3426 1143 3501 lul·

146 3525 206 3591 dae
235 3527 386 3597 adversus
413 3533 575 3599 Romanos
603 3533 745 3600 societati
770 3535 852 3600 freta
878 3535 947 3603 sive
974 3526 1143 3625 perlitatae
1179 3528 1186 3593 Ᾰ

145 3640 227 3703 quae
248 3619 426 3690 Romanam
447 3625 559 3692 urbem
581 3627 690 3693 adorta
711 3626 929 3709 nuntiabatur,
955 3630 1058 3699 fidens
1075 3618 1143 3693 mult
1180 3702 1186 3711 ,

145 3711 271 3782 hostilia
293 3718 445 3786 adversus
463 3721 624 3788 Romanos
643 3746 754 3812 agrum
773 3721 979 3813 Campanum
995 3724 1144 3795 aarum
1176 3746 1186 3801 ,ῑ

148 3830 210 3893 que
227 3809 399 3879 incolentes
417 3814 501 3880 fecit.

111 3920 127 3970 8
209 3903 313 3994 Igitur
324 3908 365 3975 L.
379 3907 525 3977 Cornelio
538 3910 686 3994 Lentulo,
707 3909 748 3999 Q.
762 3912 902 3982 Publilio
916 3915 1052 3984 Philone
1062 3913 1144 3981 itam
1176 3916 1186 3979 t

146 4002 342 4084 consulibus,
361 4004 519 4074 fetialibus
529 4006 724 4098 Palaepolim
738 4009 843 4077 adres
857 4013 1046 4100 repetendas
1059 4000 1144 4077 mittit
