2566 4524
313 235 548 307 nissavnn,
566 236 591 291 a
610 234 831 309 [avennaco]
1029 226 1094 294 449

57 418 117 482 qm
103 391 192 459 ubi
210 392 353 472 surrexit,
372 393 483 460 eodem
500 393 554 458 illo
571 393 670 473 vultu,
688 416 752 480 quo
770 394 968 507 subiugum
975 397 1093 466 missus

56 497 141 557 erat.
163 487 264 553 ‘haud
277 510 349 554 sum
361 486 511 576 ignarus,
528 489 629 573 inquit
642 489 1092 577 ‘consules,1gnom1n1ae‚non
1110 507 1125 554 a

55 583 190 650 honoris
204 605 301 649 causa
313 605 364 648 me
375 583 513 669 primum
525 583 717 649 excitatum
707 606 891 671 iussumque
906 587 1018 666 dicere,
1027 608 1094 654 non

57 687 226 762 tamquam
244 686 431 756 senatorem,
447 677 504 742 scd
517 687 677 763 tamquam
689 701 778 744 reum
791 701 855 764 qua
866 679 1000 747 infelicis
1017 681 1094 748 belli

58 795 124 858 qua
136 771 368 858 ignominiosae
380 771 478 859 pacis.
505 794 565 859 ego
577 783 692 852 tamen,
702 774 828 859 quando
841 796 942 860 neque
956 775 995 841 de
1008 798 1093 843 noxa
1108 799 1127 847 4
1231 860 1234 866 Ι

57 874 171 932 nostra
188 887 291 950 neque
309 866 349 932 de
365 888 469 954 poena
484 864 658 945 rettulistis,
672 867 790 933 omissa
803 867 997 949 defensione,
1010 891 1092 955 quae

27 1032 31 1042 ⁴
59 982 124 1027 non
138 959 326 1026 difficillima
339 969 424 1026 esset
436 960 521 1046 apud
532 959 619 1026 haud
635 960 761 1047 ignaros
774 960 970 1029 fortunarum
982 963 1094 1030 huma·

60 1078 176 1121 narum
192 1055 506 1140 necessitatiumque,
526 1055 712 1121 sententiam
729 1056 769 1122 de
787 1078 839 1135 eo,
857 1056 897 1123 da
915 1079 978 1142 quc
995 1068 1094 1125 rettu-

60 1149 158 1228 listis,
181 1148 292 1235 paucis
309 1170 469 1236 peragam.
506 1171 588 1234 quae
606 1150 761 1216 sententia
778 1151 867 1218 testis
885 1152 957 1232 erit,
975 1153 1093 1219 mihine

63 1267 107 1310 an
120 1242 302 1330 legionibus
320 1243 432 1309 vestris
454 1243 661 1329 pepercerim,
684 1267 757 1311 cum
779 1267 829 1311 me
852 1268 909 1313 seu
930 1248 1012 1334 turpi
1035 1269 1093 1314 seu

61 1337 242 1405 necessaria
259 1337 428 1424 sponsione
441 1337 608 1418 obstrinxi3
622 1360 685 1423 qua
697 1349 812 1419 tamen,
826 1340 952 1425 quando
969 1332 1093 1407 iniussu
1110 1365 1127 1414 5

60 1433 172 1522 poan
188 1431 274 1498 facta
291 1442 349 1512 est,
367 1455 432 1499 non
448 1441 571 1500 tenetur
586 1434 723 1520 populus
736 1435 911 1515 Romanus,
929 1458 989 1502 nec
1006 1437 1094 1521 quic-

61 1550 158 1614 quam
177 1550 218 1594 ex
235 1550 273 1594 ea
289 1536 508 1615 praeterquam
525 1550 657 1616 corpora
673 1539 781 1595 nostra
798 1530 951 1597 debentur
968 1528 1095 1597 Samni-

10 1650 12 1655 ·
61 1621 158 1689 tibus.
200 1621 353 1688 dedamur
372 1644 430 1709 per
450 1622 574 1688 fetiales
596 1623 674 1687 nudi
695 1623 868 1709 vinctique,
891 1624 1126 1695 exsolvamusc

61 1716 214 1803 religione
231 1716 393 1802 populum,
412 1718 439 1782 si
458 1739 521 1801 qua
534 1716 761 1827 obligavimus,
772 1740 813 1784 ne
826 1719 903 1802 quid
919 1719 1017 1785 divini
1034 1719 1094 1785 hu-

61 1811 189 1877 manive
216 1810 333 1889 obstet,
307 1819 424 1895 tquo
450 1810 555 1877 minus
581 1812 700 1877 iustum
729 1812 879 1898 piumque
906 1812 945 1877 de
970 1812 1092 1900 integro

62 1904 187 1971 ineatur
202 1902 331 1970 bellum.
364 1904 485 1987 interea
508 1904 653 1972 consules
678 1904 849 1971 exercitum
794 1905 1021 1985 umscribere,
1044 1929 1093 1971 ar-
1111 1921 1127 1968 t

63 2020 162 2077 mare,
179 1999 312 2065 educere
329 1998 433 2086 placet
445 2020 504 2064 nec
516 1999 603 2086 prius
617 2001 742 2089 ingredi
754 2001 893 2067 hostium
904 2001 984 2068 fines
997 2023 1093 2087 quam

10 2168 13 2173 ,
62 2093 171 2160 omnia
190 2092 276 2161 iusta
296 2093 331 2159 in
352 2093 543 2161 deditionem
565 2104 706 2160 nostram
727 2095 868 2182 perfecta
889 2106 989 2162 erunt.
1023 2119 1092 2175 vos,
1110 2105 1127 2156 8

61 2187 106 2253 dii
123 2186 321 2267 inmortales,
343 2209 454 2275 precor
471 2209 664 2273 quaesoque,
684 2212 711 2254 ει
701 2188 819 2254 vobis
837 2212 901 2255 non
918 2191 978 2255 fuit
965 2190 1092 2269 tcordi,

10 2308 17 2315 ·
61 2279 120 2369 Sp.
126 2280 337 2361 Postumium,
348 2281 386 2346 T.
392 2281 559 2348 Veturium
569 2282 713 2348 consules
728 2304 801 2348 cum
811 2280 1005 2350 Samnitibus
1019 2306 1092 2370 pro-

60 2398 154 2464 spere
171 2375 290 2443 bellum
307 2398 426 2464 gerere,
441 2386 474 2442 at
486 2399 545 2442 vos
559 2376 635 2443 satis
652 2376 804 2456 habeatis,
819 2377 937 2442 vidisse
954 2399 1012 2444 nos
1031 2377 1090 2444 sub
1110 2389 1125 2437 9

60 2471 174 2559 iugum
191 2471 322 2551 missos,
341 2472 459 2538 vidisse
477 2472 646 2558 sponsione
668 2472 779 2537 infami
796 2472 967 2560 obligatos,
984 2473 1092 2540 videre

61 2566 166 2634 nudos
183 2567 370 2653 vinctosque
386 2565 532 2634 hostibus
550 2567 688 2647 deditos,
711 2590 836 2634 omnem
856 2567 937 2633 iram
952 2567 1092 2634 hostium

59 2662 178 2728 nostris
197 2661 353 2747 capitibus
371 2661 572 2748 excipientes.
607 2685 707 2728 novos
725 2662 870 2728 consules
887 2662 1091 2750 legionesque
1110 2681 1143 2729 10

59 2754 225 2823 Romanas
241 2756 287 2821 ita
303 2778 376 2822 cum
386 2752 528 2823 Samnite
545 2779 655 2844 gerere
672 2756 791 2824 bellum
807 2756 921 2838 velitis,
934 2767 970 2824 ιιι
987 2757 1093 2825 οιιιιιὶιι

59 2859 135 2917 ante
151 2873 212 2916 nos
230 2849 374 2917 consules
393 2849 476 2916 bella
491 2861 583 2938 gesta
600 2851 694 2918 sunt’
728 2874 809 2936 quae
825 2852 882 2919 ubi
898 2852 987 2932 dixit,
1005 2861 1093 2919 tanta
1111 2872 1142 2919 11

59 2943 158 3011 simul
175 2943 342 3011 admiratio
360 2945 581 3030 miseratioque
594 2946 654 3010 viri
670 2947 800 3012 incessit
817 2970 937 3027 omnes,
950 2956 985 3013 ut
997 2947 1092 3013 modo

59 3039 116 3107 vix
130 3039 304 3118 crederent,
317 3038 407 3105 illum
420 3040 555 3105 eundem
567 3062 638 3106 esse
653 3038 710 3127 Sp.
719 3040 928 3119 Postumium,
947 3041 1002 3124 qui
1018 3061 1093 3105 auc-

60 3141 190 3199 tortam
207 3132 320 3198 foedae
337 3132 424 3219 pacis
443 3134 566 3213 fuisset,
585 3135 679 3201 modo
697 3134 927 3212 miserarentur,
941 3132 1026 3216 qnod
1043 3133 1092 3197 vir
1110 3152 1143 3200 12

61 3225 134 3293 talis
150 3226 246 3294 etiam
268 3228 472 3314 praecipuum
494 3229 580 3315 apud
600 3228 709 3295 hostes
728 3226 916 3314 supplicium
937 3247 1089 3312 passurus

59 3328 147 3388 esset
163 3320 206 3388 ob
223 3321 303 3387 iram
321 3322 493 3409 diremptae
510 3323 609 3409 pacis.
640 3346 714 3388 cum
731 3343 840 3388 omnes
856 3318 1004 3386 laudibus
1020 3341 1089 3384 mo-
1108 3330 1140 3379 13

57 3414 102 3482 do
123 3424 353 3503 prosequentes
371 3415 474 3482 virum
494 3416 530 3482 in
551 3417 737 3483 sententiam
759 3415 826 3481 eius
848 3413 982 3502 pedibus
999 3412 1090 3493 irent,

58 3517 215 3597 temptata
231 3510 392 3596 paulisper
408 3510 590 3577 intercessio
608 3520 658 3577 est
674 3510 715 3577 ab
731 3511 773 3577 L.
787 3510 883 3576 Livio
900 3518 932 3577 et
945 3507 986 3592 Q.
999 3507 1091 3575 Mae-

57 3602 102 3671 lio
124 3603 260 3671 tribunis
282 3604 399 3691 plebis,
421 3606 476 3690 qui
496 3629 600 3692 neque
621 3606 744 3673 exsolvi
763 3607 916 3694 religione
936 3606 1089 3695 populum
1108 3624 1142 3674 ιι

58 3698 190 3767 aiebant
219 3700 379 3767 deditione
410 3723 483 3780 sua,
513 3701 576 3767 nisi
606 3702 712 3768 omnia
739 3699 954 3780 Samnitibus,
985 3701 1090 3787 qualia

58 3796 148 3883 apud
167 3794 328 3863 Caudium
344 3795 494 3876 fuissent,
515 3797 760 3877 restituerentur,
783 3819 886 3883 neque
908 3819 943 3862 se
964 3819 1021 3883 pro
1038 3818 1087 3873 eo,
1108 3813 1140 3862 15

58 3890 150 3974 qnod
184 3890 369 3978 spondendo
402 3912 515 3978 paoem
553 3900 732 3958 servassent
770 3893 942 3958 exercitum
980 3889 1090 3976 populi

57 3980 215 4063 Romani,
241 4006 378 4073 poenam
403 3985 501 4052 ullam
527 3986 656 4053 meritos
682 4007 767 4067 esse,
793 4007 896 4071 neque
922 3984 963 4050 ad
989 3991 1091 4051 extre·

111 4100 166 4147 ater
179 4099 251 4148 nott.
883 4084 918 4141 29
