2566 4524
320 272 439 328 amna
455 273 511 340 ιιι,
529 273 571 330 ar.
584 275 626 331 aa.
646 273 797 346 [acces.
810 276 874 347 sca]
1048 267 1113 332 343

104 430 254 497 adcurulis
266 431 484 518 magistratus:
502 432 635 516 numqui
647 432 730 498 enim
745 434 906 500 socordius
920 445 974 500 aut
984 436 1113 522 segnius

101 524 327 613 rempublicam
346 525 556 591 administrari
572 535 647 611 post
662 526 759 593 Publi
775 528 883 593 Licini
902 527 994 595 Calvi
1015 529 1114 595 tribu-

100 630 206 698 natum,
235 620 290 705 qui
310 619 431 706 primus
455 620 608 707 explebe
631 630 753 688 creatus
777 623 831 701 sit,
859 645 954 708 quam
974 646 1032 710 per
1057 646 1112 691 eos

100 737 183 781 annos
205 724 299 802 gesta
320 714 374 793 sit,
401 714 516 798 quibus
538 725 662 801 praeter
681 717 829 802 patricios
852 739 945 783 nemo
967 717 1112 784 tribunus

100 811 218 875 rnilitum
231 809 345 875 fueriti
361 809 438 894 quin
450 819 558 875 contra
570 811 718 896 patricios
732 813 851 897 aliquot
863 814 1026 880 damnatos
1040 825 1114 899 post

102 904 292 981 tribunatum,
310 902 467 969 neminem
484 902 653 990 plebeium.
688 915 870 989 quaestores
889 929 1014 993 quoque
1032 909 1147 977 sicuto

101 999 227 1064 tribunos
240 998 375 1063 militum
388 999 498 1084 paucis
512 1009 584 1064 ante
599 999 688 1065 annis
703 1001 847 1086 explebe
861 1012 988 1088 coeptos
1004 1003 1113 1082 creari,

102 1114 146 1158 nec
161 1092 256 1158 ullius
274 1114 382 1158 eorum
399 1093 553 1179 populum
564 1093 745 1159 Romanum
763 1096 963 1180 paenituisse.
1000 1118 1113 1161 consu·
1131 1117 1165 1165 ιο

103 1185 185 1252 latum
211 1208 377 1273 superesse
402 1185 548 1273 plebeiis3
580 1210 650 1252 eam
672 1210 742 1253 esse
764 1211 868 1253 arcem
889 1188 1055 1268 libertatis,
1081 1190 1117 1256 id

103 1280 241 1347 columen.
277 1281 306 1346 si
327 1303 364 1348 eo
385 1290 572 1368 perventum
594 1283 647 1360 sit,
675 1291 743 1346 tum
764 1282 917 1369 populum
933 1283 1116 1348 Romanum

103 1395 161 1440 rere
182 1384 310 1442 exactos
333 1397 373 1440 ex
394 1375 472 1442 urbe
493 1397 586 1463 reges
609 1384 641 1441 et
663 1375 807 1442 stabilem
829 1376 1004 1442 libertatem
1024 1400 1115 1443 suam

104 1469 353 1535 existimaturum:
371 1470 487 1556 quippe
502 1492 541 1535 ex
553 1470 608 1535 illa
620 1471 671 1536 die
683 1471 851 1557 inplebem
859 1483 992 1537 ventura
1000 1473 1114 1550 omnia,
1135 1493 1167 1541 11

103 1563 202 1646 quibus
210 1563 333 1649 patricii
346 1564 508 1643 excellant,
522 1564 689 1650 imperium
702 1575 796 1650 atquc
805 1566 965 1644 bonorem,
982 1567 1116 1654 gloriam

102 1656 177 1738 belli,
195 1681 311 1746 genus,
329 1658 537 1738 nobilitatem,
556 1683 672 1747 magna
688 1661 766 1747 ipsis
780 1657 927 1741 fruenda,
946 1664 1066 1727 maiora
1077 1663 1117 1726 li-

101 1749 172 1818 beris
186 1753 398 1837 relinquenda
421 1753 514 1819 huius
524 1755 647 1841 generis
662 1755 816 1820 orationes
826 1756 882 1820 ubi
890 1756 991 1840 accipi
999 1756 1114 1833 videre,
1136 1775 1168 1822 12

98 1869 204 1913 novam
215 1848 411 1933 rogationem
424 1849 634 1936 promulgant,
652 1857 686 1913 ut
699 1871 756 1934 pro
770 1850 944 1914 duumviris
958 1849 1055 1914 sacris
1069 1847 1117 1912 fa-

99 1941 211 2006 ciundis
229 1942 399 2006 decemviri
416 1952 559 2008 creentur
575 1943 632 2022 ita,
655 1953 691 2008 ut
706 1966 780 2030 pars
799 1942 961 2030 explebe,
984 1964 1058 2030 pars
1077 1964 1118 2006 cx

94 2034 231 2122 patribus
243 2035 311 2115 fiat,
331 2037 532 2122 omniumque
546 2059 654 2102 earum
665 2038 864 2126 rogationum
878 2037 1004 2103 comitia
1016 2038 1050 2102 in
1062 2036 1119 2101 ad-

94 2141 218 2194 ventum
238 2130 305 2195 eius
323 2130 478 2195 exercitus
496 2130 657 2208 differunt,
677 2133 731 2215 qui
748 2131 886 2198 Velitras
903 2131 1077 2197 obsidebat.

152 2222 360 2290 XXXVIII„
385 2221 480 2288 Prius
499 2225 705 2289 circumactus
725 2234 772 2289 est
790 2248 891 2290 annus
909 2247 1006 2308 quam
1018 2249 1038 2289 a
1050 2224 1116 2290 Ve-
1135 2247 1149 2294 1

77 2318 168 2384 ‘litiis
189 2317 413 2383 reducerentur
432 2317 583 2404 legiones.
619 2318 664 2382 ita
685 2340 840 2403 suspensa
861 2318 901 2382 de
922 2318 1046 2404 legibus
1064 2339 1115 2382 res

90 2413 130 2478 ad
155 2433 257 2478 novos
284 2410 424 2477 tribunos
450 2410 585 2474 militum
611 2410 720 2475 dilata:
751 2433 825 2475 nam
850 2410 953 2497 plebis
975 2411 1116 2475 tribunos

90 2506 234 2584 eosdem,
261 2505 340 2570 duos
362 2505 484 2589 utique,
512 2504 587 2588 quia
607 2504 715 2590 legum
737 2504 852 2570 latores
880 2513 981 2582 erant,
1008 2503 1117 2590 plebes

90 2600 258 2669 refiaebat.
298 2600 415 2667 tribuni
431 2601 565 2666 militum
583 2602 678 2667 creati
696 2601 735 2668 T.
752 2600 934 2684 Quinctius,
955 2599 1023 2668 Ser.
1038 2601 1118 2668 Cor·
1135 2620 1150 2667 2

88 2695 205 2774 nelius,
226 2692 295 2761 Ser.
310 2692 485 2783 Sulpicius,
506 2692 562 2781 Sp.
580 2694 747 2775 Servilius,
764 2697 807 2761 L.
821 2695 983 2782 Papirius,
1001 2696 1043 2761 L.
1053 2694 1119 2760 Ve-

87 2792 201 2856 turius.
227 2791 380 2876 principio
395 2791 501 2856 statim
518 2792 592 2856 anni
610 2792 651 2856 ad
668 2791 810 2857 ultimam
828 2792 1060 2857 dimicationem
1077 2790 1117 2855 dc
1136 2807 1151 2855 3

85 2883 215 2972 legibus
232 2895 376 2965 ventum,
398 2893 430 2951 et
448 2907 520 2950 cum
537 2885 636 2952 tribus
656 2896 843 2952 vocarentur
859 2908 919 2952 nec
935 2884 1118 2952 intercessio

88 2980 284 3066 collegarum
295 2978 447 3045 latoribus
461 2980 533 3045 obst
521 2988 600 3045 ttare
604 2981 746 3066 tr,epidi
758 2990 864 3066 patres
878 2981 920 3045 ad
933 2982 995 3046 duo
1008 2979 1119 3044 ultima

89 3073 218 3152 auxilia,
238 3095 397 3138 summum
409 3074 575 3160 imperium
589 3095 811 3156 summumque
825 3074 905 3139 ad
879 3096 989 3150 civem,
1008 3074 1118 3138 decur·
1251 3122 1254 3128 .

91 3175 175 3232 runt.
208 3166 307 3232 dictat
294 3176 394 3232 torem
411 3167 474 3233 dici
491 3167 602 3253 placet.
634 3169 709 3232 dicit
710 3167 807 3232 urM.
821 3166 937 3232 Fanius
953 3164 1116 3242 Camillus,
1135 3183 1153 3231 4

90 3260 147 3346 qui
163 3260 352 3348 magistrum
369 3262 509 3346 equitum
521 3261 747 3327 L.Aemilium
760 3268 892 3347 cooptat.
918 3259 1026 3345 legum
1040 3281 1118 3343 quo-

89 3377 152 3441 que
169 3354 286 3421 latores
299 3356 455 3445 'adversus
473 3364 595 3421 tantum
612 3364 797 3441 apparatum
814 3355 1064 3420 adversariorum
1086 3362 1118 3419 et

89 3450 153 3538 ipsi
176 3471 306 3515 causam
326 3449 428 3537 plebis
449 3450 630 3538 ingentibus
652 3451 764 3516 animis
786 3458 907 3515 armant
924 3449 1118 3534 concilioque

88 3543 194 3631 plebis
211 3544 329 3610 indicto
346 3544 445 3612 tribus
463 3546 506 3611 ad
527 3544 713 3632 suffragium
734 3553 856 3611 vocant
892 3567 965 3610 cum
986 3544 1119 3610 dictator
1136 3560 1153 3612 5

91 3639 228 3726 stipatus
246 3639 372 3726 agmine
387 3640 589 3727 patriciorum
605 3641 718 3726 plenus
735 3640 800 3705 irae
813 3639 1030 3724 minarumque
1043 3661 1118 3705 con-

90 3732 241 3811 sedisset,
259 3743 354 3818 atque
365 3743 510 3822 ageretur
521 3756 572 3798 res
592 3734 684 3800 solito
652 3734 835 3842 tprimum
853 3734 1021 3799 certamine
1037 3733 1118 3798 inter

90 3848 126 3892 se
148 3825 346 3893 tribunorum
366 3828 453 3916 plebi
473 3828 641 3895 ferentium
662 3827 796 3914 legem
786 3837 833 3892 mt
820 3828 987 3893 tterceden
966 3838 1115 3909 t1umque,

91 3929 136 4000 et,
155 3931 275 4006 quanto
291 3922 359 3989 iure
375 3924 531 4010 potentior
546 3923 728 3988 intercessio
746 3932 825 4000 erat,
844 3931 965 3987 tantum
978 3921 1118 3984 vincere-

91 4014 264 4082 tursavore
272 4015 402 4104 legum
392 4040 533 4106 rpsarum
541 4016 746 4102 latorumque,
762 4024 793 4082 et
807 4016 866 4080 utr
877 4012 985 4103 rogas
997 4009 1117 4096 primae
