2566 4524
332 245 450 301 urana
466 247 496 317 1,
513 247 623 303 ac-se.
643 247 879 318 [acac-578]
961 230 964 235 '
1075 241 1117 306 41

89 415 220 483 reretur,
249 403 380 470 concilia
400 405 521 489 populi,
549 405 702 470 exercitus
725 407 840 483 vocati,
864 429 987 473 summa
1002 433 1116 489 rerum,

89 500 144 565 ubi
162 521 239 564 aves
257 521 321 563 non
338 498 551 577 admisissent,
575 499 798 564 dirimerentur.
834 523 935 585 neque
955 512 1021 567 tum
1039 504 1118 569 Tar·
1137 528 1152 572 r

89 594 218 679 quinius
238 593 277 657 de
296 593 435 676 equitum
458 593 604 657 centuriis
626 594 794 677 quicquam
815 597 961 673 mutavit,
988 621 1118 664 numero

90 689 224 752 alterum
241 695 364 752 tanturn
380 687 506 765 adiecit,
524 697 559 751 ut
577 687 661 752 mille
681 689 859 775 ,octingenti
876 691 996 774 equites
1014 692 1047 755 iu
1065 694 1118 757 tri-

89 782 149 847 bus
172 781 321 846 centuriis
344 790 459 846 essent.
494 781 682 866 posteriores
704 783 798 847 modo
821 782 879 848 sub
897 784 999 849 isdem
1017 787 1151 856 nomi-8

87 877 198 954 nibus,
226 876 281 959 qui
302 876 521 953 addiderant,
549 876 696 961 appellati
718 886 802 955 sunt,
826 900 904 961 quas
921 902 1018 959 nunc,
1044 882 1118 965 quia

87 972 268 1057 geminatae
287 980 372 1047 sunt,
397 991 453 1033 sex
471 979 584 1034 vocant
601 970 766 1035 centurias.

151 1063 342 1128 XXXVII.
386 1064 460 1129 Hac
489 1074 577 1149 parte
604 1066 763 1151 copiarum
790 1075 881 1131 aucta
906 1068 1019 1132 iterum
1046 1091 1150 1137 cumr

89 1158 220 1225 Sabinis
239 1158 424 1244 confligitur.
466 1159 521 1223 sed
538 1168 755 1243 praeterquam
773 1161 858 1243 quod
874 1161 994 1226 viribus
1013 1184 1118 1228 creve-

89 1262 135 1318 rat
156 1253 322 1318 Romanus
346 1252 514 1330 exercitus,
542 1275 583 1316 ex
603 1253 725 1318 occulto
748 1255 842 1319 etiam
866 1255 991 1320 additur
1016 1257 1117 1335 dolus,

90 1347 193 1412 missis
214 1347 270 1429 qui
287 1369 434 1432 magnam
451 1346 516 1410 vim
532 1346 703 1433 lignorum,
726 1348 758 1412 in
775 1348 909 1414 Anienis
928 1349 997 1434 ripa
1014 1350 1119 1415 iacen-

91 1453 164 1519 tem,
197 1441 361 1506 ardentem
385 1441 418 1505 in
443 1441 561 1506 flumen
587 1442 777 1521 conicerent3
810 1452 967 1527 ventoque
992 1445 1118 1511 iuvante

91 1559 224 1602 accensa
239 1535 339 1621 ligna,
359 1545 389 1600 et
406 1535 554 1620 pleraque
572 1536 605 1599 in
621 1536 740 1602 ratibus
764 1536 890 1622 inpacta
903 1538 1031 1604 sublicis
1046 1562 1117 1604 oum

91 1631 266 1708 haererent,
293 1639 421 1715 pontem
447 1630 625 1695 incendunt
662 1651 699 1695 ea
725 1652 849 1715 quoque
875 1654 925 1696 res
952 1633 984 1696 in
1009 1653 1151 1720 pugnas

92 1736 239 1792 terrorem
265 1723 367 1788 attulit
395 1721 536 1804 Sabinis,
573 1723 682 1788 effusis
713 1724 823 1788 eadem
853 1724 962 1812 fugam
999 1727 1118 1812 inpedit

90 1820 241 1903 multique
267 1818 429 1896 mortales,
465 1839 537 1882 cum
562 1817 670 1882 hostes
697 1817 895 1903 effugissent,
930 1818 964 1882 in
989 1819 1116 1884 flumine

90 1914 158 1999 ipso
176 1913 298 1999 periere
303 1937 313 1990 ;
331 1934 465 1996 quorum
482 1911 635 1975 fluitantia
652 1935 738 1976 arma
756 1912 796 1976 ad
813 1911 923 1976 urbem
941 1913 1067 1999 cognita
1083 1914 1117 1978 in

90 2007 197 2072 Tiberi
214 2007 302 2093 prius
319 2028 434 2091 paene,
453 2028 548 2090 quam
564 2005 700 2069 nuntiari
713 2016 835 2091 posset,
852 2006 1008 2092 insignem
1022 2009 1118 2073 victo·

90 2102 168 2167 riam
186 2101 300 2166 fecere.

150 2195 203 2260 Eo
222 2194 340 2281 proelio
357 2192 526 2279 praecipua
543 2192 683 2277 equitum
700 2194 800 2280 gloria
812 2194 884 2259 fuit:
903 2195 1058 2280 utrimque
1076 2194 1116 2262 ab
1136 2217 1152 2264 3

89 2289 236 2355 cornibus
254 2289 389 2374 positos,
412 2310 485 2352 cum
501 2287 565 2352 iam
581 2286 749 2373 pelleretur
766 2289 869 2353 media
885 2290 1027 2374 peditum
1045 2313 1118 2356 suo-

88 2407 157 2448 rum
171 2384 271 2460 acies,
289 2383 334 2447 ita
346 2382 514 2447 incurrisse
532 2381 572 2448 ab
590 2381 739 2447 lateribus
757 2381 875 2459 ferunt,
893 2392 929 2446 ut
946 2405 1010 2448 non
1028 2384 1119 2450 siste-

87 2488 156 2542 rent
169 2478 265 2542 modo
281 2475 416 2542 Sabinas
434 2476 575 2563 legiones
592 2475 737 2540 ferociter
753 2476 905 2541 instantes
923 2477 1116 2555 cedentibus,

91 2574 144 2637 sed
163 2571 269 2637 subito
287 2571 320 2634 in
337 2571 446 2658 fugam
465 2580 648 2635 averterent.
685 2581 807 2635 montes
826 2570 927 2635 effuso
945 2593 1040 2635 cursu
1059 2570 1118 2637 Sa
1135 2595 1152 2640 4

89 2665 153 2731 bini
179 2665 339 2751 petebant.
375 2674 407 2729 et
431 2665 525 2751 pauci
546 2675 688 2744 tenuere3
714 2665 852 2730 maxima
873 2685 960 2751 pars,
988 2675 1024 2729 ut
1045 2666 1120 2731 ante

90 2761 208 2826 dictum
227 2770 289 2838 est,
308 2759 348 2824 ab
366 2759 524 2844 equitibus
543 2760 577 2824 in
593 2760 710 2825 flumen
728 2760 790 2824 acti
807 2770 889 2825 sunt.
926 2760 1115 2844 Tarquinius
1134 2783 1150 2830 5

89 2853 270 2921 instandum
296 2853 465 2939 perterritis
491 2863 593 2933 ratus,
624 2855 741 2939 praeda
767 2854 961 2940 captivisque
982 2854 1118 2919 Romam

90 2950 210 3028 missis,
238 2949 348 3035 spoliis
370 2949 509 3015 hostium
525 2949 619 3014 -id
640 2959 748 3016 votum
766 2948 911 3014 Vulcano
929 2958 995 3014 erat
1011 2987 1054 2997 -
1070 2949 1118 3012 in-

91 3044 177 3130 genti
198 3044 325 3109 cumulo
347 3045 502 3123 accensis,
529 3045 632 3131 pergit
653 3067 745 3131 porro
771 3044 804 3107 in
829 3067 940 3130 agrum
964 3041 1117 3109 Sabinum

92 3138 263 3203 exercitum
284 3138 431 3204 inducere
453 3149 498 3218 et,
525 3160 715 3225 quamquam
738 3139 819 3202 male
836 3146 945 3224 gestae
962 3159 1012 3200 res
1032 3146 1118 3200 erant
1137 3158 1152 3205 6

91 3255 147 3298 nec
165 3244 313 3320 gesturos
335 3233 447 3299 melius
471 3257 596 3320 sperare
617 3243 774 3320 poterant,
802 3241 920 3309 tamen,
948 3231 1022 3314 quia
1044 3253 1118 3295 con-

94 3327 214 3392 sulendi
230 3349 282 3393 res
301 3350 365 3393 non
381 3328 477 3393 dabat
494 3330 644 3415 spatium,
662 3328 726 3393 iere
740 3326 865 3392 obviam
881 3323 991 3391 Sabini
1005 3325 1119 3389 tumul·

94 3424 189 3487 tuario
208 3423 308 3488 milite
325 3424 499 3509 iterumque
516 3423 561 3489 ibi
578 3423 656 3502 fusi,
674 3423 803 3509 perditis
817 3422 881 3487 iam
898 3443 995 3506 prope
1011 3420 1116 3499 rebus,

95 3535 201 3599 pacem
219 3517 347 3602 petiere.

152 3610 361 3680 XXXVIII.
399 3611 533 3678 Collatia
554 3622 586 3677 et
607 3612 754 3696 quioquid
772 3611 848 3675 citra
867 3608 1034 3675 Collatiam
1050 3609 1119 3696 agri
1136 3628 1150 3674 1

94 3717 156 3770 erat
175 3705 306 3772 Sabinis
324 3707 519 3792 ademptum,
541 3706 679 3792 Egerius
697 3744 739 3754 -
757 3705 861 3771 fratris
878 3704 930 3768 hic
947 3703 1029 3769 filius
1052 3712 1119 3767 erat

91 3800 174 3885 regis
189 3839 233 3848 —
249 3799 401 3866 Collatiae
419 3802 452 3865 in
469 3801 625 3886 praesidio
642 3801 778 3866 relictus.
814 3799 998 3881 deditosque
1013 3796 1119 3862 Colla

93 3891 172 3958 tinos
200 3893 245 3958 ita
269 3895 390 3980 accipio
417 3917 549 3980 eamque
575 3893 740 3959 deditionis
762 3892 928 3959 formulam
951 3912 1035 3956 esse:
1062 3908 1152 3954 rexr

93 3983 296 4075 interrogavit
315 3988 445 4054 ‘estisne
462 4011 519 4054 vos
536 3988 633 4076 legati
651 3998 849 4072 oratoresque
863 3984 985 4050 missia
1001 3983 1117 4071 populo
