2566 4524
299 277 417 333 nnana
433 277 503 348 vn,
521 277 562 332 11.
576 277 618 333 ιι.
639 276 875 351 [auser-ese]
1040 272 1101 338 361
1215 246 1219 252 ’

81 434 169 502 simul
187 456 261 500 cum
276 435 316 500 iis
334 434 415 500 intra
431 444 539 521 portas
557 437 781 523 conpelluntur.
819 439 945 526 egregie
966 463 1040 507 cum
1061 444 1101 509 ab
1119 461 1136 512 s

80 532 228 597 dictatore
254 540 322 594 tum
348 528 389 596 ab
411 531 540 597 consule
561 554 612 597 res
628 541 725 642 'gesta
747 540 804 598 est.
841 543 873 599 et
894 537 1004 602 consul
1024 537 1103 603 alter

82 625 194 692 Fabius
225 624 352 711 proeliis
382 624 519 710 primum
548 626 668 712 parvis,
703 637 863 713 postremo
893 653 957 695 una
986 631 1104 719 insigni

84 743 196 831 pugna!
223 741 296 784 cum
321 717 428 784 hostes
455 720 529 786 totis
555 721 656 786 adorti
677 721 776 807 copiis
798 734 918 803 essent,
944 724 1102 793 Hernicos

89 815 222 880 devincit.
258 813 355 879 dictat
342 822 391 880 tor
411 813 650 882 oonsulibusin
672 826 783 881 senatu
801 825 833 883 et
849 818 935 904 apud
949 820 1103 906 populum
1120 838 1136 888 s

90 909 241 996 magnifice
269 907 463 974 conlaudatis
490 918 521 976 et
547 931 675 975 suarum
697 931 822 995 quoque
844 933 949 978 rerum
969 913 1031 980 illis
1053 937 1103 980 re·

91 1005 171 1070 nisso
187 1004 308 1070 honore
326 1002 479 1069 dictatura
496 1024 531 1069 se
553 1003 719 1070 abdicavit.
756 1004 917 1072 Poetelius
940 1008 979 1074 de
999 1005 1100 1076 Gallis

92 1097 324 1182 Tiburtibusque
345 1097 507 1184 geminum
528 1098 722 1183 triumphum
740 1099 818 1185 egit,
840 1098 942 1165 Fabio
960 1103 1035 1167 satis
1054 1103 1101 1175 vi·

94 1213 160 1271 sum,
182 1201 219 1256 ut
236 1214 334 1258 ovans
352 1191 463 1256 urbem
479 1191 580 1257 iniret.
615 1192 750 1257 imidere
766 1192 889 1258 Poeteli
910 1194 1102 1280 triumphum
1121 1217 1151 1264 10

93 1284 238 1351 Tiburtesr
266 1285 321 1352 ubi
342 1285 426 1350 enim
448 1307 521 1351 eum
540 1307 648 1352 secum
669 1287 736 1352 acie
759 1287 955 1354 conflixisse?
981 1299 1103 1374 specta·

93 1389 158 1446 tores
175 1403 293 1467 paucos
311 1380 408 1467 fugae
425 1380 702 1466 trepidationisque
717 1378 881 1447 Gallorum
895 1391 982 1448 extra
994 1392 1101 1468 portas

93 1495 235 1561 egressos,
254 1487 423 1561 postquam
435 1475 470 1541 in
482 1498 517 1541 se
530 1497 656 1561 quoque
668 1476 736 1541 fieri
749 1476 901 1563 impetum
918 1477 1053 1544 viderint
1070 1488 1102 1544 et

93 1569 145 1634 sine
169 1569 347 1635 discrimine
369 1569 480 1636 obvios
501 1570 605 1648 caedi,
630 1571 788 1658 recepisse
814 1593 849 1637 se
874 1573 956 1637 intra
980 1572 1100 1638 urbem.

92 1683 147 1728 eam
171 1687 238 1729 rem
264 1663 422 1751 triumpho
448 1665 577 1750 dignam
601 1664 704 1730 visam
730 1666 891 1732 Romanis.
935 1689 976 1732 ne
1005 1668 1098 1733 nimis
1119 1687 1149 1734 11

92 1759 189 1823 mirum
214 1780 429 1845 magnumque
455 1769 618 1824 censerent
644 1759 813 1824 tumultum
840 1760 962 1826 exciere
986 1760 1020 1826 in
1045 1763 1102 1826 ho-

93 1853 171 1917 stium
191 1854 305 1938 portis,
333 1854 483 1918 maiorem
504 1854 590 1940 ipsos
614 1854 852 1940 trepidationem
878 1863 951 1919 ante
970 1854 1101 1920 ¹moenia

93 1967 138 2012 sua
153 1947 285 2013 visuros.

141 2042 220 2107 XIL
265 2041 377 2126 Itaque
407 2042 584 2126 insequenti
613 2064 696 2108 anno
721 2042 769 2107 M.
796 2042 921 2143 Popilio
946 2043 1099 2121 Laenate
1120 2065 1133 2111 ι

94 2133 139 2201 Cn.
159 2136 282 2202 Manlio
309 2135 490 2202 consulibus
516 2137 618 2222 primo
645 2136 768 2201 silentio
795 2110 895 2203 noctis
919 2138 958 2204 ab
981 2137 1101 2204 Tibure

93 2232 200 2316 agmine
218 2230 333 2297 infesto
302 2230 483 2317 tprofecti
500 2231 541 2294 ad
558 2229 669 2294 urbem
685 2230 822 2295 Rumam
839 2239 1000 2295 venerumt.
1037 2240 1098 2295 ter·
1117 2251 1133 2296 ι

93 2345 177 2393 rorem
198 2334 326 2412 repente
344 2348 385 2391 ex
402 2347 513 2391 somno
532 2324 674 2389 excitatis
693 2323 864 2390 subitores
882 2335 913 2389 et
930 2333 1100 2390 nocturnus

92 2438 174 2503 pavor
192 2420 351 2508 praebuit,
377 2419 501 2486 adhoc
522 2418 691 2483 multorum
713 2417 850 2496 inscitia,
874 2418 929 2501 qui
945 2427 1000 2483 aut
1017 2419 1101 2482 unde

92 2509 180 2582 hostes
194 2514 404 2581 advenissent.
437 2513 667 2579 conclamatum
680 2521 786 2577 tamen
798 2511 939 2577 celeriter
956 2511 997 2577 ad
1014 2534 1101 2576 arma
1120 2531 1135 2578 3

93 2616 142 2688 est,
165 2620 194 2675 et
215 2617 326 2696 portae
352 2607 539 2674 stationibus
565 2607 709 2692 murique
729 2605 894 2692 praesidiis
916 2605 1043 2684 firmati3
1070 2614 1102 2670 et

90 2699 134 2768 ubi
147 2704 247 2791 prima
267 2703 324 2768 lux
344 2703 536 2768 mediocrem
556 2701 787 2767 multitudinem
809 2709 881 2766 ante
903 2700 1026 2768 moenia
1047 2722 1102 2765 ne-

89 2816 139 2880 que
154 2799 251 2864 alium
263 2820 361 2883 quam
374 2798 539 2863 Tiburtem
551 2797 625 2864 host
612 2806 676 2864 tem
693 2797 844 2876 ostendit,
863 2795 985 2863 duabus
1003 2796 1101 2883 portis

89 2894 195 2978 egressi
215 2892 361 2959 consules
383 2893 541 2977 utrimque
562 2892 663 2959 aciem
686 2891 918 2958 subeuntium'
909 2914 973 2957 ram
994 2913 1101 2956 muros

88 2987 312 3088 adgrediuntur.
336 2987 555 3088 apparuitque,
573 2987 737 3052 occasione
755 2986 857 3072 magis
875 3008 972 3069 quam
988 2985 1137 3050 virtutes

87 3070 220 3139 fretosv
199 3073 341 3151 venisse3
372 3073 451 3139 adeo
476 3073 531 3138 ιιι
556 3072 693 3157 primum
712 3072 865 3156 impetum
886 3070 1102 3135 Romanorum

87 3165 261 3239 sustinuere.
297 3166 374 3250 quin
399 3167 494 3232 etiam
519 3165 603 3232 bono
622 3164 728 3230 fuisse
754 3162 906 3228 Romanis
932 3163 1102 3227 adventum

88 3277 183 3326 eorum
205 3258 371 3327 constabat
358 3260 600 3344 torientemque
617 3258 680 3323 iam
699 3256 788 3322 sedit
767 3267 883 3321 tronem
899 3255 981 3319 inter
996 3263 1101 3340 patres

88 3360 113 3416 et
124 3354 248 3440 plebem
265 3364 352 3420 metu
369 3363 434 3420 tam
450 3352 618 3440 propinqui
635 3351 709 3417 belli
727 3372 938 3436 conpressam.

137 3448 233 3516 Alius
251 3449 404 3515 adventus
422 3447 562 3514 hostium
578 3446 640 3511 suit
656 3445 798 3532 proximo
816 3443 898 3509 bello
916 3443 1001 3531 agris
1014 3444 1102 3509 terri·
1120 3460 1134 3511 5

89 3534 165 3612 bilior
181 3567 280 3630 quam
296 3541 381 3608 urbi:
402 3540 617 3628 populabundi
631 3537 875 3623 Tarquinienses
892 3536 971 3604 fines
984 3536 1102 3604 Roma-
1120 3557 1136 3605 6

90 3651 144 3719 nos,
162 3638 300 3704 maxime
313 3658 377 3721 qua
390 3658 430 3701 ex
442 3644 531 3723 parte
539 3633 699 3700 Etrrniam
713 3632 865 3710 adiacent,
883 3653 1100 3719 peragravere.

89 3727 444 3819 musque-nequiquam
460 3729 599 3816 repetitis
617 3727 692 3792 novi
710 3725 855 3792 consules
872 3726 911 3792 iis
931 3724 969 3793 O.
981 3725 1101 3792 Fabius

90 3828 112 3885 ll
123 3825 161 3895 C.
178 3825 326 3894 Plautius
344 3824 432 3891 iussu
449 3823 559 3910 populi
576 3822 695 3888 bellum
711 3821 865 3901 indixere,
883 3819 1046 3903 Fabioque
1064 3839 1101 3881 ea

83 3922 249 4000 Ρῑοιιιιοιιι,
267 3917 394 3985 Plautio
412 3917 545 3983 Hernici
562 3938 704 3983 evenere.
1160 3996 1164 4004 ¹

139 4011 256 4082 Gallici
282 4034 407 4100 quoque
434 4010 508 4078 belli
533 4009 620 4079 lama
644 4008 903 4079 increbrescebat.
940 4005 996 4073 sed
1020 4002 1134 4070 interr
