2566 4524
141 256 206 325 398
370 267 489 325 LIBER
505 265 592 339 vm,
608 265 634 321 2.
646 263 672 321 3.
692 268 730 334 [a
739 282 766 321 u.
776 281 801 320 c.
810 264 872 322 413.
884 264 950 336 414]

141 428 260 496 bellum
276 427 414 506 fuerant,
438 434 546 493 contra
564 419 723 492 Sidicinos
744 422 894 511 profecti,
915 422 1006 492 haud
1024 425 1056 493 in
1075 425 1153 495 dots

109 546 124 596 6
143 545 199 612 spe
217 532 306 590 erant
322 530 444 589 mature
461 519 549 587 urbis
567 517 706 586 hostium
722 518 904 606 potiundae.
944 528 1015 589 tum
1032 520 1072 589 ab
1089 519 1154 590 Sidi·

143 617 223 685 cinis
248 616 366 684 deditio
390 615 478 704 prius
505 616 547 681 ad
571 613 733 682 Romanos
760 623 873 701 coepta
899 614 972 682 lieri
996 625 1060 698 est3
1089 615 1155 699 dein,

142 722 312 801 postquam
327 719 433 798 patres
451 719 487 775 ut
505 731 608 777 seram
625 729 696 776 eam
708 708 883 793 ultimaque
896 709 1030 778 tandem
1041 710 1156 780 uscud-

143 816 207 874 tate
225 827 409 895 expressam
426 803 683 894 aspernaremur,
702 804 744 870 ad
755 803 892 870 Latinos
904 804 974 871 iam
992 826 1051 874 sua
1063 814 1156 895 sponte

111 924 125 971 7
143 903 177 968 in
198 925 286 968 arma
306 909 409 968 motos
431 900 516 966 facta
537 909 595 967 est.
638 921 680 965 ne
703 897 859 986 Campani
880 899 1017 987 quidem
1033 938 1072 952 -
1088 900 1173 968 adeo·

144 996 275 1062 inimice
295 992 485 1062 Samnitium
506 1017 603 1081 quam
624 993 769 1062 beneficii
786 993 1009 1063 Romanorum
1028 994 1158 1064 mentoris

110 1111 126 1160 s
144 1091 339 1180 praesentior
360 1100 427 1159 erat
447 1129 489 1139 -
510 1090 560 1157 his
584 1112 619 1158 se
641 1090 736 1156 armis
759 1089 953 1158 abstinuere.
999 1113 1040 1160 ex
1057 1090 1105 1158 his
1121 1098 1157 1157 tot

144 1186 269 1274 populis
282 1208 364 1253 unus
378 1186 491 1276 ingens
505 1185 661 1252 exercitus
675 1184 755 1252 duce
762 1184 881 1252 Latino
894 1185 979 1254 lines
990 1183 1158 1255 Samuitiuu

145 1283 308 1370 ingressus
325 1280 399 1370 plns
416 1278 671 1368 populationibus
685 1300 781 1365 quam
793 1279 921 1367 proeliis
941 1281 1081 1349 cladium
1091 1279 1157 1348 fact

145 1387 177 1442 et
193 1398 385 1463 quamquam
404 1375 581 1464 superiores
599 1373 820 1442 certaminibus
837 1374 952 1442 Latini
970 1385 1073 1456 erant,
1092 1370 1158 1441 baud

144 1469 249 1551 inviti,
267 1493 309 1536 ne
326 1470 453 1557 saepius
470 1469 684 1535 dimicandum
701 1469 796 1550 foret,
816 1492 893 1557 agro
910 1469 1056 1539 hostium
1071 1488 1157 1538 exces-

112 1583 227 1634 esere.
269 1563 305 1631 id
326 1565 462 1651 spatium
482 1561 677 1631 Samnitibus
700 1562 809 1630 datum
831 1572 881 1630 est
896 1562 1039 1632 Romam
1058 1563 1156 1653 legata

146 1658 290 1725 mittendi
295 1683 304 1738 3
322 1659 464 1745 quicum
481 1657 623 1725 adissent
640 1666 797 1737 senatum,
817 1660 999 1744 conquesti,
1017 1659 1156 1727 eademst

146 1752 325 1821 foederatos
338 1753 418 1841 pati,
437 1775 518 1838 quae
531 1753 639 1820 hostes
657 1762 763 1819 essent
775 1753 877 1841 passi,
895 1754 1048 1841 precibus
1064 1750 1156 1821 intimis

97 1869 129 1918 10
146 1849 279 1938 petiere,
301 1858 337 1915 ut
355 1849 431 1916 satis
449 1849 599 1915 ducerent
615 1847 752 1915 Romani
769 1847 949 1928 victoriam,
972 1871 1071 1934 quam
1087 1844 1157 1917 Suu·

147 1942 265 2010 nitibus
279 1965 320 2010 ex
329 1941 493 2030 Campano
504 1939 708 2029 Sidicinoque
719 1942 812 2010 hoste
825 1943 1027 2031 eripuissent,
1045 1966 1085 2010 ne
1095 1936 1156 2009 vind

98 2058 129 2105 11
147 2038 244 2103 etiam
262 2060 297 2104 se
314 2036 354 2105 ab
372 2037 586 2125 ignavissimis
603 2037 729 2125 populis
748 2038 895 2106 sinerent.
930 2037 1071 2106 Latinos
1084 2035 1156 2106 On

147 2153 327 2219 panosque,
354 2131 383 2198 si
404 2131 464 2199 snb
486 2131 602 2199 ditione
622 2132 732 2220 populi
748 2132 886 2199 Romani
903 2142 1027 2213 essent,
1049 2154 1103 2221 pro
1116 2131 1156 2198 iu·
1187 2135 1192 2202 Ξ

147 2227 235 2315 perio
253 2236 394 2294 arcerent
412 2224 547 2295 Samniti
565 2250 656 2316 agro,
675 2228 725 2294 sin
740 2227 908 2315 imperium
923 2225 1110 2308 abnuerent,
1123 2244 1165 2291 ar.
1191 2266 1192 2289 t

98 2339 129 2388 12
148 2322 210 2389 mis
227 2330 415 2389 coercerent.
451 2322 603 2388 adversus
620 2321 700 2390 haec
715 2344 904 2411 responsum
921 2344 1043 2411 anceps
1061 2323 1154 2397 datm

148 2417 223 2503 quia
239 2417 332 2484 fateri
347 2415 491 2505 pigebat,
509 2417 543 2482 in
560 2425 715 2505 potestate
729 2439 787 2484 sua
793 2417 930 2484 Latinos
943 2418 1011 2485 iam
1023 2440 1087 2485 non
1097 2432 1154 2490 sut
1185 2425 1187 2432 ⁴

97 2528 130 2578 13
148 2511 376 2598 timebantque,
412 2534 452 2579 ne
482 2512 642 2600 arguendo
672 2511 893 2579 abalienarent.
944 2511 1154 2600 Campanorum
1191 2547 1192 2585 3

148 2606 242 2673 aliam
264 2607 480 2674 condicionem
503 2628 587 2686 esse,
614 2606 669 2692 qui
690 2629 754 2672 non
775 2605 916 2685 foedere,
946 2607 1004 2674 sed
1020 2628 1078 2695 per
1092 2600 1153 2671 dedi·

147 2700 266 2768 tionem
282 2701 317 2766 in
332 2699 429 2767 iidem
450 2701 611 2768 venissent
615 2727 625 2781 3
651 2701 758 2786 itaque
776 2699 976 2789 Campanos,
1005 2722 1063 2769 seu
1082 2696 1152 2766 vett
1190 2770 1192 2776 ,

149 2817 207 2861 seu
227 2795 340 2874 nolint,
364 2797 534 2879 quieturos.
577 2798 612 2861 in
633 2795 759 2862 foedere
776 2797 894 2862 Latino
911 2796 993 2863 nihil
1008 2818 1092 2877 esse,
1111 2806 1153 2878 qm

148 2887 265 2955 bellare
283 2910 355 2954 cnm
373 2889 488 2974 quibus
506 2891 567 2978 ipsi
584 2890 682 2957 velint
698 2890 932 2977 prohibeantur.
1185 2898 1192 2964 ζ

115 3006 129 3052 1
212 2981 275 3049 111.
308 2980 405 3067 Quod
416 3005 604 3070 responsum
618 2986 698 3051 sicut
711 2984 824 3052 dubios
835 2981 1012 3064 Samnites,
1031 2983 1151 3072 quidne

148 3078 306 3146 facturum
315 3077 494 3146 Romanum
508 3092 684 3159 censerent,
699 3078 826 3159 dimisit,
840 3079 886 3145 ita
895 3077 1080 3168 Campanos
1091 3082 1152 3143 mel
1188 3094 1192 3171 j

148 3174 352 3254 abalienavit,
369 3174 504 3242 Latinos
518 3175 603 3241 velut
616 3174 695 3240 nihil
707 3175 771 3241 iam
783 3196 848 3241 non
860 3168 1152 3242 concedentibnsllc

115 3292 130 3339 2
147 3271 250 3338 manis
267 3269 436 3338 ferociores
453 3270 538 3339 fecit.
565 3271 671 3357 itaque
687 3291 745 3357 per
762 3269 900 3357 speciem
918 3270 1074 3338 adversus
1086 3265 1151 3337 Suu

148 3366 230 3431 nites
247 3364 322 3431 belli
338 3364 471 3454 parandi
487 3362 597 3431 crebra
611 3364 743 3432 concilia
755 3364 929 3432 indicentes
943 3364 1091 3434 omnibus
1102 3378 1152 3429 cor
1184 3380 1192 3439 t

23 3471 26 3474 ⁴
150 3456 368 3526 saltationibus
382 3461 463 3527 inter
472 3482 507 3527 se
514 3458 672 3547 principes
682 3459 803 3526 occulte
812 3457 997 3526 Romanum
1006 3453 1152 3545 ooqnebul
1191 3474 1192 3481 ’

148 3550 277 3619 bellum.
304 3555 379 3620 huic
391 3577 517 3642 quoque
529 3555 681 3624 adversus
696 3563 872 3621 servatores
891 3576 970 3623 suos
987 3554 1070 3623 bello
1082 3550 1152 3621 Car

38 3648 41 3656 “
116 3666 253 3734 spanus
275 3648 392 3716 aderat.
428 3650 486 3717 sed
505 3671 698 3737 quamquam
720 3649 826 3716 omnia
851 3649 892 3716 de
917 3649 1074 3718 industria
1095 3641 1153 3713 cel*
1189 3728 1191 3737 Ι

150 3742 265 3810 bantur
281 3780 324 3794 -
339 3746 524 3832 prinsquam
545 3756 746 3814 moverentur
761 3745 915 3826 Romani,
936 3746 1008 3814 tolli
1028 3744 1069 3812 ab
1088 3752 1153 3825 rep

25 3899 34 3920 η
151 3835 327 3908 Samnitem
343 3839 467 3907 hostem
484 3840 799 3909 volebant-tamen
811 3862 868 3929 per
880 3843 1039 3927 quosdam
1049 3830 1152 3928 prins!

16 3930 25 3944 ”
147 3933 293 4023 hospitiis
314 3934 662 4023 necessitudinibusque
683 3936 867 4004 coniunctos
894 3935 1014 4004 indicia
1037 3931 1153 4001 sorim

113 4048 131 4095 4
148 4030 242 4098 tionis
254 4030 323 4099 eius
332 4029 468 4100 Romam
480 4042 678 4112 emanarunt,
697 4031 856 4120 iussisque
869 4039 943 4100 ante
960 4041 1082 4120 tempus
1098 4042 1152 4092 σω·
1189 4048 1192 4057 “
