2566 4524
83 212 87 218 ⁵
144 236 210 303 424
389 244 507 299 amaa
522 242 609 313 vm,
626 240 668 297 aa
681 241 723 297 aa
745 238 929 311 [ausano]

96 429 128 479 rs
147 408 174 473 is
205 405 276 470 linis
306 401 485 468 lacerationi
515 400 589 478 fuit,
622 398 841 485 sepultumque
869 396 1060 465 Consentiae
1083 402 1155 485 quod

96 526 127 574 rr
147 500 358 567 membrorum
383 497 538 580 reliquum
563 495 624 560 fuit
646 517 720 560 cura
741 493 879 559 mulieris
903 493 1012 572 unius,
1038 516 1153 580 ossaque

146 595 368 681 Metapontum
390 592 431 657 ad
447 592 555 657 hostes
573 590 718 668 remissa,
741 589 814 655 inde
831 587 970 675 Epirum
986 589 1152 657 devectaad

148 689 349 775 Cleopatram
373 708 505 752 uxorem
538 706 738 769 sororemque
766 681 1007 770 Olympiadem,
1040 707 1150 770 quatur
1192 708 1194 713 ·

98 805 129 856 18
147 794 247 850 mater
263 781 372 869 magni
388 779 563 845 Alexandri
581 780 690 858 altera,
714 801 801 845 soror
818 777 917 845 altera
933 778 1005 845 fuit.
1038 778 1108 847 haec
1120 780 1150 845 de
1191 798 1194 823 ³

146 875 322 943 Alexandri
347 874 512 962 Epirensis
539 874 619 939 tristi
647 884 775 952 eventu,
810 894 1006 958 quamquam
1028 872 1148 941 Romam

147 969 230 1038 hello
252 970 378 1034 fortuna
400 990 472 1034 eum
494 967 658 1046 abstinuit,
686 977 804 1046 tamen,
831 967 906 1052 quia
926 967 961 1033 in
979 967 1066 1035 Italia
1081 966 1146 1039 tela

147 1066 260 1154 gessit,
283 1065 392 1151 paucis
410 1064 529 1130 dixisse
548 1063 624 1129 satis
643 1063 693 1131 sit.

116 1183 129 1230 1
211 1157 327 1224 XXV.
354 1156 479 1223 Eodem
492 1180 574 1225 anno
587 1157 812 1224 lectisternium
824 1156 962 1236 Romae,
981 1157 1085 1242 quinto
1095 1166 1148 1243 post

148 1253 306 1319 conditam
318 1252 443 1329 urbem,
461 1252 563 1316 isdem
576 1251 690 1336 quibus
709 1261 781 1317 ante
794 1250 957 1337 placandis
971 1250 1105 1319 habitum
1115 1258 1150 1315 est

115 1347 227 1416 adeis.
271 1346 345 1411 novi
368 1346 480 1410 deinde
504 1345 647 1411 consules
669 1346 759 1411 iussu
780 1345 890 1431 populi
915 1367 991 1411 cum
1015 1345 1151 1411 misissem

149 1441 204 1525 qui
229 1440 401 1505 indicerent
429 1437 623 1506 Samnitibus
655 1437 786 1517 bellurn,
821 1439 883 1524 ipsi
912 1439 1031 1506 maime
1060 1446 1151 1504 comta

149 1555 245 1618 quam
271 1535 421 1600 adversus
445 1531 584 1600 Graecos
612 1544 724 1599 cuncta
748 1533 911 1620 parabant.
957 1543 990 1600 et
1009 1533 1071 1601 alia
1088 1553 1152 1599 nora

115 1651 131 1698 a
148 1627 257 1694 nihil
244 1637 311 1693 tum
328 1629 433 1694 animo
451 1627 512 1695 tale
531 1628 721 1715 agitantibus
739 1638 939 1694 accesserunt
956 1629 1087 1695 auxilia:
1100 1628 1153 1695 Isu-

149 1722 219 1789 cani
232 1720 447 1808 atqueApuli‚
466 1722 580 1807 quibus
593 1721 740 1809 gentibus
758 1722 836 1787 nihil
852 1722 893 1789 ad
911 1743 983 1787 earn
1001 1723 1084 1789 diem
1099 1742 1152 1787 eum

148 1815 293 1883 Romano
310 1816 427 1902 populo
445 1816 588 1894 fuerat,
579 1840 612 1881 rn
629 1816 725 1881 fidem
742 1824 907 1895 venerunt,
926 1839 1017 1882 arma
1029 1834 1152 1900 urnaque

149 1911 191 1976 ad
207 1910 324 1977 bellum
341 1910 540 1996 pollicentes3
563 1911 690 1977 foedere
708 1932 782 1998 ergo
800 1911 834 1976 in
851 1910 1023 1977 amicitiam
1044 1908 1151 1997 accepti.

114 2026 131 2072 4
150 2005 291 2070 eodem
278 2013 418 2090 tempore
436 2005 529 2069 etiarn
547 2005 580 2071 iu
599 2002 729 2071 Samnio
745 2027 796 2070 res
813 2003 964 2091 prospere
981 2015 1081 2093 gesta
1111 2002 1154 2069 trh

149 2097 312 2183 oppidem
323 2108 511 2183 potestatem
523 2109 685 2177 venerunt,
703 2097 831 2178 Allifae,
852 2097 999 2180 Callifae,
1016 2099 1154 2175 Ruffiun,

149 2190 291 2275 aliusque
313 2215 390 2281 ager
410 2193 511 2279 primo
534 2195 672 2259 adventu
690 2193 854 2259 consulum
870 2195 967 2282 longe
984 2195 1107 2280 lateque
1121 2200 1154 2261 etl

115 2308 132 2356 ⁵
149 2298 356 2373 pervastatus.
386 2289 447 2354 hoe
460 2289 542 2356 bello
557 2299 621 2354 tarn
639 2311 788 2376 prospere
805 2290 974 2357 commisso
993 2289 1082 2357 alteri
1096 2310 1154 2375 qut·

148 2404 209 2466 que
223 2381 319 2460 bello,
339 2405 401 2468 quo
412 2381 527 2449 Graeci
540 2383 772 2461 obsidebantur,
791 2383 854 2448 iam
867 2383 939 2450 finis
954 2385 1072 2451 aderat.
1099 2402 1154 2451 aaa

148 2486 365 2562 praeterquam
387 2478 473 2561 quod
495 2477 691 2562 intersaeptis
713 2478 914 2543 munimentis
936 2478 1077 2545 hostium
1099 2497 1154 2565 pert

148 2571 229 2656 parti
246 2571 370 2637 abscisa
388 2581 462 2649 erat,
482 2572 623 2637 foediora
641 2571 798 2656 aliquanto
815 2572 896 2637 intra
913 2596 1023 2639 muros
1040 2573 1088 2651 iis,
1104 2569 1155 2656 qui·

116 2683 131 2731 6
148 2662 208 2729 bus
227 2665 326 2731 hostis
346 2665 505 2731 territabat
518 2664 752 2751 (patiebantur),
772 2674 803 2730 et
815 2666 902 2731 velut
915 2668 1033 2752 captia
1046 2667 1154 2733 suane

148 2757 226 2842 ipsis
248 2758 411 2842 praesidiis
434 2759 563 2844 indigna
584 2759 648 2825 iam
665 2758 770 2824 liberis
788 2781 914 2844 quoque
931 2783 970 2825 ac
988 2758 1153 2848 coniugibus

115 2871 129 2919 7
149 2861 179 2914 et
197 2872 278 2933 quae
296 2860 457 2935 captarum
475 2852 599 2918 urbium
618 2864 757 2918 extrema
779 2863 851 2919 sunt
872 2854 1082 2941 patiebantur.
1112 2855 1154 2919 ite

148 2964 210 3027 que
232 2965 303 3007 cum
326 2954 356 3009 et
378 2969 397 3010 a
415 2945 551 3011 Tarento
574 2958 605 3012 et
626 2971 645 3011 a
665 2945 859 3013 Samnitibus
882 2947 970 3015 fama
992 2959 1075 3016 esset
1090 2966 1152 3013 nou

147 3037 264 3103 auxilia
281 3050 426 3118 ventura,
447 3037 635 3106 Samnitium
653 3041 724 3127 plus
743 3064 837 3125 quam
854 3041 974 3108 vellent
990 3043 1072 3109 intra
1087 3060 1151 3107 mee

113 3149 129 3199 8
147 3131 200 3198 nia
218 3134 462 3212 asserebantur,
482 3135 722 3201 Tarentinorum
739 3135 933 3201 iuventutem
949 3133 1150 3203 GrasoiGas

148 3250 215 3307 cos,
242 3229 327 3295 haud
352 3231 456 3295 minus
482 3253 539 3315 per
560 3253 638 3314 qnos
663 3228 797 3298 Samniti
813 3229 1002 3316 Nolanoque
1024 3253 1112 3316 quam
1127 3232 1151 3291 ut

147 3320 299 3389 Romanis
318 3324 461 3390 hostibus
479 3324 672 3402 resisterent,
691 3324 924 3410 exspectabant.
952 3322 1151 3413 postremole·

114 3432 129 3481 e
147 3414 312 3481 vissimum
334 3418 487 3483 malorum
511 3418 626 3484 deditio
649 3418 690 3484 ad
706 3418 867 3484 Romanos
891 3419 970 3486 visa.
1008 3418 1150 3486 chanan

148 3519 179 3572 et
207 3508 384 3595 Nymphius
414 3513 571 3598 principes
603 3512 736 3579 civitatis
767 3512 999 3579 communicato
1029 3514 1149 3579 intera

148 3602 277 3667 oonsilio
295 3614 400 3689 partes
420 3606 544 3671 adrem
562 3605 717 3692 agendam
735 3605 883 3683 divisere,
907 3616 942 3671 ut
960 3607 1040 3675 alter
1056 3603 1116 3673 ad
1108 3624 1150 3669 ru·

146 3704 322 3781 peratorem
338 3697 552 3765 Romanorum
574 3699 867 3786 transfugerent
772 3698 903 3765 trdter
925 3700 1106 3767 subsisteret
1121 3690 1149 3759 ad

96 3809 129 3856 10
146 3787 690 3878 praebendamoportunameonsilio
703 3792 823 3859 urbem
848 3791 1018 3863 Charilaus
1030 3793 1095 3870 fuit,
1111 3782 1149 3872 qd

147 3884 187 3948 ad
204 3883 376 3951 Publilium
393 3886 559 3953 Philonem
577 3888 662 3952 venit
684 3896 728 3965 et,
756 3887 842 3971 quod
863 3887 1000 3968 bonum,
1022 3888 1149 3957 faustam,

147 3976 224 4044 felix
240 3978 484 4066 Palaepolitanis
506 3981 685 4067 populoque
702 3981 847 4047 Romano
870 3992 971 4063 esset,
995 3982 1107 4048 uadem
1124 3991 1148 4039 ⁸⁰
