2566 4524
147 238 214 308 484
369 250 488 305 LIBER
506 249 605 319 VHII,
623 248 716 306 3a39.
736 251 775 317 [a.
788 247 971 320 uadddllb]

147 408 246 498 pirius
265 407 303 475 C.
317 407 444 472 Iunium
460 406 640 472 Bubulcum
657 406 843 493 magistrum
861 405 1007 490 equitum
1023 406 1109 487 dixit3
1123 415 1163 474 at-

148 526 210 589 que
227 503 259 568 ei
273 501 378 589 legem
396 501 546 567 curiatam
560 501 599 566 de
612 501 743 586 imperio
756 499 869 566 ferenti
886 501 977 568 triste
991 523 1082 568 omen
1092 501 1164 570 diem

149 596 272 676 diffidit,
286 594 498 681 quodFaucia
515 594 601 660 curia
618 593 678 658 fuit
695 594 892 681 principium,
907 593 1035 663 duabus
1047 594 1165 684 insignis

149 689 306 769 cladibus,
329 699 439 775 captae
460 686 547 754 urbis
570 696 602 753 et
624 686 786 755 Caudinae
808 688 911 774 pacis,
936 690 1025 774 quod
1049 699 1165 776 utroque

100 808 131 856 16
149 807 231 851 anno
253 783 395 849 eiusdem
416 782 521 848 curiae
543 781 646 847 fuerat
670 782 878 869 principium
904 781 1023 850 Macer
1037 783 1166 850 Licinius

150 879 240 944 tertia
257 877 352 943 etiam
369 875 468 955 clade,
486 897 568 961 quae
585 876 626 941 ad
636 874 818 943 Cremeram
835 886 968 965 accepta
986 887 1047 958 est,
1064 876 1168 945 abomi-

148 972 285 1038 nandam
303 993 373 1036 eam
390 971 510 1037 curiam
527 969 612 1037 facit.

116 1089 129 1136 1
213 1064 437 1131 XXXVIIII.
472 1063 618 1131 Dictator
641 1073 768 1151 postero
791 1063 841 1130 die
863 1065 1019 1153 auspiciis
1044 1064 1167 1154 repetifis

147 1159 276 1248 pertulit
296 1158 414 1247 legem,
437 1167 469 1224 et
488 1157 649 1244 profectus
672 1181 744 1224 cum
764 1157 944 1246 legionibus
967 1162 1013 1228 ad
1034 1171 1168 1228 terrorem
1209 1218 1211 1227 .

149 1254 284 1321 traducti
302 1253 413 1318 silvam
426 1252 594 1319 Ciminiam
613 1251 767 1318 exercitus
785 1270 886 1340 nuper
903 1255 1032 1343 scriptis
1045 1255 1169 1322 adLon·
1209 1328 1211 1335 ,

116 1348 258 1436 agulam
282 1347 425 1435 pervenit
451 1347 649 1434 acceptisque
671 1369 691 1412 a
712 1345 836 1413 Marcio
863 1349 997 1416 consule
1024 1348 1168 1418 veteribus
1209 1368 1211 1401 ÷

149 1441 300 1508 militibus
326 1443 360 1506 in
385 1441 484 1507 aciem
506 1441 613 1527 copias
636 1441 752 1506 eduxit.
792 1441 984 1510 nechostes
1008 1444 1168 1511 detractare

148 1536 210 1601 visi
226 1558 376 1623 pugnam.
406 1536 575 1602 instructos
593 1534 706 1601 deinde
724 1544 934 1621 armatosque,
953 1559 1030 1602 cum
1047 1537 1088 1606 ab
1104 1559 1169 1604 neu·

116 1651 131 1698 3
149 1629 206 1695 tris
223 1630 376 1716 proelium
393 1629 557 1716 inciperet,
575 1651 640 1696 nox
657 1629 822 1716 oppressit.
858 1630 958 1715 quieti
977 1631 1167 1718 aliquamdiu,

149 1745 208 1790 nee
226 1723 292 1790 suis
310 1723 488 1791 diffidentes
503 1724 621 1804 viribus
639 1745 699 1790 nec
715 1722 838 1789 hostem
857 1735 1054 1810 spernentes,
1069 1727 1168 1793 stativa

115 1840 132 1886 4
148 1817 183 1883 in
199 1817 375 1906 propinquo
392 1817 539 1885 habuere.
575 1815 620 1852 '⁴'
630 1815 648 1852 *
660 1840 735 1883 nam
752 1827 784 1883 et
797 1841 871 1883 cum
878 1817 1078 1887 Vmbrorum
1094 1841 1168 1886 exer·

150 1912 214 1977 citu
231 1912 297 1978 acie
316 1913 531 1999 depugnatum
549 1910 720 1977 est-fusi
737 1921 851 1977 tamen
859 1913 964 2000 magis
983 1936 1082 1999 quam
1098 1912 1168 1981 caesi

116 2027 131 2074 5
150 2004 267 2083 hostes,
286 2005 361 2089 quia
378 2015 521 2091 coeptam
538 2006 651 2071 acriter
667 2028 732 2070 non
748 2005 920 2070 toleranmt
935 2030 1083 2096 pugnam
1094 2014 1168 2074 -ct

150 2098 192 2162 ad
205 2097 391 2164 Vadimonis
409 2098 514 2164 lacum
526 2098 655 2165 Etrusci
672 2099 743 2186 lege
761 2112 885 2166 sacrata
902 2112 1014 2168 coacto
1033 2102 1167 2179 exercitu.

150 2214 223 2257 cum
236 2193 284 2258 vir
297 2193 399 2258 virum
416 2192 555 2281 legisset,
569 2194 694 2278 quantis
711 2216 885 2278 numquam
902 2195 983 2262 alias
1002 2207 1076 2264 ante
1089 2191 1169 2263 simul

116 2311 131 2359 c
150 2287 248 2374 copiis
276 2287 370 2353 simul
396 2287 508 2354 animis
530 2288 725 2353 dimicarunt.
770 2298 919 2374 tantoque
940 2289 1063 2358 irarum
1085 2301 1168 2359 certa·

149 2383 233 2447 mine
255 2391 346 2470 gesta
367 2405 417 2448 res
441 2392 501 2461 est,
525 2392 560 2448 ut
581 2382 622 2448 ab
643 2392 754 2448 neutra
774 2392 863 2469 parte
885 2384 1007 2452 emissa
1030 2388 1094 2453 sint
1110 2387 1168 2452 tela

149 2477 262 2563 gladiis
280 2497 388 2564 pugna
405 2477 508 2563 coepit
521 2486 552 2542 et
565 2477 713 2542 acerrime
726 2478 896 2543 commissa
913 2478 987 2565 ipso
1002 2483 1168 2556 certamine,

149 2571 234 2654 quod
260 2571 452 2656 aliquamdiu
474 2593 590 2657 anceps
612 2570 685 2650 fuit,
712 2593 845 2637 accensa
871 2583 933 2651 est,
962 2584 1086 2642 utnon
1111 2596 1169 2641 cum

147 2664 293 2730 Etruscis
312 2665 425 2731 totiens
439 2665 540 2744 victis,
559 2666 616 2731 sed
634 2687 705 2730 cum
723 2666 828 2751 aliqua
844 2689 929 2732 nova
945 2680 1045 2754 gente
1064 2671 1169 2736 videre·

116 2767 201 2825 rtur
222 2758 379 2824 dimicatio
402 2781 482 2824 esse.
527 2759 605 2824 nihil
630 2759 670 2825 ab
696 2759 761 2825 ulla
786 2771 874 2847 parte
901 2774 1052 2830 movetur
1078 2765 1169 2851 fugae,

150 2852 266 2917 cadunt
283 2852 480 2940 antesignani
493 2863 533 2933 et,
547 2876 588 2920 ne
600 2855 758 2920 nudentur
774 2858 1069 2942 propugnatoribus
1083 2860 1169 2946 signa

114 2962 130 3011 8
148 2944 184 3010 fit
205 2966 246 3011 ex
267 2947 405 3012 secunda
426 2947 527 3034 prima
549 2948 642 3015 acies.
683 2948 723 3014 ab
745 2950 863 3014 ultimis
886 2951 1005 3018 deinde
1033 2951 1168 3020 subsidiis

148 3040 248 3106 cietur
264 3041 366 3120 miles,
384 3042 525 3127 adeoque
543 3043 585 3108 ad
601 3044 746 3108 ultimum
763 3043 879 3109 laboris
898 3067 937 3110 ac
956 3049 1093 3132 periculi
1109 3069 1169 3113 ven·

147 3140 215 3200 tum
232 3144 290 3214 est,
309 3144 345 3200 ut
362 3137 482 3221 equites
495 3136 632 3203 Romani
650 3137 775 3203 omissis
793 3138 882 3222 equis
901 3139 943 3204 ad
962 3142 1085 3226 primos
1104 3140 1170 3208 ordi·

146 3250 203 3294 nes
229 3229 371 3314 peditum
396 3252 453 3316 per
478 3253 578 3309 arma,
600 3253 657 3318 per
683 3253 812 3318 corpora
835 3233 1011 3300 evaserint:
1039 3260 1079 3303 ea
1099 3236 1169 3300 velut

146 3344 230 3388 nova
246 3324 327 3390 inter
344 3324 447 3391 fessos
465 3335 573 3390 exorta
591 3326 674 3392 acies
693 3326 829 3392 turbavit
849 3326 943 3414 signa
961 3328 1168 3398 Etruscorum

114 3436 128 3484 9
149 3426 256 3481 secuta
281 3418 393 3484 deinde
423 3419 575 3506 impetum
601 3442 723 3499 eorum,
750 3431 922 3506 utcumque
950 3426 1082 3493 adfecta
1106 3440 1167 3499 crat,

97 3528 129 3576 10
148 3522 251 3576 cetera
268 3513 435 3579 multitudo
454 3516 579 3581 tandem
597 3516 770 3603 perrumpit
783 3517 909 3583 ordines
928 3517 1084 3588 hostium.
1109 3533 1167 3586 tunc

147 3604 231 3670 vinci
251 3607 422 3690 pertinacia
444 3620 554 3696 coepta
576 3620 607 3676 et
628 3611 726 3677 averti
748 3611 901 3699 manipuli
924 3616 1060 3698 quidam
1082 3625 1121 3694 et,
1140 3621 1166 3676 ut

98 3717 127 3765 11
148 3700 245 3766 semel
257 3700 372 3766 dedere
385 3713 483 3791 terga,
498 3706 592 3771 etiam
610 3706 772 3772 certiorem
790 3729 959 3794 capessere
979 3712 1099 3801 fugam.
1125 3707 1165 3773 ille

146 3795 283 3882 primum
300 3795 367 3862 dies
385 3796 511 3865 fortuna
528 3813 631 3867 vetere
650 3800 846 3868 abundantes
854 3801 1071 3874 Etruscorum
1088 3800 1164 3888 fregit

147 3912 232 3976 opes.
270 3913 397 3957 caesum
413 3891 447 3957 in
464 3895 531 3959 acie
548 3896 633 3979 quod
650 3894 771 3962 roboris
789 3895 860 3976 fuit,
879 3908 989 3968 castra
1007 3924 1045 3970 eo
1062 3902 1163 3987 impetu

92 4055 94 4059 ι
147 3994 239 4070 capta
256 3986 448 4074 direptaque.
