2566 4524
323 113 441 168 LIBER
458 111 557 183 VIIII,
576 111 673 170 15.16.
693 117 732 184 [a.
745 111 775 169 (l.
783 114 843 170 320.
851 115 915 186 319]
1070 101 1133 168 ²157

103 283 245 340 ceterum
267 272 417 358 quoniam
434 269 474 337 ab
492 270 635 338 hostibus
654 271 687 337 in
705 295 739 338 se
750 246 860 358 ‘aequa
877 273 972 338 statui
989 295 1085 358 quam
1101 277 1169 344 ino
1279 350 1281 354 μ

100 368 221 456 seipsi
242 369 324 437 ferre
345 366 527 445 maluerint,
553 367 696 434 nuntiare
713 367 884 433 Luceriam
905 367 1010 448 iussit,
1037 393 1133 449 arma,

98 467 258 544 sarcinas,
288 465 441 543 iumenta,
473 463 704 529 multitudinem
730 486 855 530 omnem
880 462 1028 530 inbellem
1054 466 1135 532 intra

97 560 230 628 moenia
249 559 474 646 relinquerent3
496 559 627 624 militem
646 581 680 624 se
698 581 770 625 cnm
789 558 921 647 singulis
939 560 1168 633 vestimentisc

99 655 162 724 sub
189 656 302 743 iugum
327 653 512 732 missurum,
539 654 742 720 ulciscentem
764 654 907 735 inlatam,
933 675 998 721 non
1018 679 1134 721 novam

97 752 291 820 inferentem
316 748 530 837 ignominiam.
570 748 648 814 nihil
673 758 862 816 recusatum.
903 758 1024 836 septem
1049 750 1169 819 miliat

96 847 238 914 militum
252 843 436 932 subiugum
450 843 548 909 missa
560 844 739 930 praedaque
752 843 865 931 ingens
874 843 1030 911 Luceriae
1044 857 1136 931 capta

96 940 238 1027 receptis
252 938 398 1005 omnibus
413 937 512 1024 signis
526 938 693 1022 armisque,
707 960 789 1023 quae
798 938 840 1003 ad
850 937 1008 1004 Caudium
1018 940 1136 1005 amissa

97 1044 193 1102 erant
212 1044 256 1112 et,
275 1033 362 1118 quod
376 1033 482 1098 omnia
495 1031 664 1119 superabat
680 1033 811 1120 gaudia,
831 1032 987 1119 equitibus
1005 1055 1136 1120 recupe-

98 1130 194 1208 ratis,
215 1150 294 1213 quos
307 1126 440 1213 pignora
452 1126 540 1212 pacis
555 1125 776 1192 custodiendos
789 1126 960 1192 Luceriam
975 1124 1134 1195 Samnites

97 1225 265 1292 dederant.
296 1220 382 1287 haud
394 1220 493 1286 ferme
511 1221 573 1287 alia
589 1221 761 1287 mutatione
780 1221 885 1287 subita
901 1244 1006 1288 rerum
1024 1222 1135 1289 clarior
1152 1244 1169 1293 8

97 1318 236 1386 victoria
248 1317 357 1404 populi
365 1315 501 1382 Romani
515 1325 577 1395 est,
598 1315 626 1381 si
639 1316 767 1400 quidem
780 1316 888 1395 etiam,
907 1318 992 1402 quod
1004 1317 1135 1402 quibus-

98 1416 178 1482 dam
195 1413 231 1479 in
247 1410 412 1478 annalibus
430 1410 571 1489 invenio,
593 1409 727 1476 Pontius
745 1409 889 1477 Herenni
907 1411 990 1477 filius
1010 1408 1155 1478 Samni--

97 1512 182 1577 tium
209 1508 391 1594 imperator,
419 1515 453 1570 ut
475 1506 616 1593 expiaret
637 1506 802 1571 consulum
829 1505 1047 1594 ignominiam,
1076 1507 1136 1574 sub

98 1605 217 1692 iugum
238 1624 311 1667 cum
333 1600 445 1666 ceteris
467 1611 516 1666 est
537 1601 665 1666 missus.
702 1609 840 1666 ceterum
857 1601 891 1666 id
908 1601 1012 1667 minus
1029 1602 1134 1680 miror,
1153 1621 1171 1670 a

100 1699 277 1766 obscurum
299 1719 370 1763 esse
389 1696 428 1762 de
445 1694 584 1762 hostium
601 1695 682 1761 duce
700 1696 806 1761 dedito
823 1696 998 1781 missoque3
1020 1697 1053 1762 id
1069 1720 1137 1762 ma-

101 1795 154 1882 gis
171 1791 315 1858 mirabile
333 1801 395 1869 est,
414 1791 545 1878 ambigi,
564 1790 728 1858 Luciusne
739 1790 904 1858 Cornelius
918 1792 1051 1858 dictator
1063 1814 1136 1857 curn

102 1890 146 1954 L.
157 1887 286 1974 Papirio
302 1885 440 1951 Cursore
457 1886 609 1972 magistro
627 1886 768 1970 equitum
786 1909 840 1952 eas
858 1909 909 1952 res
923 1887 964 1952 ad
978 1884 1137 1952 Caudium

103 1993 199 2069 atque
221 1981 295 2046 inde
317 1980 487 2046 Luceriam
513 1982 648 2067 gesserit
674 1981 818 2066 ultorque
839 1981 951 2046 unicus
973 1980 1136 2048 Romanae
1157 2000 1188 2049 10

102 2076 309 2167 ignominiae,
336 2075 422 2141 haud
445 2075 541 2141 sciam
565 2098 606 2139 an
627 2075 800 2140 iustissimo
823 2075 981 2162 triumpho
1003 2076 1044 2141 ad
1067 2098 1136 2140 eam

103 2182 241 2240 aetatem
273 2170 445 2237 secundum
471 2169 603 2238 Furium
631 2167 801 2235 Camillum
832 2169 1070 2255 triumphaverit
1097 2192 1138 2234 an

104 2267 272 2336 consulum
293 2266 474 2354 Papiriique
496 2265 700 2353 praecipuum
726 2264 759 2329 id
785 2265 882 2330 decus
909 2265 959 2329 sit.
996 2264 1137 2350 sequitur
1155 2286 1187 2336 11

104 2364 190 2429 hunc
208 2384 345 2428 errorem
364 2361 443 2427 alius
462 2384 557 2440 error,
577 2359 737 2426 Cursorne
749 2357 897 2447 Papirius
915 2359 1067 2446 proximis
1085 2382 1138 2426 co-

107 2457 202 2523 mitiis
216 2479 290 2522 curn
304 2455 345 2539 Q.
355 2455 453 2522 Aulio
464 2456 634 2522 Cerretano
647 2455 761 2520 iterum
774 2453 815 2520 ob
832 2477 899 2520 rem
916 2453 997 2520 bene
1014 2463 1139 2542 gestam

105 2552 264 2619 Luceriae
286 2551 465 2617 continuato
483 2549 669 2636 magistratu
686 2549 796 2615 consul
814 2549 937 2614 tertium
956 2559 1078 2615 creatus
1098 2549 1139 2614 sit

104 2672 146 2716 an
162 2647 207 2714 L.
225 2645 372 2732 Papirius
390 2645 576 2733 Mugilanus
594 2654 626 2710 ct
641 2646 676 2710 in
693 2645 881 2733 cognomine
898 2653 1034 2711 erratum
1053 2644 1102 2710 sit.

169 2741 268 2808 XVI.
305 2740 475 2820 Convenit,
497 2741 561 2806 iarn
579 2741 652 2808 inde
673 2763 731 2827 per
752 2741 898 2808 consules
921 2742 1042 2827 reliqua
1063 2740 1139 2808 belli
1158 2762 1171 2810 1

105 2837 257 2926 perfecta.
299 2837 414 2902 Aulius
436 2858 508 2902 cum
526 2836 692 2901 Frentanis
711 2856 774 2901 uno
793 2837 931 2903 secundo
948 2837 1067 2924 proelio
1085 2839 1139 2902 de-

105 2931 236 2999 bellavit
256 2931 431 3018 urbemque
452 2933 569 3018 ipsam,
596 2953 658 3015 quo
686 2951 720 2995 se
746 2929 820 2996 lusa
846 2931 1019 2996 contulerat
1045 2932 1138 3008 acies,

109 3026 273 3094 obsidibus
300 3027 460 3113 imperatis
486 3027 520 3091 in
545 3026 736 3092 deditionem
759 3025 888 3111 accepit.
924 3025 992 3112 pari
1014 3025 1174 3092 fortunaa

107 3121 222 3190 consul
238 3121 318 3187 alter
334 3144 406 3187 cum
426 3119 612 3201 Satricanis,
635 3122 690 3206 qui
708 3120 793 3186 cives
810 3120 950 3186 Romani
963 3128 1037 3206 post
1055 3118 1141 3185 Cau-

106 3217 217 3284 dinam
239 3217 362 3282 cladem
383 3216 424 3283 ad
443 3214 602 3284 Samnites
620 3215 800 3281 defecerant
815 3213 1069 3301 praesidiumque
1087 3237 1140 3280 ec·

106 3334 179 3379 rum
205 3311 240 3376 in
265 3309 376 3376 urbem
407 3321 605 3398 acceperant,
640 3333 707 3375 rem
738 3309 847 3398 gessit.
891 3332 965 3375 nam
995 3332 1068 3377 cum
1099 3311 1173 3377 ads

105 3405 235 3472 moenia
254 3402 369 3472 Satrici
391 3405 535 3471 admotus
558 3413 643 3471 esset
664 3403 819 3470 exercitus
840 3402 1016 3490 legatisque
1033 3404 1139 3471 missis

105 3501 149 3568 ad
173 3521 287 3588 pacem
314 3522 387 3566 cum
412 3499 558 3585 precibus
585 3498 753 3585 petendam
780 3499 868 3563 triste
889 3520 1077 3585 responsum
1100 3498 1140 3564 ab

107 3594 241 3663 consule
266 3593 424 3660 redditum
446 3603 543 3672 esset,
569 3593 632 3658 nisi
653 3592 810 3679 praesidio
834 3590 1024 3659 Samnitium
1046 3593 1141 3658 inter·

105 3691 194 3759 fecto
216 3699 272 3756 aut
293 3688 464 3757 traditona
482 3689 523 3755 ad
542 3710 576 3756 se
592 3697 781 3767 remearent,
803 3687 876 3775 plus
894 3709 932 3753 ea
948 3709 1027 3753 voce
1044 3707 1140 3770 quam

64 3830 68 3835 -
105 3785 204 3854 armis
231 3782 337 3850 inlatis
363 3782 488 3850 terroris
520 3782 638 3850 colonis
669 3783 827 3850 iniectum.
870 3781 976 3867 itaque
1007 3778 1176 3847 subinde4

105 3890 284 3949 execuntur
305 3880 484 3965 quaerendo
506 3902 526 3946 a
547 3880 676 3948 consule
698 3879 809 3968 legati,
833 3902 969 3965 quonam
991 3899 1026 3946 se
1046 3887 1140 3964 paeto
