2566 4524
146 244 212 312 390
362 253 480 310 LIBER
497 250 569 323 Vll,
587 252 630 308 37.
642 252 685 309 38.
705 255 743 322 [a
752 268 781 308 ιι.
791 268 817 309 c.
827 249 890 309 411.
902 250 967 324 412]

2 424 6 433 '
99 439 127 487 11
148 416 372 483 fmmsntatum
389 433 446 500 per
463 434 557 500 agros
574 410 705 477 militem
728 410 816 478 duci:
842 411 970 479 interim
991 412 1090 500 quieto
1104 412 1152 479 lio-

146 532 254 590 mano,
290 509 345 595 qui
376 507 540 595 expeditus
566 516 720 592 quantum
746 506 863 574 umeris
890 507 974 575 inter
998 530 1083 575 erma
1104 506 1152 597 geri

98 627 129 677 ιι
146 615 255 696 posset
271 603 420 671 frumenti
439 624 547 669 secum
564 599 732 681 attulisset,
756 600 905 669 defutura
921 603 1037 671 omnia.
1067 602 1153 671 consul

146 701 268 789 palatos
294 720 351 786 per
378 719 472 787 agros
499 718 571 763 oum
598 696 729 764 vidisset
753 696 877 777 hostes,
905 699 1058 767 stationes
1081 698 1152 765 inire-

58 870 63 877 ,
147 804 279 880 quentes
300 792 439 871 relictas,
465 791 576 879 paucis
597 790 713 858 milites
736 791 921 859 adhortatus
945 793 988 860 ad
1004 803 1154 880 matreq-

97 912 129 961 ιι
147 889 319 978 pugnanda
340 887 436 954 ducit
480 908 562 973 quos
579 909 651 954 oum
668 886 771 975 primo
788 887 926 955 clamore
945 898 1044 1003 atqus
1058 888 1154 977 impetu

148 987 283 1073 cepisset
304 982 446 1095 pluribus
464 982 630 1051 hostium
620 1008 654 1049 ιιι
672 983 813 1051 tentoriis
831 984 897 1051 suis
914 1005 1015 1071 quam
1032 985 1065 1053 in
1078 984 1154 1073 portis

146 1081 292 1167 valloque
318 1080 434 1158 caesis,
462 1078 553 1166 signa
579 1088 651 1166 capt
651 1078 703 1144 iva
729 1079 762 1143 in
787 1101 886 1145 unum
911 1079 1022 1147 locum
1047 1078 1158 1148 conteni

147 1176 253 1254 iussit,
271 1174 450 1259 relictisque
468 1171 592 1240 duabus
609 1171 788 1262 legionibus
806 1173 972 1242 custodiae
988 1184 1022 1242 et
1034 1173 1158 1263 praesidi

148 1293 244 1337 causa
269 1268 358 1358 gravi
385 1268 487 1334 edicto
513 1267 654 1347 monitis,
686 1278 734 1347 ut,
767 1268 901 1335 donec
892 1291 963 1356 ipse
989 1272 1160 1347 revertisset,

98 1385 131 1433 14
146 1365 265 1453 praeda
277 1364 482 1442 abstruerent
500 1362 661 1450 profectus
676 1382 802 1450 agmine
814 1363 985 1442 instructo
1004 1386 1079 1430 cum
1090 1386 1162 1452 prae
1201 1406 1204 1457 Ι

147 1458 263 1525 missus
287 1479 383 1542 eques
405 1456 493 1523 velut
514 1455 663 1545 indagine
685 1456 854 1544 dissipatos
878 1456 1042 1526 Samnites
1064 1468 1204 1548 ageret,
1200 1503 1204 1539 ι

97 1573 130 1622 15
149 1553 278 1619 caedem
303 1552 465 1640 ingentem
491 1551 577 1617 fecit.
621 1573 696 1616 nam
720 1573 823 1638 neque
849 1573 913 1639 quo
941 1553 1037 1642 signo
1064 1555 1204 1622 coirent.

147 1648 193 1712 int
194 1668 228 1713 er
250 1668 284 1713 se
305 1666 407 1732 neque
425 1655 531 1712 utrum
549 1655 652 1712 castra
667 1666 708 1733 pe
709 1654 810 1712 terent
827 1670 869 1712 an
885 1647 1090 1735 longiorem'
1079 1658 1204 1737 mter·

99 1762 130 1812 16
148 1743 256 1808 derent
277 1741 402 1829 fugam,
426 1740 541 1807 territis
559 1750 702 1807 constare
719 1750 856 1827 poterat·
879 1751 1068 1830 tantumque
1084 1704 1204 1849 fugas!¹

148 1860 185 1904 ao
202 1837 378 1904 formidinis
396 1835 471 1915 fuit,
489 1846 525 1902 ut
512 1834 583 1902 tad
600 1835 808 1948 qnadraginta
824 1836 911 1903 milia
929 1847 1106 1918 scutorum,
1122 1858 1204 1903 ne-

148 1954 307 2016 quaquam
329 1940 374 1996 tot
396 1930 510 2009 caesis,
538 1940 570 1996 et
591 1931 683 2018 signa
704 1930 849 1997 militaria
870 1954 944 1998 oum
965 1933 1022 2013 iis,
1050 1932 1167 2020 quaein
1201 1986 1204 2021 i

148 2026 259 2090 castris
282 2035 374 2110 capta
396 2033 497 2102 erant,
524 2024 564 2089 ad
587 2036 659 2090 cent
658 2048 713 2090 um
736 2027 936 2114 septuaginta
957 2027 1000 2094 ad
1018 2028 1167 2096 consulem
1202 2036 1204 2075 t

98 2142 130 2190 ιι
149 2118 352 2185 deferrentur.
384 2128 453 2184 tum
469 2119 502 2185 in
520 2127 624 2185 castra
640 2121 779 2186 hostium
795 2121 932 2188 reditum
949 2121 1061 2209 ibique
1078 2121 1166 2191 omnis

147 2215 265 2302 praeda
281 2213 371 2279 militi
390 2214 472 2280 data.

115 2330 128 2378 1
212 2308 419 2376 XXXVIII.
442 2308 549 2376 Huius
564 2310 743 2377 certaminis
757 2309 883 2376 fortuna
897 2320 929 2377 et
936 2310 1093 2392 Faliscos,
1107 2333 1168 2378 cum

147 2409 180 2473 in
197 2407 326 2473 indutiis
345 2416 464 2484 essent,
483 2407 596 2472 foedus
613 2417 720 2494 petere
738 2406 779 2473 ab
798 2417 908 2474 senatu
926 2409 1048 2496 coegit,
1068 2421 1098 2476 et
1113 2409 1169 2474 Ia·

148 2503 230 2568 tinos
249 2504 312 2568 iam
330 2501 519 2568 exercitibus
538 2503 715 2588 conparatis
729 2501 770 2568 ab
783 2501 928 2569 Romano
941 2503 976 2568 in
988 2502 1168 2592 Paelignum

113 2618 129 2666 a
147 2598 240 2665 vertit
256 2596 385 2665 bellum.
426 2618 529 2682 neque
545 2597 590 2662 ita
606 2597 653 2662 rei
669 2606 779 2685 gestae
796 2596 883 2663 fama
898 2597 992 2664 Italia
1012 2622 1048 2666 se
1065 2597 1169 2664 finibus

147 2693 260 2771 tonuit,
294 2692 351 2758 sed
378 2691 656 2779 Carthaginienses
687 2714 812 2778 quoque
838 2692 961 2780 legatos
986 2694 1169 2782 gmtulatnm

147 2789 284 2853 Romam
306 2788 420 2853 misere
439 2808 512 2852 oum
530 2808 663 2853 coronae
681 2809 794 2854 aureae
812 2787 907 2867 donc,
931 2808 1015 2873 quae
1032 2789 1067 2855 in
1085 2785 1169 2874 Capi·

148 2881 224 2947 tolio
241 2881 274 2946 in
291 2880 378 2947 Iovis
397 2880 476 2947 cella
493 2890 669 2968 poneretur.
696 2882 757 2948 fuit
774 2882 880 2969 pondo
897 2882 1014 2970 viginti
1032 2884 1167 2970 quinque

114 2987 130 3036 s
148 2974 293 3042 consules
311 2974 405 3042 ambo
424 2975 463 3042 de
483 2974 679 3042 Samnitibus
697 2975 929 3063 triumpharunt
947 2988 1101 3063 sequente
1111 2976 1168 3045 De·

148 3070 197 3138 cio
223 3070 340 3158 insigni
366 3093 439 3136 oum
464 3070 558 3136 laude
581 3070 748 3156 donisque,
776 3093 849 3139 eum
869 3071 1034 3140 incondito
1055 3069 1167 3140 miliari

147 3167 217 3232 ioco
239 3165 325 3232 haud
346 3165 450 3232 minus
473 3162 590 3230 tribuni
611 3164 733 3232 celebre
755 3187 871 3232 nomen
893 3188 989 3251 quam
1014 3166 1166 3235 oonsnlm

149 3272 243 3328 esset.

31 3384 35 3389 ·
113 3376 131 3424 4
214 3353 450 3441 Campanorum
464 3354 576 3420 deinde
591 3351 886 3440 Suessanorumque
898 3355 1034 3423 auditae
1051 3355 1165 3446 legatio·

147 3470 204 3513 nes
210 3472 219 3527 3
242 3449 505 3535 precantibusque
524 3449 646 3529 datum,
668 3459 704 3516 ut
720 3450 914 3537 praesidium
932 3471 971 3516 eo
992 3450 1030 3518 in
1051 3451 1163 3519 hibern

114 3541 334 3621 amitteretur,
362 3564 425 3627 quo
449 3540 640 3610 Samnitium
665 3545 867 3611 excursiones
890 3555 1082 3613 arcerentur.
1113 3544 1162 3610 ian

147 3646 215 3702 tum
246 3636 373 3703 minime
400 3638 534 3704 salubris
560 3638 687 3704 militari
713 3638 896 3727 disciplinae
924 3637 1041 3727 Capua
1066 3641 1162 3707 instu-

146 3740 252 3797 mento
266 3730 405 3797 omnium
419 3733 569 3820 voluptat
560 3756 626 3798 rum
640 3733 792 3799 delenitos
805 3732 941 3799 militum
955 3735 1079 3802 animos
1091 3751 1162 3803 ere·

146 3828 184 3894 tit
171 3827 396 3894 tamemoria
416 3829 550 3916 patriao;
577 3827 800 3914 inibanturque
821 3828 989 3896 consilia
980 3853 1017 3896 m
1041 3823 1160 3898 hiberni!

147 3922 258 3990 eodem
276 3922 393 3989 scelere
406 3923 591 3990 adimendae
606 3922 779 4010 Campanis
794 3922 940 4010 Capuae,
959 3946 1018 4012 per
1034 3914 1160 4011 quodli

113 4034 128 4083 o
147 4038 216 4082 eam
234 4017 370 4103 antiquis
389 4017 560 4085 cultoribus
579 4019 785 4086 ademissent:
758 4029 907 4106 tneque
919 4019 1069 4088 inmerito
1085 4032 1159 4088 mun
