2566 4524
327 112 446 168 LIBER
462 113 506 184 X,
523 114 565 170 16.
578 115 621 171 17.
639 118 677 186 [a.
688 114 718 169 C.
726 111 785 165 291.
794 111 858 181 296]
1037 102 1098 168 511

79 291 170 357 regno
184 278 309 357 cogant
338 267 514 336 Samnitem
530 270 592 337 illis
611 271 781 338 exercitum
796 281 949 359 paratum,
966 271 1101 337 instruc·
1118 295 1135 343 a

79 375 138 431 bam
156 365 268 444 armis,
286 365 444 452 stipendio
462 367 601 446 veniase3
627 367 794 433 confestim
811 381 987 451 secuturos,
1004 369 1056 435 vel
1073 371 1101 435 si

76 461 233 547 adipsum
250 460 429 528 Romanam
445 461 556 528 urbem
573 465 817 551 oppuguandam
834 465 959 530 ducant

133 552 251 620 XVII.
286 554 380 621 Haec
405 577 461 622 eos
486 555 521 621 in
544 555 673 622 Etruria
697 557 848 624 iactantes
873 559 1131 644 molientesque1

72 647 190 716 bellum
207 649 294 716 domi
309 649 490 718 Romanum
507 650 626 717 urebat
661 676 736 718 nam
751 652 791 721 P.
804 653 936 736 Decius,
953 655 1009 722 ubi
1025 677 1101 721 con-

71 743 149 831 perit
171 764 231 831 per
250 743 479 830 exploratores,
504 746 681 832 profectum
704 744 894 814 Samnitium
918 749 1099 828 exercitum,

71 837 226 905 advocato
247 837 380 905 consilio
402 838 494 924 ‘quid
510 861 567 927 per
583 838 690 929 agros'
709 840 811 925 inquit
832 848 999 930 ‘vagamur
1014 843 1100 909 vica·
1117 859 1134 907 2

71 929 126 999 dm
147 930 408 999 choumferentes
429 932 568 1000 bellum?
591 933 667 1019 quin
683 934 777 1002 urbes
795 944 827 1001 et
842 935 968 1002 moenia
988 937 1101 1023 adgre-

69 1025 195 1093 dimur?
228 1026 336 1094 nullus
356 1028 421 1093 iam
442 1029 598 1095 exercitus
622 1026 755 1095 Samnio
772 1029 939 1116 praesidet.
974 1050 1098 1096 cessere

68 1119 187 1187 linibus
204 1141 244 1186 ac
261 1119 388 1188 sibimet
403 1121 466 1209 ipsi
482 1122 612 1189 exilium
628 1123 828 1189 conscivere?
853 1122 1097 1210 adprobantibus
1116 1141 1134 1190 a

68 1212 193 1281 cunctis
211 1213 254 1280 ad
266 1213 484 1302 Murgantiam
500 1216 637 1282 validam
654 1215 764 1282 urbem
781 1218 1023 1304 oppugnandam
1041 1217 1099 1282 du-

68 1307 125 1387 cit3
152 1316 324 1393 tantusque
345 1309 439 1376 ardor
458 1309 594 1375 militum
614 1309 675 1375 fuit
691 1320 723 1377 et
740 1311 868 1376 caritate
884 1311 974 1376 ducis
992 1319 1024 1375 et
1041 1333 1098 1395 spe

67 1401 197 1468 maioris
223 1423 320 1485 quam
341 1424 382 1469 ex
407 1403 584 1490 agrestibus
609 1403 862 1490 populationibus
888 1404 1036 1492 praedae,
1063 1413 1099 1469 ut

68 1517 132 1561 uno
159 1495 213 1561 die
233 1495 267 1560 vi
287 1506 382 1581 atque
408 1498 504 1564 armis
529 1497 640 1563 urbem
665 1507 820 1584 caperent.
860 1498 906 1565 ibi
926 1499 990 1564 duo
1012 1498 1098 1565 milia
1115 1515 1133 1563 4

70 1586 265 1656 Samnitium
282 1598 314 1655 et
331 1599 458 1657 centum
474 1602 652 1680 pugnantes
670 1592 872 1658 circumventi
888 1591 1046 1679 captique,
1067 1602 1098 1657 et

66 1682 131 1750 alia
146 1682 268 1770 praeda
287 1684 402 1773 ingens
419 1694 512 1772 capta
527 1695 586 1751 est
621 1706 702 1770 quae
722 1707 763 1751 ne
783 1685 1003 1773 inpedimentis
1025 1709 1098 1772 gra·

67 1776 163 1844 vibus
189 1799 306 1866 agmen
331 1789 487 1858 oneraret,
519 1779 684 1846 convocari
708 1779 822 1847 milites
847 1779 968 1846 Decius
997 1779 1095 1846 iubet.

67 1870 211 1937 ‘hacine’
226 1871 328 1957 iuquit
346 1871 490 1939 ‘victoria
507 1873 575 1940 sola
591 1883 646 1939 aut
662 1874 722 1940 hac
737 1875 856 1962 praeda
867 1874 1004 1941 contenti
1020 1873 1097 1940 estis
1116 1893 1132 1940 5

65 1963 187 2032 futuri?
221 1964 317 2031 vultis
334 1988 392 2032 vos
410 1988 468 2053 pro
484 1966 599 2032 viante
616 1991 689 2054 spes
706 1991 830 2056 gerere:
849 1990 957 2036 omnes
973 1966 1099 2035 Samni-

64 2059 149 2126 tium
169 2059 265 2126 urbes
287 2059 494 2146 fortunaeque
514 2061 547 2126 iu
568 2062 700 2129 urbibus
721 2063 846 2128 relictae
867 2074 991 2129 vestrae
1013 2073 1095 2141 sunt,

63 2154 197 2240 quaudo
213 2154 355 2242 legiones
372 2176 481 2222 eorum
498 2165 546 2223 tot
560 2157 687 2243 proeliis
704 2155 793 2222 fusas
810 2166 967 2244 postremo
980 2155 1096 2221 finibus

63 2246 244 2334 expulistis.
280 2249 406 2316 vendite
426 2250 489 2315 ista
510 2260 543 2316 et
562 2249 679 2317 inlicite
702 2250 790 2315 lucro
816 2257 1033 2326 mercatorem,
1061 2258 1130 2317 uto

64 2350 220 2426 sequatur
241 2364 374 2429 agmen:
400 2365 462 2431 ego
483 2342 617 2410 subinde
643 2365 811 2431 suggeram
836 2364 917 2428 quae
942 2342 1095 2407 vendatis.

64 2436 108 2502 ad
128 2435 321 2503 Romuleam
346 2436 457 2504 urbem
482 2437 556 2503 hinc
581 2459 705 2516 eamus,
734 2437 787 2503 ubi
812 2459 869 2502 vos
895 2433 985 2502 labor
1008 2434 1095 2501 haud

63 2529 182 2608 maior,
204 2531 324 2617 praeda
344 2531 445 2597 maior
465 2531 589 2598 manet'
623 2531 782 2596 divendita
803 2530 920 2616 praeda
939 2529 1021 2594 ultro
1040 2529 1129 2592 :ad-t

62 2623 231 2691 hortantes
255 2623 477 2711 imperatorem
498 2624 540 2691 ud
560 2625 747 2692 Romuleam
768 2634 912 2713 pergunt
950 2623 996 2689 ibi
1017 2645 1096 2708 quo-
1245 2622 1251 2633 “

62 2740 130 2805 que
149 2718 218 2785 sine
236 2740 344 2807 opere,
363 2720 433 2786 siue
450 2720 626 2798 tormentis,
650 2721 743 2786 simul
760 2721 887 2787 admota
903 2727 977 2786 sunt
993 2717 1094 2804 signa,

61 2813 156 2879 nulla
168 2813 200 2878 vi
213 2812 351 2879 deterriti
364 2837 384 2879 a
396 2814 504 2891 muris,
518 2835 581 2898 qua
593 2815 706 2897 cuique
722 2815 900 2899 proximum
917 2813 986 2890 fuit,
1002 2813 1095 2879 scalis

62 2907 183 2993 raptim
205 2907 341 2974 admotis
362 2906 396 2972 in
414 2909 538 2975 moenia
559 2929 698 2973 evasere.
737 2920 862 2993 captum
885 2906 1034 2991 oppidum
1057 2917 1129 2972 acc

62 3000 226 3087 direptum
244 3010 307 3066 est:
334 3001 375 3066 ad
392 3002 456 3068 duo
473 3001 559 3068 milia
577 3012 608 3067 et
624 3001 753 3066 trecenti
773 3000 868 3066 occisi
887 3012 918 3064 et
935 3020 992 3062 sex
1008 2998 1095 3063 milia

61 3092 232 3161 homiuum
253 3104 345 3181 capta
352 3119 363 3174 3
388 3106 420 3160 et
441 3095 532 3161 miles
556 3094 676 3183 ingenti
700 3093 816 3180 praeda
840 3093 973 3179 potitus,
999 3101 1128 3176 quomo
1196 3174 1200 3181 1

61 3187 218 3265 vendere,
242 3187 324 3254 sicut
339 3187 490 3275 priorem,
513 3199 639 3256 coactus
656 3187 858 3254 Ferentinum
875 3186 963 3261 inde,
985 3206 1095 3267 quam·

61 3302 165 3367 quam
176 3280 255 3347 nihil
268 3282 382 3367 quietis
395 3281 537 3361 dabatur,
547 3292 652 3349 tamen
665 3280 958 3348 summa‘alacritate
971 3278 1093 3343 ductus.

61 3385 208 3443 catarum
219 3374 265 3441 ibi
276 3375 350 3463 plus
362 3375 478 3442 laboris
491 3397 529 3441 ac
540 3375 670 3463 periculi
686 3374 755 3440 fuit
783 3383 814 3440 et
827 3374 957 3439 defensa
971 3395 1095 3438 summa
1114 3393 1145 3441 10

60 3470 98 3537 vi
115 3469 244 3536 moenia
260 3479 335 3536 sunt
352 3480 384 3537 et
398 3470 487 3536 locus
505 3479 572 3537 erat
588 3463 782 3535 munimehto
803 3478 974 3555 naturaque
992 3479 1093 3532 tutus:

62 3566 124 3632 sed
150 3565 246 3632 evicit
267 3565 373 3630 omnia
399 3563 548 3631 adsuetus
570 3563 704 3652 praedae
726 3562 825 3629 miles.
861 3563 902 3629 ad
923 3562 985 3630 tria
1008 3561 1095 3625 milia

61 3659 207 3728 hostium
233 3659 318 3726 circa
342 3680 449 3724 muros
475 3680 585 3738 caesa3
612 3660 729 3745 praeda
753 3658 860 3724 militis
886 3656 955 3722 fuit.
999 3653 1093 3717 huius
1113 3671 1143 3719 11

61 3763 321 3844 oppugnatarum
342 3752 467 3819 urbium
488 3754 609 3819 decoris
631 3776 703 3840 pars
729 3753 829 3818 maior
849 3752 883 3816 in
903 3746 1092 3833 quibusdam

59 3848 234 3916 omatibus
255 3849 299 3913 ad
315 3847 494 3912 Maximum
515 3848 659 3914 trahitur:
685 3845 900 3933 Murgantiam
921 3839 961 3905 ab
978 3836 1091 3917 Decio,
