2566 4524
137 274 199 339 164
382 285 500 340 LIBER
518 284 575 356 111,
594 283 706 339 42-44.
725 288 764 352 [a.
772 302 800 340 u.
813 284 912 355 c.305]

132 446 287 533 flagitium
308 443 341 508 in
362 441 497 529 Algido,
524 443 623 506 maior
645 441 739 506 etiam
762 442 868 507 clades
890 452 1037 530 accepta:
1064 456 1159 511 castra

133 564 259 626 quoque
277 541 394 606 amissa
415 549 517 616 erant,
541 552 717 621 exutusque
736 538 882 603 omnibus
900 539 1091 604 utensilibus
1109 541 1159 605 mi·

137 636 183 702 les
203 634 378 700 Tusculum
396 655 444 710 se,
463 633 524 697 fide
542 632 816 715 misericordiaque
834 633 975 699 victurus
993 633 1159 721 hospitum,

100 753 115 801 s
132 752 214 815 quae
229 741 333 793 tamen
347 749 410 791 non
424 726 611 804 fefellerunt,
631 727 812 791 contulerat.
835 726 971 791 Romam
985 728 1067 792 tanti
1080 739 1159 793 erant

133 841 266 890 terrores
285 823 383 900 allati,
402 832 437 886 ut
454 822 557 906 posito
574 823 638 886 iam
656 821 856 886 decemvirali
874 822 947 887 odio
964 834 1075 909 patres
1088 823 1157 910 vigi·

132 919 191 983 lias
213 919 247 982 in
263 917 340 982 urbe
358 916 519 981 habendas
538 927 715 992 censerent3
738 938 861 993 omnes,
884 916 939 1000 qui
955 938 1015 1003 per
1032 932 1154 982 aetatem

132 1036 220 1077 arma
237 1011 318 1075 ferre
335 1020 479 1095 possent,
498 1011 654 1075 custodire
673 1010 797 1074 moenia
814 1031 852 1074 ac
868 1031 926 1095 pro
943 1012 1045 1096 portis
1060 1012 1153 1077 statio-

100 1126 114 1175 t
132 1129 189 1172 nes
208 1128 301 1192 agere
314 1105 470 1182 iuberent,
490 1127 576 1169 arma
590 1104 766 1168 Tusculum
780 1105 820 1168 ad
839 1104 1094 1190 supplementum
1110 1106 1151 1170 de-

132 1213 301 1267 cernerent¹
324 1200 579 1281 decemvirosque
610 1197 650 1263 ab
681 1220 753 1263 arce
779 1198 912 1263 Tusculi
943 1200 1105 1285 digressos
1125 1198 1147 1263 ic

132 1296 242 1360 castris
264 1293 394 1358 militem
416 1292 546 1370 habere3
574 1307 676 1357 castra
693 1293 755 1356 alia
772 1316 791 1357 a
807 1292 937 1358 Fidenis
955 1293 990 1357 in
1009 1291 1148 1360 Sabinum

131 1413 244 1476 agrum
266 1388 428 1453 transferri
445 1387 589 1471 belloque
606 1387 689 1452 ultro
706 1387 870 1453 inferendo
888 1389 1040 1453 deterreri
1057 1389 1147 1454 hosta

133 1508 154 1549 a
170 1484 301 1549 consilio
319 1483 405 1547 urbis
424 1484 663 1568 oppugnandae.

100 1604 113 1649 1
197 1577 407 1642 XXXXHI.
447 1576 502 1640 Ad
520 1577 624 1641 clades
643 1576 683 1641 ab
702 1576 846 1643 hostibus
864 1587 1011 1663 acceptas
1031 1580 1092 1644 duo
1106 1600 1148 1642 ne·

97 1696 113 1742 2
132 1674 228 1738 fanda
244 1672 384 1736 facinora
402 1671 570 1734 decemviri
588 1670 662 1735 belli
679 1672 826 1754 domique
844 1673 992 1738 adiciunt
1035 1676 1077 1740 L.
1093 1670 1147 1739 Sio-

131 1768 229 1845 cium,
252 1767 286 1830 in
304 1766 432 1832 Sabinis
453 1787 510 1850 per
531 1766 681 1830 invidiam
704 1767 944 1832 decemviralem
966 1769 1152 1851 tribunorum

131 1861 336 1927 creandorum
359 1860 608 1943 secessionisque
630 1861 804 1925 mentiones
828 1862 868 1925 ad
890 1862 1007 1949 vulgus
1031 1862 1153 1928 militum

132 1953 328 2020 sermonibus
356 1953 486 2017 occultis
514 1966 682 2032 serentem,
710 1955 963 2039 prospeculatum
991 1958 1034 2021 ad
1060 1956 1156 2022 locum

97 2073 112 2120 3
133 2048 244 2112 castris
258 2047 444 2131 capiendum
458 2047 593 2127 mittunt.
621 2049 712 2112 datur
725 2049 887 2136 negotium
900 2050 1064 2128 militibus,
1083 2066 1156 2135 quos

130 2143 278 2205 miserant
293 2141 499 2226 expeditionis
515 2142 581 2206 eius
596 2144 742 2221 comites,
761 2155 796 2207 ut
809 2165 882 2208 eum
895 2156 1051 2229 oportuno
1065 2138 1159 2210 adorti

97 2260 113 2306 4
130 2236 200 2300 loco
213 2235 429 2300 interficerent.
457 2235 542 2301 haud
556 2236 690 2300 inultum
707 2237 905 2302 interfecere:
923 2262 999 2303 nam
1017 2240 1099 2305 circa
1110 2258 1158 2303 m-

129 2344 323 2416 pugnantem
341 2330 459 2412 aliquot
472 2331 669 2396 insidiatores
684 2332 837 2408 cecidere,
857 2354 929 2396 cum
942 2333 1014 2417 ipse
1027 2357 1063 2399 se
1076 2351 1157 2420 prae·

97 2449 112 2494 5
131 2425 253 2488 validus
276 2427 344 2509 pari
366 2425 485 2489 viribus
509 2425 612 2488 animo
636 2426 866 2491 circumventus
885 2440 1049 2494 tutaretur.
1084 2448 1159 2492 nun-

131 2520 207 2584 tiant
226 2521 258 2583 in
276 2534 379 2583 castra
396 2519 505 2596 ceteri,
528 2519 766 2604 praecipitatum
783 2521 817 2584 in
834 2521 964 2586 insidias
983 2544 1069 2600 esse,
1093 2520 1159 2587 sic-

130 2614 214 2676 cium
245 2614 371 2698 egregie
401 2628 595 2697 pugnantem
627 2613 803 2697 militesque
834 2616 991 2697 quosdam
1023 2640 1093 2681 cum
1119 2632 1159 2678 eo

98 2709 274 2778 samissos.
311 2708 411 2790 primo
438 2707 515 2770 fides
544 2708 758 2773 nuntiantibus
785 2709 858 2786 fuit3
885 2711 1029 2794 profecta
1049 2708 1159 2775 deinde

130 2801 241 2862 cohors
265 2800 305 2861 ad
328 2800 523 2883 sepeliendos
547 2802 600 2883 qui
623 2803 798 2866 ceciderant
820 2804 1070 2869 decemvirorum
1091 2824 1159 2889 per·

130 2894 243 2968 missu,
263 2909 430 2977 postquam
448 2893 568 2957 nullum
587 2896 752 2980 spoliatum
772 2897 816 2961 ibi
833 2919 947 2982 corpus
959 2897 1157 2983 Sicciumque

129 2986 162 3048 in
176 2987 278 3050 medio
292 2987 444 3051 iacentem
459 3005 673 3072 armatumque
688 2991 833 3055 omnibus
847 2991 880 3054 in
893 3015 967 3056 eum
980 2995 1080 3059 versis
1093 3010 1153 3059 oot-

128 3082 257 3167 poribus
281 3084 400 3160 videre,
425 3083 561 3147 hostium
581 3107 681 3167 noque
700 3108 814 3171 eorpus
832 3087 932 3150 ullum
951 3110 1011 3153 nec
1028 3084 1155 3173 vestigl*

129 3176 320 3254 abeuntium,
340 3178 481 3263 profecto
495 3179 534 3243 ab
550 3180 615 3242 suis
629 3180 827 3245 intersectum
840 3195 1051 3249 memorantes
1064 3194 1152 3248 rettu-

96 3296 109 3341 r
129 3273 191 3335 lere
211 3295 333 3356 corpus.
362 3273 558 3356 invidiaeque
572 3274 665 3358 plena
679 3286 781 3338 castra
794 3287 882 3339 erant
897 3290 927 3340 et
935 3276 1073 3342 Romam
1085 3270 1151 3340 feni

128 3367 270 3450 protinus
291 3366 431 3430 Siccium
448 3367 605 3451 placebat,
630 3369 662 3431 ni
680 3368 848 3433 decemviri
865 3369 962 3435 funus
980 3364 1148 3437 militare&

130 3459 256 3544 publiea
273 3461 405 3543 inpensa
423 3463 526 3525 lacere
544 3475 763 3527 maturassent.
804 3463 946 3547 sepultus
964 3466 1085 3552 ingenti
1099 3459 1147 3527 mi·

128 3552 218 3616 litum
232 3554 396 3630 maestitia,
415 3557 552 3639 pessima
566 3558 812 3621 decemvirorum
826 3560 859 3622 in
868 3559 984 3644 vulgus
1001 3562 1087 3625 fama
1097 3564 1142 3625 ecl·

97 3671 108 3717 1
194 3647 420 3712 XXXXllll.
450 3649 598 3732 Sequitur
616 3651 700 3715 aliud
718 3654 751 3715 in
769 3651 845 3716 urbe
862 3653 954 3718 nefas
972 3654 1013 3719 ab
1031 3652 1144 3719 libidine

129 3746 231 3798 ortum
251 3733 334 3797 haud
353 3735 456 3798 minus
475 3737 569 3800 foedo
588 3748 702 3800 eventu
724 3759 819 3821 quam
838 3740 923 3821 quod
941 3762 998 3824 per
1015 3752 1144 3825 stuprum

129 3827 318 3910 caedemque
332 3829 499 3893 Lucretiae
518 3831 594 3894 urbe
611 3854 771 3916 regnoque
782 3833 971 3916 Tarquinios
986 3834 1143 3919 expulerat,

128 3936 163 3983 ut
177 3944 239 3985 non
252 3920 323 3985 finis
338 3923 440 3987 solum
452 3924 536 3987 idem
550 3925 743 4003 decemviris,
763 3927 818 4009 qui
829 3927 972 4013 regibus,
991 3929 1049 3993 sed
1061 3942 1144 3992 causa

128 4015 222 4080 etiam
240 4017 350 4081 eadem
366 4018 478 4104 inperii
496 4020 658 4084 amittendi
677 4031 769 4086 esset.
