2566 4524
215 233 278 296 110
445 242 563 297 LIBER
580 241 623 302 Π.
641 241 684 296 48.
697 241 739 296 49.
760 245 836 310 [au.
849 240 1015 311 catones]

179 428 195 474 5
276 399 324 465 At
341 425 360 465 a
377 399 511 466 Veiente
532 399 623 463 hoste
646 399 752 464 clades
774 408 904 484 accepta
926 399 1102 465 temeritate
1118 399 1239 466 alterius

212 497 366 573 consulis,
385 504 553 578 actumque
570 494 610 558 de
628 494 768 558 exercitu
784 494 879 572 foret,
901 494 935 558 ni
953 492 1060 559 Caeso
1076 494 1239 561 Fabiusiu

211 601 352 677 tempore
371 589 513 655 subsidio
531 589 680 653 venisset.
716 611 757 652 ex
774 611 811 652 eo
830 598 970 674 tempore
990 610 1095 673 neque
1111 612 1178 675 pax
1191 610 1238 655 ne·

211 709 274 770 que
291 685 408 750 bellum
428 706 501 747 cum
518 681 705 747 Veientibus
724 682 793 746 suit.
829 705 880 747 res
897 683 1040 769 proxime
1062 683 1097 747 in
1113 682 1238 749 formam
1272 678 1275 687 ’

178 800 193 850 o
211 779 366 844 latrocinii
383 787 524 842 venerat:
546 777 724 862 legionibus
737 776 890 842 Romanis
908 777 1063 842 cedebant
1079 777 1114 842 in
1126 777 1236 855 urbem,

211 872 268 938 ubi
294 872 447 936 abductas
475 881 637 935 senserant
657 872 798 957 legiones
822 895 915 958 agros
936 871 1157 951 incursabant,
1181 870 1237 939 bel

211 969 279 1033 lum
301 967 420 1050 quiete,
448 966 585 1049 quietem
607 965 690 1030 bello
712 966 848 1030 invicem
870 966 1041 1031 eludentes.
1077 967 1124 1032 ita
1145 987 1235 1051 neque

213 1064 315 1130 omitti
331 1072 397 1127 tota
413 1085 464 1126 res
482 1084 541 1126 neo
558 1061 666 1146 perfici
682 1070 814 1147 poterat
851 1071 883 1126 et
899 1061 961 1126 alia
982 1061 1068 1127 bella
1085 1071 1142 1126 aut
1157 1082 1235 1147 prae·

214 1158 315 1224 sentia
336 1157 508 1234 instabant,
535 1166 571 1220 ut
596 1155 636 1220 ab
659 1155 782 1239 Aequis
805 1154 1008 1240 Volscisque,
1035 1179 1101 1221 non
1128 1155 1233 1221 diutim

213 1276 309 1337 quam
330 1274 441 1317 reeens
464 1252 553 1316 dolor
573 1251 736 1337 proximae
762 1251 861 1317 cladis
887 1251 1032 1316 transiret
1057 1248 1234 1335 quiescenti·

213 1349 288 1425 bus,
314 1357 369 1412 aut
385 1370 460 1412 mox
477 1357 617 1412 moturos
637 1369 671 1411 se
689 1346 861 1432 apparebat
880 1343 1033 1424 Sabinos,
1056 1368 1184 1432 semper
1196 1345 1234 1409 in-

178 1465 193 1511 7
213 1443 322 1519 festos,
341 1441 563 1525 Etruriamque
581 1463 718 1505 omnem.
755 1441 812 1506 sed
828 1439 946 1506 Veiens
963 1439 1076 1518 bostis,
1095 1440 1234 1505 adsiduus

213 1537 315 1623 magis
342 1558 438 1620 quam
458 1536 581 1622 gravis,
608 1535 808 1600 contumeliis
833 1535 959 1620 saepius
986 1556 1083 1618 qnam
1109 1532 1234 1620 periculo

213 1632 334 1696 animos
352 1631 506 1718 agitabat,
533 1631 619 1714 quod
636 1630 723 1694 nullo
742 1639 881 1713 tempore
902 1628 1030 1715 neglegi
1051 1637 1177 1713 poterat
1191 1634 1234 1693 aut

178 1747 194 1795 8
213 1726 312 1791 averti
329 1726 390 1790 alio
408 1725 541 1790 sinebat.
577 1735 645 1789 tum
661 1723 763 1788 Fabia
779 1746 859 1810 gens
883 1733 1027 1788 senatum
1048 1724 1138 1789 adiit.
1173 1742 1233 1787 con·

212 1821 262 1887 sul
279 1843 336 1906 pro
354 1830 448 1907 gente
466 1819 617 1902 loquitur:
638 1824 647 1854 ⁴
653 1818 785 1882 adsiduo
799 1817 1012 1904 magisquam
1023 1840 1144 1904 magno
1156 1836 1232 1903 prae-

213 1918 302 1993 sidio,
321 1926 356 1980 ut
374 1917 470 1992 scitis,
491 1925 595 1999 patres
610 1915 788 1999 conscripti,
807 1914 926 1979 bellum
941 1913 1061 1979 Veiens
1080 1924 1163 2002 eget
1187 1932 1232 1979 voe

212 2012 274 2075 alia
290 2010 374 2075 bella
391 2020 507 2086 curate,
525 2010 643 2074 Fabios
661 2009 761 2076 hostis
780 2009 967 2076 Veientibus
986 2011 1069 2075 date.
1103 2019 1230 2076 auctoru

179 2125 193 2172 9
213 2127 337 2181 sumus,
364 2113 464 2175 tutam
485 2104 531 2168 ibi
552 2104 750 2170 maiestatem
767 2105 904 2170 Romani
921 2105 1056 2170 nominis
1075 2104 1154 2173 fore.
1187 2122 1230 2171 ne
1273 2178 1275 2187 ¹

213 2209 312 2264 strum
329 2199 364 2262 id
380 2198 472 2263 nobis
490 2198 577 2262 velut
594 2199 749 2264 familiare
767 2199 885 2266 bellum
902 2200 1025 2284 privato
1044 2209 1174 2286 sumptu
1188 2218 1229 2286 ge·
1272 2220 1275 2225 ·

211 2316 279 2359 rere
305 2294 339 2358 in
366 2294 470 2359 animo
492 2304 554 2359 est:
576 2317 628 2359 res
650 2294 778 2380 publica
800 2304 831 2359 et
852 2295 950 2359 milite
971 2294 1036 2359 illie
1058 2304 1091 2360 et
1111 2290 1229 2381 pecuda

163 2407 195 2454 10
213 2388 321 2453 vacet?
356 2390 475 2476 gratiae
498 2390 642 2476 ingentes
666 2399 763 2454 actae.
804 2390 915 2455 consul
937 2413 955 2454 e
977 2391 1065 2454 ouria
1087 2409 1228 2478 egressus,

212 2485 378 2549 eomitante
396 2485 568 2550 Fabiorum
591 2485 731 2571 agmine,
758 2485 814 2568 qui
834 2485 868 2548 in
890 2485 1048 2550 vestibulo
1071 2486 1176 2552 curiae
1191 2504 1241 2549 se·-

211 2589 297 2643 natus
305 2580 483 2644 consultum
497 2589 715 2664 exspectantes
731 2588 888 2658 steterant,
908 2580 1038 2645 domum
1051 2582 1144 2646 redit
1165 2573 1227 2644 iusd

211 2674 324 2737 armati
340 2683 466 2758 postero
484 2673 535 2738 die
553 2675 595 2738 ad
611 2674 709 2740 limen
725 2674 864 2739 consulis
883 2675 1006 2740 adesse.
1042 2676 1155 2743 domos
1170 2670 1227 2739 indt

211 2766 387 2831 discedunt.
1230 2792 1235 2805 ·

179 2881 191 2925 1
275 2858 536 2924 XXXXVHII.
563 2859 676 2927 Manat
688 2872 754 2927 tota
767 2863 844 2929 urbe
857 2886 972 2941 rumor,
991 2863 1112 2929 Fabios
1125 2864 1228 2931 adeat·

210 2955 277 3019 lum
289 2955 435 3020 laudibus
449 2956 566 3022 ferunt:
586 2958 738 3027 familiam
752 2982 848 3025 unam
861 2959 986 3026 subisse
1002 2959 1139 3026 civitatis
1152 2976 1228 3031 anub

212 3048 329 3116 Veiens
343 3051 460 3117 bellum
473 3052 507 3117 in
518 3053 672 3138 privatam
687 3076 803 3132 curam,
822 3055 855 3120 in
869 3055 991 3139 privata
1003 3077 1093 3119 arma
1106 3072 1228 3143 versum·

177 3163 192 3210 2
212 3145 239 3210 si
260 3145 324 3211 sint
344 3148 425 3212 duae
446 3148 567 3213 roboris
589 3149 732 3214 eiusdem
758 3150 791 3213 in
816 3149 894 3215 urbe
916 3159 1042 3236 gentes,
1066 3149 1231 3236 deposcant

209 3240 289 3308 haec
305 3241 440 3308 Volscos
459 3243 534 3320 sibi,
553 3243 607 3308 illa
624 3244 771 3328 Aequos3
792 3245 910 3330 populo
927 3244 1073 3311 Romano
1093 3238 1232 3328 tranquil·

209 3336 273 3400 lam
290 3358 402 3420 paoem
420 3347 547 3423 agente,
565 3361 675 3404 omnes
693 3339 841 3404 finitimos
860 3338 966 3425 subigi
982 3338 1119 3425 populos
1135 3356 1229 3426 possa

208 3428 302 3494 Fabii
322 3441 449 3516 postera
470 3433 521 3496 die
547 3455 636 3498 arma
662 3433 802 3518 capiunt,
830 3456 893 3517 quo
914 3434 994 3499 iussi
1015 3443 1107 3499 erant
1129 3451 1231 3501 conve·

175 3523 308 3593 eniunt.
348 3525 458 3590 consul
482 3526 650 3610 paludatus
676 3529 840 3614 egrediens
865 3528 901 3593 in
930 3527 1089 3594 vestibulo
1114 3536 1232 3616 genten

210 3638 335 3683 omnem
351 3640 443 3683 suam
460 3619 612 3687 instructo
629 3623 755 3708 agmine
772 3623 867 3699 videt,
887 3632 1035 3708 receptus
1054 3622 1088 3687 in
1101 3624 1232 3689 medium

210 3712 301 3797 signa
314 3710 388 3777 ferri
400 3712 496 3779 iubet.
523 3738 696 3799 numquam
709 3718 864 3781 exereitus
878 3738 980 3801 neque
992 3717 1098 3785 minor
1110 3734 1233 3785 numen

209 3828 311 3891 neque
337 3807 449 3873 clarior
474 3809 560 3874 fama
582 3820 612 3875 et
635 3811 838 3877 admiratione
861 3812 1023 3877 hominum
1046 3834 1104 3898 per
1129 3812 1233 3881 ruben

174 3901 349 3968 4incessit:
386 3924 443 3967 sex
467 3913 499 3968 et
524 3906 654 3970 trecenti
676 3907 804 3985 milites,
833 3929 941 3973 omnes
963 3907 1100 3992 patricii,
1129 3926 1233 3975 omnen

208 3996 300 4061 unius
319 3998 431 4082 gentis,
451 4021 583 4080 quorum
601 4002 758 4067 neminem
772 4002 885 4068 ducem
898 4024 1073 4088 sperneres,
1091 4000 1232 4090 egregius
