2566 4524
321 274 439 330 creon
456 275 528 345 nu,
546 274 589 330 ao.
601 275 644 329 21.
663 275 901 347 [aomo-see]
1055 266 1124 335 213

100 436 150 501 uii
166 433 269 510 loma,
286 453 387 516 quum
403 441 562 496 uetnswte
584 431 738 518 dilapsam
757 433 883 512 refecit,
909 454 945 502 se
963 435 1070 522 ipsum
1087 438 1125 502 in

99 531 227 594 thorace
253 527 348 592 tineo
370 526 525 611 enipeum
545 526 660 614 legisse
681 528 856 607 audissem,
880 550 979 616 prope
997 531 1125 596 sacrile-

97 626 186 712 gium
200 635 394 698 actuosum,
417 619 521 686 Cosso
539 621 707 707 spoliorum
722 644 854 688 suonam
870 620 1055 703 Ceesurem,
1073 626 1125 711 ip·

100 720 167 782 sius
182 716 294 802 templi
311 727 482 793 auctorem,
504 715 687 782 subtrahere
704 727 826 783 testem.
861 718 916 802 qui
933 718 961 784 si
976 742 1016 784 ee
1035 721 1070 784 'm
1087 740 1125 786 re
1142 738 1159 787 8

100 813 139 877 ait
158 834 252 887 error,
277 811 361 893 quod
378 822 442 874 tam
459 820 580 876 emeres
598 810 726 876 annales
744 812 890 896 quodque
904 814 1126 900 magistratum

94 907 168 972 libri
191 902 368 993 quos[que]
390 905 503 970 linteos
525 906 559 970 in
580 907 658 972 cede
677 906 832 992 repositos
850 905 999 973 Monetae
1015 906 1126 975 Macer

95 1001 245 1066 Licinius
271 1000 347 1064 citat
367 998 541 1064 identidem
567 1011 723 1078 moeres,
751 1000 884 1086 septimo
904 1011 977 1086 post
996 1003 1126 1068 demum

94 1118 180 1161 enno
195 1118 274 1159 cum
291 1093 331 1158 T.
350 1093 498 1176 Quinctio
515 1092 626 1160 Penne
642 1093 685 1159 A.
701 1093 883 1160 Cornelium
897 1094 1035 1162 Cossum
1049 1117 1127 1161 con-

95 1191 200 1257 sulem
223 1187 374 1266 habeant,
400 1189 587 1254 existimatio
605 1190 779 1254 eommunia
796 1189 941 1254 omnibus
959 1202 1017 1255 est.
1051 1205 1159 1255 nome

99 1287 193 1350 etiam
214 1283 295 1346 illud
313 1283 450 1360 accedit,
476 1305 517 1349 ue
539 1293 604 1348 turn
627 1283 711 1348 clara
729 1305 839 1370 pugna
860 1284 894 1348 in
915 1305 988 1349 eum
1010 1304 1127 1349 aunum

100 1377 261 1445 bansseni
278 1387 399 1462 posset,
418 1378 503 1461 quod
518 1376 633 1443 inbelle
651 1377 818 1442 triennium
834 1377 933 1443 ferme
950 1378 1128 1464 pestilentia.

98 1473 268 1556 bonisque
286 1471 415 1557 fiugum
432 1471 514 1536 cirea
527 1470 570 1536 A.
584 1469 767 1536 Cornelium
781 1473 942 1537 consulem
956 1473 1029 1550 fuit,
1048 1470 1127 1537 adeo

101 1580 136 1632 ut
148 1566 282 1650 quidam
300 1565 428 1652 annales
446 1565 532 1630 velut
549 1565 667 1630 fomesti
682 1565 761 1630 nihil
777 1577 900 1652 praeter
912 1566 1039 1631 nomina
1052 1588 1128 1631 eon-

98 1660 203 1726 eulnm
223 1669 405 1746 suggerant.
432 1659 542 1724 tertius
554 1659 600 1737 ¹ab
617 1660 784 1724 consulatu
793 1659 892 1726 cossi
908 1683 1011 1726 annus
1026 1659 1127 1726 tn'bu-
1145 1679 1178 1728 10

97 1778 173 1821 num
196 1777 271 1820 eum
288 1754 423 1819 militmn
437 1754 597 1820 annulari
613 1765 767 1840 potestate
780 1754 893 1831 habet,
916 1757 1027 1821 eodem
1044 1778 1127 1820 enno

101 1850 455 1936 magistrumequitum3
473 1871 536 1933 quo
548 1849 582 1913 in
594 1849 725 1935 imperio
742 1849 871 1914 alteram
888 1849 1045 1936 insignem
1061 1849 1128 1913 edi·

100 1945 144 2010 dit
156 1967 304 2031 pugnam
322 1955 508 2028 equecnem.
545 1943 698 2010 calibem
714 1944 892 2010 conieotma
910 1955 967 2010 est.
1002 1943 1073 2021 sed,
1092 1952 1128 2008 ut
1146 1960 1175 2009 11

104 2063 160 2126 ego
175 2039 326 2117 arbitror,
348 2063 430 2105 vana
445 2063 571 2106 vereare
585 2041 621 2105 in
639 2064 747 2107 omnes
765 2042 928 2128 opiniones
945 2041 1031 2119 licet,
1052 2062 1128 2106 eum

101 2146 209 2200 aarum
228 2155 357 2219 pugnae
373 2134 551 2200 recentibus
571 2135 678 2221 spoliis
693 2137 729 2200 in
747 2158 836 2201 sacra
854 2137 929 2202 sede
946 2136 1057 2222 positia
1075 2135 1128 2200 lo-

103 2250 171 2294 vem
186 2250 288 2314 μορε
304 2228 423 2314 ipsum,
446 2229 498 2294 cui
514 2240 589 2294 vota
603 2240 707 2309 erant,
731 2229 965 2313 Romulumque
990 2231 1127 2308 intuens,

101 2322 177 2389 boat
194 2323 391 2408 spernendos
408 2323 482 2388 fulsi
498 2323 582 2388 tituli
596 2333 710 2402 testes,
731 2346 768 2390 se
784 2323 828 2388 A.
846 2323 1029 2389 Cornelium
1048 2322 1129 2388 Ces-

97 2440 169 2485 sum
188 2417 351 2483 consulem
370 2417 537 2505 scripserit.
654 2448 659 2453 ·

159 2510 267 2579 XXL
302 2509 350 2578 M
367 2510 517 2578 Cornelio
538 2511 774 2599 Maluginense,
796 2512 838 2577 L.
861 2509 988 2596 Papirio
1011 2509 1162 2576 Crasso1

97 2606 284 2675 consulibua
294 2608 451 2674 exereitus
464 2608 497 2672 in
510 2630 621 2695 ugrum
630 2607 797 2673 Veientem
810 2628 847 2672 ac
859 2605 1020 2672 Faliscum
1030 2605 1128 2682 ducti,

98 2703 236 2789 undae
262 2701 392 2769 abactae
417 2702 580 2768 hominnm
604 2725 825 2789 pecorumque.
860 2701 960 2767 hostis
986 2699 1019 2764 in
1045 2699 1163 2785 eglise

96 2820 259 2882 nsquam
288 2797 434 2864 inventus
464 2820 568 2883 neque
598 2798 760 2884 pugnandi
786 2798 877 2884 copia
902 2797 994 2862 facte.
1034 2793 1129 2860 urbae

101 2901 207 2959 men
223 2912 290 2959 non
306 2891 520 2980 obpugnatam
543 2893 618 2977 quia
634 2893 813 2979 pestilentia
827 2892 982 2979 populum
1003 2888 1129 2955 invasit.

100 2996 134 3055 et
159 2987 329 3055 seditiones
355 2987 444 3052 domi
466 2988 629 3072 quaesitae
657 2997 730 3053 sunt
754 3010 814 3052 nec
836 2998 939 3052 motae
959 2997 1067 3050 tamen
1088 2982 1129 3048 ab
1147 3002 1163 3050 e

103 3078 165 3167 Sp.
179 3081 299 3148 Maelio
321 3081 446 3148 tribuno
467 3081 582 3167 plebis,
609 3081 664 3166 qui
684 3081 793 3146 favore
814 3080 950 3146 nominis
973 3089 1131 3143 moturum

105 3196 142 3243 ae
159 3174 273 3261 dauid
288 3187 378 3242 ratim
394 3187 427 3241 et
439 3175 582 3242 Minucio
597 3176 682 3241 diem
699 3176 820 3240 dixerat
837 3185 867 3240 et
881 3173 1077 3260 rogationem
1090 3170 1130 3234 de

102 3269 300 3358 coemendis
318 3270 409 3337 bouis
428 3269 543 3338 Servili
554 3269 679 3336 Ahalae
697 3270 822 3347 tulerat,
841 3269 930 3334 falsie
948 3264 1130 3332 criminibus
1148 3283 1165 3330 4

102 3364 282 3433 aMinrscio
297 3365 546 3432 circumventum
563 3364 716 3431 Maelium
732 3386 884 3452 arguens,
909 3360 1043 3430 Servilio
1061 3380 1132 3425 cae-

104 3459 174 3526 dem
191 3459 272 3527 oivie
289 3459 461 3525 indemnati
481 3459 630 3526 obiciens.
664 3481 745 3544 quae
765 3460 895 3524 vaniora
916 3458 957 3524 ad
975 3455 1131 3544 popdum

103 3554 170 3641 ipso
183 3565 313 3622 auctore
326 3555 425 3621 fuere.
451 3566 589 3620 ceterum
601 3555 705 3641 magis
722 3555 771 3620 vis
788 3553 890 3620 morbi
906 3554 1130 3641 ingravescens
1148 3570 1164 3618 e

105 3671 195 3718 curae
218 3659 286 3716 erat
306 3659 501 3734 tecumque
519 3672 557 3715 ec
571 3650 732 3736 prodigia,
755 3649 892 3715 maxime
909 3648 995 3734 quod
1012 3645 1130 3712 crebris

107 3744 241 3812 motibus
258 3754 359 3812 terrae
375 3767 466 3810 ruere
479 3745 517 3810 in
534 3746 618 3832 egris
631 3745 855 3811 nuntiabantur
865 3753 959 3810 tecta.
986 3742 1132 3809 obsecre·

108 3837 146 3907 l'u
162 3841 271 3924 itaque
288 3864 309 3905 a
324 3839 441 3926 populo
458 3840 632 3906 duumviris
648 3839 871 3927 praeeuntibus
890 3848 939 3904 est
955 3839 1049 3903 foeta

165 3934 369 4002 Pestilentior
385 3935 459 4001 inde
476 3958 577 4002 annue
596 3933 635 4002 G.
653 3934 734 4001 Iulio
751 3934 865 4000 iterum
883 3943 915 4000 et
926 3933 969 3998 L.
979 3927 1131 4016 Verginio
1150 3945 1165 3997 6

111 4029 287 4097 consilibus
305 4039 427 4096 tontum
442 4041 563 4097 metum
580 4030 735 4098 vastitatis
748 4029 782 4095 in
794 4029 872 4096 urbe
886 4027 1033 4115 agrisque
1046 4021 1131 4102 iecit,
