2566 4524
334 256 453 314 LIBER
470 256 525 327 vl,
543 255 568 310 4.
588 260 627 326 [a.
638 255 737 313 daco.
749 257 814 330 css]
1022 249 1087 316 309
1115 208 1119 213 .

77 422 144 489 eris
160 419 321 486 redactum
338 426 400 496 est,
418 425 454 480 ut
470 414 571 501 pretio
588 438 646 501 pro
664 439 741 482 auro
759 416 909 484 matronis
926 419 1087 506 persoluto

77 544 100 584 x
121 541 157 583 eo
172 517 258 601 quod
276 521 436 601 supererat
454 521 517 576 tres
530 521 657 598 paterae
670 534 783 578 aureae
795 512 899 579 factae
912 514 988 594 sint,
1007 538 1087 602 quaa
1106 537 1121 585 3

77 637 138 680 :um
157 611 244 676 titulo
266 609 402 675 nominis
421 606 548 674 Camilli
569 616 642 672 ante
661 607 853 695 Capitolium
874 609 1038 677 incensum
1054 614 1088 678 in

77 709 150 774 louis
167 708 244 773 cella
262 713 384 770 constat
401 713 474 770 ante
491 704 589 790 pedes
607 703 738 770 Iunonis
755 705 877 791 positas
895 706 1004 774 fuisse.

130 802 176 867 Eo
194 823 276 866 anno
291 800 327 865 in
344 799 503 864 civitatem
521 799 656 886 accepti,
675 800 730 883 qui
742 799 924 866 Veientium
942 801 1122 889 Capena-4

84 898 199 982 tiumque
217 918 255 962 ac
272 895 469 962 Faliscorum
485 916 543 980 per
560 916 598 960 ea
616 894 699 961 bella
716 895 948 983 transfugerant
966 899 1007 964 ad
1023 898 1089 966 Ro-

86 1012 186 1070 manos,
214 1012 352 1078 agerque
377 989 427 1055 his
452 990 544 1055 novis
570 988 692 1055 civibus
719 991 913 1078 adsignatae.
948 993 1121 1059 revocatis

88 1106 186 1170 quoque
203 1085 237 1149 in
253 1084 364 1151 urbem
382 1092 509 1150 senatus
528 1083 671 1150 consulto
684 1083 816 1163 aVeiis,
836 1085 890 1170 qui
903 1086 1088 1153 aedificandi
1113 1137 1116 1141 ,

90 1177 182 1246 Romae
202 1180 330 1269 pigritia
352 1179 511 1266 occupatis
533 1178 578 1244 ibi
599 1179 708 1245 vacuis
731 1180 822 1245 tectis
840 1179 938 1247 Veios
961 1203 996 1247 se
1014 1204 1089 1248 con-

90 1273 204 1341 tulerant.
241 1284 272 1340 et
293 1275 395 1360 primo
417 1274 560 1339 fremitus
578 1273 638 1338 fuit
656 1274 890 1361 aspernantium
906 1275 1087 1362 imperium3

90 1367 140 1433 dies
154 1371 261 1434 deinde
278 1370 463 1456 praestituta
480 1369 685 1456 capitalisque
702 1391 818 1457 poena,
844 1371 898 1454 qui
915 1394 978 1437 non
996 1371 1089 1437 remi-

87 1475 185 1548 grasset
192 1465 341 1542 Romam,
361 1485 401 1528 ex
415 1462 572 1529 ferocibus
589 1464 745 1529 universis
765 1465 906 1552 singulos
925 1475 1012 1531 metu
1030 1488 1088 1531 suo

85 1578 218 1644 quemque
236 1558 438 1624 oboedientes
457 1558 540 1624 fecit.
573 1567 604 1624 et
616 1558 720 1624 Roma
737 1582 810 1625 cum
828 1559 1004 1645 frequentia
1021 1583 1088 1627 ore-
1107 1569 1121 1622 6

83 1673 166 1732 scere,
183 1663 250 1718 tum
264 1662 330 1719 tota
343 1653 437 1718 simul
451 1675 619 1740 exsurgere
633 1653 783 1720 aedificiis
798 1665 828 1720 et
845 1677 879 1720 re
896 1653 1025 1742 publica
1041 1656 1089 1720 in·

81 1767 178 1835 pensas
195 1750 363 1833 adiuvante
382 1758 412 1814 et
430 1750 584 1816 aedilibus
602 1749 687 1814 velut
704 1750 866 1836 publicum
889 1751 1087 1837 exigentibus

80 1864 145 1930 opus
162 1853 192 1909 et
208 1844 286 1931 ipsis
304 1843 683 1929 privatis-admonebat
701 1845 784 1909 enim
802 1845 992 1910 desiderium
1009 1867 1087 1910 usus

77 1938 335 2004 -festinantibus
353 1939 394 2004 ad
412 1939 559 2005 effectum
577 1938 689 2024 operis.
716 1939 859 2025 intraque
873 1963 990 2006 annum
1008 1961 1090 2005 nova
1109 1974 1117 1989 =

77 2032 140 2100 urbs
158 2034 252 2099 stetit.

127 2127 226 2192 Exitu
248 2127 322 2192 anni
343 2127 470 2192 comitia
491 2126 685 2194 tribunorum
707 2128 842 2192 militum
860 2129 1017 2194 consulari
1034 2143 1123 2214 pot

77 2232 175 2288 :estate
192 2221 308 2287 habita.
350 2223 444 2287 creati
463 2222 501 2287 Τ.
522 2221 689 2304 Quinctius
709 2221 928 2300 Cincinnatus,
954 2222 995 2305 Q.
1015 2220 1090 2289 Ser-

77 2318 156 2383 ilius
169 2317 306 2382 Fidenas
324 2317 482 2401 quintum,
500 2317 542 2382 L.
557 2316 658 2381 Iulius
672 2316 775 2395 Iulus,
794 2317 836 2382 L.
846 2316 995 2400 Aquilius
1011 2314 1090 2381 Cor·
1111 2360 1114 2367 ι

77 2435 131 2492 us,
152 2413 194 2478 L.
208 2412 379 2477 Lucretius
394 2411 606 2497 Tricipitinus,
627 2408 695 2477 Ser.
707 2408 867 2497 Sulpicius
881 2410 987 2477 Rufus
1001 2433 1090 2476 exer-

77 2508 160 2573 itum
178 2505 310 2571 alterum
327 2506 361 2570 in
374 2505 505 2590 Aequos
523 2511 587 2571 non'
604 2507 646 2571 ad
658 2504 935 2571 bellum—victos
953 2527 1090 2589 namque
1108 2515 1123 2563 8

77 2625 98 2668 te
113 2602 297 2669 fatebantur
312 2639 369 2681 -,
398 2602 454 2666 scd
476 2600 516 2667 ab
538 2601 611 2667 odio
633 2603 673 2666 ad
690 2601 915 2687 pervastandos
933 2601 1027 2680 fines,
1050 2623 1090 2666 ne

77 2699 138 2784 [uid
154 2698 195 2764 ad
209 2720 291 2764 nova
304 2697 435 2763 consilia
447 2697 657 2783 relinquerent
669 2697 791 2776 virium,
812 2698 939 2777 duxere,
958 2696 1091 2763 alterum

77 2819 93 2860 n
111 2817 226 2880 agrum
245 2792 515 2878 Tarquiniensem.

125 2888 180 2954 Ibi
210 2888 326 2974 oppida
351 2886 559 2952 Etruscorum
586 2884 742 2953 Cortuosa
775 2896 805 2952 et
833 2885 1033 2954 Contenebra
1058 2885 1124 2953 via

77 2996 165 3068 apta.
202 2982 244 3045 ad
262 2979 452 3046 Cortuosam
469 2980 547 3045 nihil
563 2980 741 3046 certaminis
760 2979 833 3046 fuit:
856 2981 1017 3067 inproviso
1036 2979 1091 3045 ad-

77 3077 125 3141 uti
141 3075 242 3162 primo
261 3074 397 3140 clamore
414 3082 508 3159 atque
525 3075 645 3161 impetu
667 3096 786 3160 cepere.
822 3074 979 3159 direptum
1001 3073 1091 3158 oppi-

77 3171 143 3234 lum
165 3179 263 3254 atque
288 3169 453 3236 incensum
479 3179 537 3236 est.
574 3167 774 3235 Contenebra
798 3189 917 3254 paucos
944 3167 1012 3231 dies
1034 3187 1091 3251 op-
1109 3176 1142 3226 10

77 3266 291 3352 >agnationem
313 3263 474 3344 sustinuit,
496 3263 648 3350 laborque
669 3263 836 3330 continuus
856 3282 920 3327 non
938 3260 1003 3337 die,
1026 3280 1091 3324 non

77 3370 156 3426 roote
181 3359 333 3425 remissus
360 3357 485 3447 subegit
511 3381 575 3424 eos.
612 3380 685 3425 oum
709 3358 743 3423 in
765 3379 822 3422 sex
841 3363 947 3443 partes
970 3353 1091 3419 divisus

77 3455 222 3520 exercitus
239 3453 403 3519 Romanus
422 3453 506 3520 senis
523 3453 608 3519 horis
626 3455 660 3519 in
678 3451 786 3519 orbem
805 3450 985 3518 succederet
1002 3471 1093 3538 proe-

77 3548 119 3629 io,
135 3547 321 3635 oppidanos
344 3549 472 3615 eosdem
488 3547 611 3636 integro
630 3569 754 3634 semper
771 3544 932 3612 certamini
949 3545 1092 3633 paucitas

77 3643 169 3710 'essos
191 3641 343 3722 obiceret,
370 3663 493 3708 cessere
515 3642 655 3722 tandem,
682 3641 833 3726 locusque
854 3639 1024 3706 invadendi
1040 3661 1094 3704 ur-

77 3761 137 3805 ›em
146 3737 303 3805 Romanis
316 3738 408 3804 datus
422 3746 479 3805 est.
509 3736 663 3825 publicari
674 3737 824 3823 praedam
837 3735 970 3801 tribunis
988 3734 1093 3821 place·
1110 3739 1142 3790 11

77 3842 133 3914 »αἱς
167 3832 226 3898 sed
249 3832 416 3921 imperium
441 3855 537 3919 quam
562 3830 728 3898 consilium
753 3831 881 3918 segnius
908 3830 981 3895 fuit:
1017 3828 1108 3891 dum.
1204 3896 1207 3903 ,

77 3936 263 4006 annotantur,
281 3928 346 3993 iam
357 3926 490 3994 militum
503 3927 621 4014 praeda
634 3935 700 3994 erat
716 3948 776 3994 neo
792 3926 854 3993 nisi
870 3947 927 4010 per
943 3919 1093 3987 invidiam
1160 3940 1162 3976 :

77 4022 164 4090 adimi
181 4031 312 4109 poterat.
