2566 4524
245 251 364 308 ursus
379 251 735 327 messiacus]
940 246 1004 312 381

77 436 80 475 t
106 409 281 497 explendae
303 420 401 489 esset,
424 433 536 497 pamm
553 409 627 489 fnit,
650 413 737 496 quod
753 412 852 478 semel
868 413 902 478 in
920 413 1005 482 Sidi-

77 529 153 594 gro,
171 508 284 572 iterum
296 506 330 570 in
344 505 520 592 Campania
536 506 607 592 ipsa
622 506 764 593 legiones
781 520 906 575 nostras
924 512 1006 576 ceci-

94 623 178 686 quae
196 610 245 666 est
260 601 322 666 ista
338 611 403 666 tarn
419 600 537 665 infesta
551 601 613 680 ira,
635 623 732 686 quam
747 625 807 690 per
822 604 902 670 duas
919 605 1005 671 acics
1023 626 1057 674 ts

85 697 219 784 sanguis
237 697 362 784 explere
378 719 443 761 uon
458 696 614 782 potuerit?
642 698 724 764 adde
744 698 808 765 huc
828 700 1006 787 populatio-

77 815 236 879 sgrorum,
260 791 395 878 praedas
415 791 578 856 hominum
603 803 698 877 atque
721 795 880 880 pecudum
906 807 1005 874 actas,

77 887 124 951 lia
140 886 284 951 villarum
302 907 340 950 ac
357 885 477 963 ruinas,
499 886 606 951 omnia
621 885 705 952 ferro
720 888 850 975 ignique
866 900 1003 955 vastata:

78 1005 96 1048 e
115 982 165 1047 ira
182 980 299 1068 expleri
316 1003 380 1047 non
391 981 511 1068 potuit?
528 982 585 1047 sed
599 983 755 1070 cupiditas
771 984 927 1072 explenda
943 998 1002 1052 est.
1023 1004 1055 1051 ts

89 1077 337 1163 oppugnandam
351 1075 496 1163 Capuam
508 1077 603 1163 rapite
620 1087 676 1141 ant
687 1077 791 1144 delere
807 1078 919 1144 urbem
934 1081 1006 1166 pul-

77 1195 165 1236 mam
191 1181 246 1236 aut
270 1171 333 1257 ipsi
359 1172 522 1258 possidere
551 1171 671 1238 volunt.
715 1172 773 1237 sed
801 1196 860 1239 ros
889 1176 1005 1260 potins,
1024 1194 1056 1240 ιι

77 1266 127 1343 ni,
146 1264 299 1331 beneficio
313 1275 417 1331 vestro
431 1275 582 1352 occupate
593 1287 678 1345 eam,
697 1288 793 1350 quam
805 1265 877 1332 illos
889 1267 1006 1333 habere

77 1358 240 1425 ,aleticium
254 1359 372 1425 sinatis.
403 1382 468 1425 nou
478 1360 591 1445 loquor
606 1360 693 1447 apud
708 1370 906 1427 recusantem
922 1363 1008 1428 iusta

77 1455 248 1542 populum,
271 1455 328 1520 sed
349 1464 469 1533 tamen,
492 1457 521 1520 si
541 1455 740 1522 ostenderitis
757 1456 874 1522 auxilia
890 1468 1005 1536 vestra,

77 1552 117 1616 llo
137 1550 263 1635 quidem
280 1548 412 1616 arbitror
428 1550 520 1615 robis
537 1573 618 1636 opus
638 1549 717 1617 lore.
759 1573 861 1636 usque
882 1552 924 1617 ad
945 1576 1005 1619 nos
1024 1569 1056 1619 ιε

77 1653 177 1731 nptus
197 1642 385 1710 Samnitium
402 1644 559 1730 pervenit,
577 1667 673 1731 supra
688 1667 753 1711 non
769 1646 923 1712 ascendite
946 1647 1006 1712 ita·

77 1739 176 1804 mbra
196 1739 293 1804 vestri
309 1738 431 1817 auxilii,
454 1737 605 1816 Romani,
627 1740 692 1826 tegi
708 1761 892 1826 possumus,
914 1742 1007 1826 quid-

77 1833 186 1899 leinde
203 1831 419 1912 habuerimus,
437 1832 592 1919 quidquid
603 1833 667 1919 ipsi
678 1833 846 1913 fuerimus,
864 1846 1006 1900 restrum

77 1951 131 1994 me
161 1926 375 1993 existimaturi.
418 1926 509 1994 vobis
539 1926 679 1994 arabitur
706 1951 784 2016 ager
809 1927 1004 2016 Campanus,
1023 1948 1055 1998 ιι

87 2021 203 2107 Capua
219 2020 295 2087 urbs
312 2020 572 2106 frequentabitnr3
589 2022 799 2102 conditorum,
817 2025 1004 2110 parentium,

77 2140 109 2183 m
137 2115 347 2182 inmortalium
372 2138 501 2181 numero
525 2115 618 2183 nobis
643 2117 743 2196 eritis,
768 2117 856 2183 nulla
880 2119 1005 2185 colonia

77 2239 85 2276 t
107 2210 181 2287 erit,
208 2231 288 2294 quae
309 2232 368 2274 nos
390 2209 634 2297 obsequio-erga
649 2233 709 2277 vos
724 2210 850 2295 fideque
868 2223 1004 2298 superet.

77 2315 122 2383 te,
146 2313 250 2390 patres
267 2303 449 2390 conscripti,
472 2313 584 2369 numm
604 2326 784 2390 numenque
799 2314 941 2370 vestrum
957 2307 1006 2370 in·
1021 2327 1056 2375 ao

77 2423 100 2464 n
119 2398 290 2485 Campanis
313 2410 345 2465 et
365 2397 471 2465 iubete
493 2421 633 2485 sperare,
654 2399 844 2466 incolumem
861 2399 1008 2488 Capuam

77 2518 129 2559 tm.
174 2515 238 2577 qua
262 2492 437 2578 frequentia
462 2493 603 2558 omnium
626 2514 779 2580 generum
799 2493 1006 2561 multitudinis
1023 2515 1056 2563 ιι

77 2597 192 2673 quente
210 2587 334 2653 creditis
352 2611 410 2654 uos
427 2587 513 2654 illinc
529 2586 702 2674 protectos,
720 2610 817 2674 quam
831 2590 939 2655 omnia
951 2613 1007 2655 ιο-

77 2707 87 2747 ι
111 2682 371 2767 lacrimarumque
391 2682 485 2768 plena
504 2682 719 2768 reliquisse,
708 2705 744 2747 ιιι
762 2704 828 2769 qua
846 2705 932 2750 nune
951 2706 1008 2750 ex·

77 2777 176 2842 atione
203 2785 346 2842 senatum
371 2776 583 2864 populumque
609 2775 823 2865 Campanum,
853 2780 1005 2866 coniuges

77 2894 162 2957 »sque
183 2870 309 2936 nostros
330 2870 419 2936 esse?
449 2880 531 2938 stare
555 2894 682 2939 omnem
705 2872 938 2940 multitudinem
962 2873 1005 2939 ad
1021 2894 1054 2942 rs

77 2991 90 3033 s
116 2967 201 3032 viam
226 2965 300 3030 hinc
325 2963 475 3032 ferentem
496 2976 730 3055 prospectantes
750 2979 871 3035 certum
890 2968 1004 3048 habeo,

80 3063 143 3128 illis
159 3085 234 3142 nos,
256 3070 360 3148 patres
378 3061 560 3149 conscripti,
581 3063 722 3129 sollicitis
737 3085 778 3129 ao
795 3063 1006 3149 pendentibus

77 3181 97 3223 ts
117 3155 297 3223 renuntiare
318 3155 463 3223 iubeatis.
505 3156 639 3223 alterum
657 3179 845 3244 responsum
861 3158 1005 3237 salutem,
1023 3176 1057 3223 ιι

77 3251 161 3331 iam,
189 3251 293 3317 lucem
314 3272 352 3316 ac
372 3249 560 3330 libertatem,
585 3251 719 3317 alterum
739 3252 871 3317 ominari
896 3252 1008 3319 horreo

81 3345 178 3413 feratl
204 3346 335 3432 proinde
357 3355 392 3410 ut
413 3356 468 3411 aut
484 3347 524 3412 de
540 3347 654 3413 vestris
671 3346 785 3412 sutrnis
802 3347 896 3414 sociis
913 3358 1006 3434 atque

77 3466 93 3507 s
112 3451 168 3507 aut
184 3462 342 3524 nusquam
360 3439 431 3505 ullis
448 3439 563 3507 suturis
580 3441 672 3507 uobis
689 3441 862 3508 consulite?

77 3536 189 3603 XXI.
226 3533 399 3602 Summotis
421 3536 533 3603 deinde
553 3535 667 3623 legatis
688 3558 761 3602 cum
777 3536 938 3604 consultus
957 3560 1007 3603 se-
1026 3558 1038 3604 1

100 3638 201 3708 esset,
229 3629 289 3696 etsi
309 3653 443 3716 magnae
464 3631 545 3717 parti
561 3631 638 3698 urbs
653 3632 791 3699 maxima
807 3633 1009 3743 opulentissi-

77 3724 252 3803 elutus,
283 3723 457 3790 uberrimus
483 3748 560 3813 ager
583 3728 722 3812 marique
746 3728 941 3814 propinquus
968 3723 1009 3787 ad

77 3831 154 3888 ates
172 3842 313 3886 annonae
330 3819 475 3886 horreum
487 3821 595 3908 populi
607 3821 742 3889 Romani
753 3822 820 3888 fore
833 3819 1008 3886 videbatur,

77 3942 91 3983 1
109 3924 199 3983 tanta
214 3915 346 3982 utilitate
363 3915 441 3983 fides
458 3917 612 4002 antiquior
628 3918 702 3994 fuit,
724 3913 997 4006 responditque
967 3903 1011 3965 ἱῑῦ

76 4013 243 4080 uctoritate
272 4021 361 4078 senat
361 4034 399 4078 us
348 4012 552 4079 tconsul.
587 4013 718 4079 ‘auxilio
742 4032 816 4086 vos,
844 3992 1009 4075 Campssm
1029 4006 1044 4051 ‘²
