2566 4524
335 254 453 309 LIBER
469 255 505 326 V,
524 254 565 310 53.
579 253 621 310 54.
642 259 679 324 [a.
690 254 720 310 C.
730 257 793 326 390]
1023 247 1086 312 303

85 407 244 497 exiliumque
273 437 310 479 ac
337 413 448 500 fugam
469 413 560 479 nobis
585 437 624 478 ex
651 437 687 478 eo
713 414 782 480 loco
811 416 1084 497 conscisceremus,

81 511 155 646 ΕΘΗ]
173 501 250 563 tueri
277 523 340 564 non
366 522 542 584 possemus.
588 510 619 564 et
642 497 727 565 Galli
754 511 891 567 evertere
917 513 1086 588 potuerunt

122 607 198 661 mam,
218 609 314 670 quam
322 586 458 650 Romani
470 586 633 650 restituere
649 609 714 650 non
727 587 915 652 videbuntur
927 590 1087 673 potuisse?

77 668 139 768 quid
151 682 254 748 restat,
273 673 333 736 nisi
353 681 395 750 ut,
415 672 522 736 eiiam
541 672 632 735 novis
651 673 748 758 copiis
768 674 948 737 veniant-
963 684 1086 740 constat
1104 697 1120 744 c

78 772 155 833 curm,
176 757 229 820 vix
247 757 428 823 credibilem
446 757 676 821 multitudinem
695 781 765 822 esse
783 797 824 806 -
843 771 874 823 et
896 759 1036 825 habitare
1053 762 1087 825 in

77 853 149 926 cepta
161 842 199 906 ab
215 865 259 919 se,
278 844 402 908 deserta
416 867 435 907 a
448 842 538 908 vobis
554 842 613 908 hac
627 843 704 908 urbe
718 845 824 922 velint,
845 845 973 909 sinatis?
990 847 1085 930 quid?
1105 871 1119 916 r

77 926 164 993 sinon
178 925 264 994 Galli
281 929 350 1006 hoc,
371 930 427 992 sed
444 941 565 994 veteres
585 930 691 994 hostes
706 931 802 993 vestri
815 929 922 1013 Aequi
936 931 1086 997 Volsoive

77 1011 183 1091 faciant,
201 1033 237 1078 ut
255 1015 461 1101 commigrent
478 1015 627 1091 Romam,
647 1015 804 1092 velitisne,
823 1016 892 1080 illos
911 1017 1083 1096 Romanos,

77 1119 117 1164 tos
136 1099 284 1165 Veientes
308 1123 392 1177 esse,
419 1125 460 1165 an
482 1102 596 1166 malitis
619 1101 700 1165 hanc
721 1101 924 1166 solitudinem
949 1113 1087 1170 vestram

77 1204 150 1269 {uam
167 1185 277 1250 urbem
294 1186 432 1251 hostium
451 1188 540 1250 esse?
561 1211 627 1252 uon
643 1185 788 1270 equidem
806 1187 907 1265 video,
927 1188 1003 1271 quid
1019 1212 1086 1253 ma

77 1271 110 1421 qis
131 1271 215 1336 nefas
240 1273 291 1336 sit.
335 1272 413 1337 haec
435 1272 566 1350 scelera,
595 1272 668 1356 quia
689 1273 777 1358 piget
799 1274 976 1351 aedificare,
1005 1274 1082 1339 haec

83 1357 207 1422 cdecora
223 1357 289 1442 pati
307 1359 407 1442 parati
425 1359 519 1422 estis?
541 1359 568 1423 si
586 1369 651 1423 tota
668 1358 745 1422 urbe
759 1359 878 1422 nullum
893 1361 1004 1424 melius
1019 1383 1085 1424 am·
1102 1378 1118 1426 8

77 1441 176 1507 liusve
194 1453 312 1507 tectum
330 1444 397 1508 fieri
414 1445 515 1529 possit
557 1467 651 1528 quam
675 1467 748 1508 casa
770 1445 823 1508 illa
846 1446 1014 1511 conditoris
1037 1455 1086 1511 est

77 1527 166 1606 ostri,
193 1552 256 1592 non
274 1530 307 1592 in
325 1530 406 1593 casis
424 1531 486 1594 ritu
506 1541 668 1615 pastorum
691 1530 923 1616 agrestiumque
945 1532 1085 1597 habitare

77 1626 105 1679 st
122 1615 218 1679 satius
236 1615 317 1679 inter
340 1638 429 1680 sacra
449 1626 641 1701 penatesque
662 1627 785 1680 nostros
808 1638 903 1699 quam
926 1617 1085 1682 exulatum

77 1699 178 1765 ublice
197 1700 262 1764 ire?
283 1702 417 1765 maiores
431 1702 539 1777 nostri,
559 1723 716 1766 convenae
730 1716 943 1785 pastoresque,
963 1725 1035 1767 cum
1052 1704 1086 1766 in
1104 1724 1120 1770 9

77 1784 199 1851 risloois
217 1786 295 1850 nihil
313 1797 435 1871 praeter
453 1787 548 1851 silvas
566 1787 760 1871 paludesque
779 1799 875 1864 esset,
899 1810 1015 1852 novam
1032 1812 1084 1852 ur-

77 1892 128 1937 tem
144 1882 210 1937 tam
228 1872 317 1936 brevi
334 1873 550 1937 aedificarunt:
574 1896 632 1937 nos
652 1870 817 1957 Capitolio,
837 1895 908 1938 arce
925 1874 1084 1951 incolumi,

77 1958 209 2023 tentibus
223 1958 347 2042 templis
362 1960 500 2035 deorum,
520 1957 683 2023 aedificare
697 1959 825 2022 incensa
838 1959 944 2045 piget?
962 1975 992 2023 et
1001 1960 1086 2043 quod

77 2043 171 2130 iuguli
189 2044 302 2108 facturi
319 2044 447 2122 fuimus,
468 2045 495 2109 si
513 2045 607 2109 aedes
625 2055 750 2109 nostrae
768 2044 1004 2133 deflagrassent,
1023 2045 1084 2111 hoc

77 2129 233 2216 npublico
250 2130 394 2195 incendio
413 2131 551 2195 universi
568 2153 749 2195 recusamus
768 2130 891 2195 facere?

117 2215 231 2280 LHII.
269 2214 356 2298 Quid
378 2218 518 2294 tandem,
543 2217 571 2280 si
588 2216 712 2292 fraude,
732 2216 759 2280 si
777 2239 854 2280 casu
872 2214 961 2281 Veiis
978 2215 1085 2281 ineen-
1104 2239 1117 2285 1

77 2300 141 2369 tum
159 2311 263 2365 ortum
281 2303 335 2379 sit,
356 2315 523 2386 ventoque,
547 2311 583 2365 ut
599 2302 667 2366 fieri
684 2311 800 2386 potest,
824 2301 940 2366 diffusa
956 2302 1084 2365 flamma

77 2408 205 2474 nagnam
221 2398 342 2472 partem
361 2388 447 2453 urbis
466 2387 625 2464 absumat,
645 2387 781 2451 Fidenas
800 2387 872 2450 inde
890 2397 944 2451 aut
963 2385 1083 2452 Gabios

77 2471 188 2539 lismve
210 2495 305 2555 quam
328 2473 437 2538 urbem
455 2474 627 2557 quaesituri
649 2495 772 2549 sumus,
800 2495 862 2555 quo
885 2472 1086 2558 transmigre-

77 2559 144 2625 rus?
165 2559 246 2624 adeo
262 2559 340 2622 nihil
358 2569 441 2624 tenet
460 2560 562 2624 solum
578 2559 697 2643 patriae
715 2580 773 2622 nec
787 2558 864 2622 haec
881 2569 971 2635 terra,
991 2580 1086 2640 quam
1104 2579 1124 2624 2·

77 2655 186 2716 rehem
213 2645 421 2729 appellamus,
454 2647 511 2710 sed
536 2646 570 2709 in
597 2645 760 2728 superficie
787 2645 944 2730 tignisque
972 2644 1085 2709 caritas

77 2729 146 2796 obis
162 2731 282 2814 patriae
299 2731 434 2814 pendet?
456 2731 601 2814 equidem
619 2768 660 2777 —
678 2729 800 2794 fatebor
821 2730 926 2808 vobis,
950 2730 1010 2795 etsi
1027 2729 1085 2793 mi·
1103 2749 1118 2796 3

77 2836 115 2881 us
131 2815 263 2880 iniuriae
282 2827 403 2881 vestrae
422 2839 518 2899 quam
535 2838 624 2880 meae
643 2815 826 2880 calamitatis
845 2816 1025 2881 meminisse
1039 2815 1088 2880 iu-

77 2910 110 2966 et
128 2939 173 2949 -
196 2923 267 2966 cum
290 2901 448 2980 abessem,
477 2902 756 2985 quotienscumque
777 2902 878 2987 patria
899 2903 932 2967 in
949 2912 1088 2967 mentem

78 2987 188 3065 enitet,
215 2988 294 3051 haec
312 2987 417 3052 omnia
434 2987 652 3063 occurrebant,
681 2987 775 3052 colles
794 2989 959 3072 campique
983 3000 1014 3052 et
1032 2987 1087 3052 Ti-

82 3072 142 3137 aris
159 3083 189 3137 et
206 3074 337 3138 adsueta
355 3074 453 3138 oculis
472 3074 559 3159 regio
578 3083 609 3137 et
625 3072 685 3137 hoc
704 3073 838 3149 caelum,
868 3072 927 3137 sub
951 3095 1013 3155 quo
1031 3096 1087 3136 na

77 3176 114 3220 us
131 3157 339 3241 educatusque
355 3182 471 3237 essem;
490 3181 571 3242 quae
585 3181 652 3235 voa,
673 3157 821 3241 Quirites,
841 3179 924 3221 nunc
939 3166 1086 3220 moveant

77 3241 163 3307 atius
187 3245 316 3309 caritate
343 3268 413 3322 sua,
445 3255 480 3309 ut
506 3245 657 3308 maneatis
684 3244 717 3307 in
744 3244 818 3307 sede
845 3253 963 3320 vestra,
991 3263 1087 3325 quam

77 3340 181 3406 ostea,
201 3352 273 3394 cum
291 3330 491 3414 reliqueritis,
512 3353 549 3395 ea
566 3340 725 3394 macerent
742 3329 905 3405 desideria
938 3349 1001 3392 non
1019 3327 1086 3391 sine
1104 3344 1122 3392 4
1162 3370 1172 3389 .

77 3436 154 3480 ausa
170 3415 215 3479 dii
232 3416 437 3500 hominesque
456 3417 539 3480 huno
560 3415 631 3479 urbi
654 3415 833 3479 condendae
856 3415 960 3479 locum
984 3414 1087 3500 elege-

77 3511 137 3578 unt,
157 3501 378 3567 saluberrimos
398 3503 507 3580 colles,
525 3503 644 3564 flumen
661 3510 863 3585 oportunum,
883 3523 945 3583 quo
965 3524 1004 3565 ex
1022 3521 1088 3563 me-

77 3584 239 3652 iterraneis
265 3588 343 3652 locis
370 3588 478 3674 fruges
505 3587 711 3663 devehantur,
740 3609 802 3669 quo
828 3586 975 3650 maritimi
1002 3606 1087 3649 com-

77 3683 179 3738 meatus
202 3673 407 3758 accipiantur,
434 3674 513 3738 mari
535 3673 674 3737 vicinum
699 3673 740 3735 ad
766 3673 1002 3736 commoditates
1028 3692 1087 3734 nec

77 3759 236 3844 xpositum
257 3759 355 3823 nimia
375 3760 606 3844 propinquitate
628 3759 668 3821 ad
694 3757 833 3842 pericula
859 3758 1008 3821 classium
1035 3779 1090 3820 ex·

77 3861 230 3922 ernanum,
249 3846 414 3931 regionum
432 3844 541 3909 Italiae
560 3844 712 3920 medium,
736 3843 776 3907 ad
794 3843 1019 3907 incrementum
1037 3863 1088 3903 ur·

77 3926 111 3994 tis
129 3942 239 3995 natum
261 3931 352 3996 unice
374 3932 488 3996 locum.
533 3941 717 4016 argumento
740 3939 788 3993 est
814 3929 884 4013 ipsa
905 3925 1086 4014 magnitudo
1105 3945 1121 3990 5

77 4032 125 4080 em
150 4039 251 4082 novae
278 4016 375 4082 urbis.
425 4017 661 4082 trecentesimus
690 4015 928 4100 sexagensimus
959 4011 1085 4095 quintus
