2566 4524
330 266 449 322 arena
466 268 536 339 vn,
554 268 579 324 e.
593 269 618 324 a
638 273 676 338 [a
687 268 790 341 caea]
1011 266 1075 335 357

112 425 188 494 VII.
215 425 405 510 Priusquam
415 425 1108 516 dictatorlegionesquenovaeinHernicos1

65 524 202 602 venirent,
222 522 318 588 ductu
332 519 370 588 C.
385 520 508 607 Sulpici
520 522 616 610 legati
629 547 679 589 res
696 547 754 610 per
771 528 967 596 occasionem
984 545 1076 620 gesta

65 618 173 706 egregie
195 625 254 682 est
290 616 324 681 in
340 615 512 695 Hernicos,
535 627 635 684 morte
657 621 795 687 consulis
813 626 1017 711 contemptim·
1034 628 1075 693 ad
1093 649 1107 695 2

65 723 149 779 asna
157 712 304 778 Romana
315 733 388 776 cum
400 710 487 776 haud
499 711 596 778 dubia
609 716 812 799 expugnandi
830 740 886 803 spe
904 721 1075 788 suceeden.

65 817 109 887 tes,
129 807 275 874 hortante
292 805 396 894 legato
414 816 447 872 et
462 806 563 893 plenis
581 807 645 873 irae
663 818 757 892 atque
778 810 971 898 indignitatis
993 817 1075 882 mili-

65 914 113 971 tnm
141 903 256 970 animis
283 902 404 988 eruptio
431 912 480 969 est
505 903 599 969 facta.
640 904 773 969 multum
795 906 836 971 ab
859 929 916 993 spe
937 910 1075 976 adeundi

65 999 120 1066 ralli
134 1021 188 1066 res
200 997 349 1064 Hernicis
367 996 460 1062 afuit:
483 998 563 1062 adeo
580 997 712 1063 turbatis
730 999 803 1064 inde
821 1002 982 1069 ordinibus
1001 1005 1074 1070 abs·

65 1115 179 1160 essere.
215 1091 374 1158 dictatoris
397 1092 510 1156 deinde
528 1092 666 1157 adventu
682 1116 783 1159 novus
802 1096 899 1159 veteri
918 1099 1106 1168 exercituse

65 1188 187 1276 ¹ungitur
213 1196 245 1252 et
259 1187 378 1282 ‘copiae
400 1186 612 1272 duplicantur3
639 1196 670 1253 et
691 1210 748 1274 pro
771 1189 915 1254 contione
941 1192 1074 1260 dictator

65 1282 192 1349 sudibus
210 1280 307 1368 legati
323 1281 532 1364 militumque,
552 1304 685 1366 qnorum
698 1283 812 1348 virtute
825 1294 928 1350 castra
942 1285 1073 1352 defensa

65 1387 148 1455 erant,
172 1376 266 1442 simul
284 1376 483 1443 audientibus
499 1376 610 1442 laudes
628 1377 755 1442 meritas
774 1378 853 1442 tollit
870 1379 1006 1458 animos,
1031 1381 1073 1445 si·

65 1471 112 1536 nul
129 1480 249 1536 ceteros
267 1471 308 1535 ad
325 1469 527 1536 aemulandas
545 1471 676 1536 viantes
694 1472 787 1536 acuit.
823 1495 924 1557 neque
944 1475 1071 1561 segnius
1090 1495 1107 1542 4

65 1567 90 1632 ul
104 1566 211 1632 hostes
228 1564 347 1631 bellum
364 1574 540 1651 apparatur,
559 1566 615 1650 qui
631 1576 663 1630 et
679 1566 760 1651 parti
778 1576 849 1632 ante
867 1569 989 1634 decoris
1007 1592 1073 1638 me.-

65 1683 150 1727 nores
173 1681 275 1745 neque
296 1659 399 1745 ignari
421 1669 583 1726 auctarum
604 1659 717 1724 vidum
735 1661 835 1727 hostis
854 1685 928 1728 suas
947 1685 1072 1747 quoque

65 1754 128 1821 tres
155 1763 281 1840 augent.
321 1776 414 1818 omne
439 1753 615 1819 Hernicum
640 1777 770 1832 nomen,
802 1756 902 1820 omnis
929 1758 1071 1822 militaris

65 1860 134 1916 retas
149 1849 281 1916 excitur:
300 1849 580 1934 quadringenariae
595 1858 666 1915 octo
685 1848 842 1927 cohortes,
861 1849 942 1915 lecta
958 1849 1072 1917 robora
1140 1830 1152 1856 ⁸

65 1943 196 2021 drorum,
221 1941 406 2009 scribuntur.
441 1941 526 2007 hunc
548 1942 698 2007 eximium
719 1943 827 2008 florem
844 1944 1015 2010 iuventutis
1034 1968 1072 2011 eo
1090 1966 1111 2026 5Ι

65 2037 154 2115 tiam,
173 2038 258 2122 quod
271 2045 306 2101 ut
324 2036 441 2123 duplex
458 2036 634 2122 acciperent
652 2036 842 2122 stipendium
860 2038 1070 2118 decreverant,

65 2132 114 2218 pei
140 2132 378 2214 animorumque
403 2131 571 2216 inplevere.
615 2131 760 2196 inmunes
791 2154 915 2216 quoque
942 2155 1072 2219 operum

65 2225 226 2290 nilitarium
249 2234 349 2303 erant,
377 2225 467 2289 utin
487 2247 587 2289 unum
607 2247 734 2311 pugnae
755 2224 895 2290 laborem
920 2227 1072 2290 reservati
1106 2305 1109 2309 Ι

65 2318 117 2385 lus
136 2319 198 2386 sibi
215 2341 310 2402 quam
327 2341 384 2405 pro
401 2319 484 2383 virili
499 2328 588 2405 parte
606 2318 810 2382 adnitendum
828 2319 950 2383 scirent
984 2329 1071 2383 extra
1089 2339 1104 2384 6

65 2415 185 2481 udinem
204 2415 298 2480 etiam
315 2415 347 2479 in
366 2414 432 2479 acie
449 2413 556 2492 locati,
576 2435 639 2498 quo
657 2413 852 2498 conspectior
864 2413 962 2478 virtus
978 2423 1070 2479 esset.

110 2507 222 2574 Duum
248 2508 369 2573 milium
394 2508 538 2594 planities
566 2517 669 2574 castra
690 2508 834 2573 Romana
860 2507 899 2572 ab
922 2508 1071 2572 Hernicis

65 2601 225 2669 lhimebat:
244 2601 288 2668 ibi
301 2603 369 2689 pari
382 2603 481 2669 ferme
494 2602 651 2686 utrimque
665 2602 766 2688 spatio
779 2603 812 2666 in
830 2603 933 2666 medio
950 2625 1073 2689 pugna
1108 2680 1112 2685 Ι

65 2720 113 2765 nm
135 2707 197 2782 est.
233 2698 334 2784 primo
361 2698 446 2763 stetit
472 2698 619 2784 ambigua
646 2719 703 2782 spe
728 2720 849 2784 pugna,
882 2698 1072 2781 nequiquam
1091 2717 1105 2764 7

65 2815 141 2880 aepe
165 2793 284 2859 conatis
307 2792 463 2877 equitibus
481 2792 633 2858 Romanis
655 2792 774 2877 impetu
792 2792 917 2857 turbare
934 2792 1073 2856 hostium

65 2888 156 2955 ciem.
182 2898 350 2975 postquam
368 2888 520 2972 equestris
538 2910 646 2974 pugna
664 2888 779 2953 effectu
796 2909 890 2972 quam
909 2887 1072 2953 conatibus
1090 2906 1106 2955 8

65 2983 158 3050 'anior
183 2992 263 3061 erat,
295 2983 438 3048 consulto
468 2983 555 3068 prius
585 2982 735 3047 dictatore
766 2983 886 3064 equites
917 2981 1073 3066 permissu

65 3077 161 3143 leinde
181 3078 251 3142 eius
273 3078 389 3143 relictis
413 3078 501 3162 equis
523 3077 659 3142 clamore
677 3076 796 3162 ingenti
813 3074 978 3160 provolant
999 3084 1072 3139 ante

65 3171 143 3258 igne
155 3181 192 3244 ‚et
210 3194 325 3237 novam
343 3173 499 3259 integrant
516 3194 665 3258 pugnam.
700 3191 804 3252 neque
822 3169 969 3234 sustineri
985 3178 1073 3252 pote·
1091 3189 1105 3236 9

65 3275 130 3346 ant,
146 3267 181 3332 ni
193 3267 455 3333 exuaordinariae
469 3267 611 3334 cohortes
624 3265 694 3354 pari
706 3287 871 3351 corporum
885 3262 1073 3329 animorum-

65 3385 109 3448 que
126 3361 240 3430 robore
258 3384 293 3428 se
310 3362 508 3429 obiecissent.

109 3455 205 3523 VIlL
250 3456 341 3522 Tunc
366 3457 447 3522 inter
472 3456 624 3542 primores
651 3455 784 3520 duorum
809 3453 997 3539 populorum
1022 3474 1105 3520 res1

65 3551 173 3633 ‚raihun
214 3551 367 3635 quidquid
392 3551 466 3616 hinc
492 3559 547 3615 aut
571 3549 657 3614 illinc
682 3549 856 3615 communis
883 3546 973 3616 Mars
1000 3545 1074 3613 belli

65 3643 162 3723 nfert,
180 3644 346 3731 multiplex
363 3667 458 3730 quam
475 3667 533 3730 pro
550 3666 681 3710 numero
700 3645 850 3709 damnum
868 3652 925 3709 est.
957 3642 1072 3729 vulgus

65 3737 131 3807 lud
145 3749 354 3818 armatorum,
371 3739 458 3806 velut
475 3739 620 3827 delegata
636 3737 824 3825 primoribus
838 3760 960 3824 pugna,
979 3758 1073 3801 even-

65 3856 112 3901 ω
129 3856 225 3901 snum
242 3834 276 3900 in
293 3835 407 3901 eirtme
424 3834 526 3901 aliena
542 3833 639 3920 ponit.
676 3832 765 3898 multi
778 3827 935 3914 utrimque
948 3828 1070 3904 cadunt,

65 3926 151 3996 lares
172 3929 305 3996 vulnera
326 3929 491 4016 accipiunt
528 3929 655 3994 tandem
677 3927 797 4012 equites
815 3926 894 3991 alius
913 3923 1008 3990 alium
1024 3921 1072 3983 in-
1090 3939 1105 3988 2

65 4032 225 4111 repentes,
248 4024 325 4110 quid
342 4025 455 4092 deinde
472 4031 617 4102 restaret,
640 4021 832 4108 quaerendo,
859 4019 1010 4100 sineque
1032 4037 1075 4092 ex
