2566 4524
172 241 236 308 304
437 253 555 308 musa
571 253 607 324 v,
625 251 666 307 54.
680 252 722 307 aa.
744 256 818 322 [au.
831 250 927 325 east]
1037 232 1040 237 '

172 435 272 477 annus
290 411 387 489 urbis,
408 410 557 494 Quirites,
577 412 693 498 agitur3
711 412 793 477 inter
808 420 854 477 tot
867 410 1058 478 veterrimos
1074 413 1206 500 populos

171 509 236 563 tam
254 498 309 562 diu
325 497 408 562 bella
425 497 546 584 geritis,
565 520 637 562 cum
654 498 786 576 interea,
805 520 845 562 ne
863 497 1008 584 singulas
1027 497 1144 582 loquar
1158 523 1204 567 ur·

171 583 239 661 bes,
257 605 322 648 non
339 583 495 648 coniuncti
514 606 585 648 cum
602 582 724 667 Aequis
738 583 858 662 Volsci,
878 592 925 649 tot
942 592 1011 648 tarn
1029 584 1138 650 valida
1153 607 1202 672 op-

171 670 259 755 pida,
287 691 351 734 non
368 670 515 733 universa
532 669 661 734 Etruria
678 679 800 734 tantum
816 678 899 734 terra
920 671 1067 754 marique
1086 671 1198 755 pollens

131 786 134 791 ·
172 765 265 839 atque
287 756 452 830 interduo
474 755 573 819 maria
594 755 790 819 latitudinem
816 755 960 820 obtinens
983 755 1099 820 Italiae
1126 756 1196 821 bello

138 863 154 910 o
172 840 263 905 vobis
281 863 338 926 par
355 850 412 905 est.
439 841 525 923 quod
539 862 611 904 oum
624 841 669 904 ita
684 841 733 917 sit,
752 862 833 923 quae
850 879 893 888 -
909 840 1048 905 maluml
1068 880 1111 890 —
1127 843 1194 907 ratio
1222 844 1225 897 i

172 936 221 991 est
233 926 369 1011 expertis
383 926 445 991 alia
458 926 600 1011 experiri,
620 948 701 1003 cum,
719 926 783 990 iam
796 935 832 990 ut
844 927 943 991 virtus
957 936 1068 992 vestra
1076 928 1193 992 transire

172 1012 234 1076 alio
274 1011 364 1089 ossit,
388 1011 515 1076 fortuna
532 1022 615 1076 certe
632 1012 694 1076 loci
710 1011 805 1076 huius
823 1011 986 1076 transferri
1003 1036 1070 1077 non
1088 1012 1191 1098 possit?
1209 1060 1214 1067 .

139 1123 153 1167 7
171 1097 224 1162 hic
242 1034 434 1183 dapitolium
452 1109 513 1176 est,
540 1096 596 1161 ubi
613 1098 772 1181 quondam
795 1097 896 1183 capite
917 1097 1061 1163 humano
1078 1099 1190 1169 invento

174 1206 361 1269 responsum
379 1193 440 1261 est,
468 1205 506 1248 eo
523 1183 592 1248 loco
610 1192 705 1267 caput
720 1206 826 1247 rerum
844 1205 1066 1268 summamque
1083 1182 1190 1268 imperti

174 1270 256 1348 fore3
280 1268 344 1346 hic,
364 1292 436 1333 oum
455 1279 606 1370 augurato
625 1269 808 1333 liberaretur
827 1267 1035 1354 Capitolium,
1053 1269 1187 1333 Iuventas

172 1355 403 1438 Terminusque
425 1378 562 1419 mammo
588 1355 705 1441 gaudio
731 1364 855 1440 patrum
881 1364 1060 1419 vestrorum
1086 1350 1189 1419 moveri

173 1463 287 1506 senon
305 1440 391 1526 passi
397 1466 406 1518 ;
424 1441 477 1505 hic
494 1440 611 1505 Vestae
630 1441 731 1517 iones,
750 1440 802 1505 hic
820 1439 933 1504 ancilia
950 1440 1038 1504 caelo
1056 1439 1200 1517 demissa·

172 1526 224 1590 hic
241 1548 350 1590 omnes
390 1527 493 1626 ropitii
511 1497 709 1590 manentibus
727 1525 818 1592 vobis
836 1524 898 1589 dii!

140 1636 151 1679 1
237 1610 310 1675 LV.
342 1549 485 1677 ltlbvrsse
503 1634 557 1677 eos
573 1611 726 1676 Camillus
745 1633 817 1676 oum
835 1611 896 1676 alia
914 1610 1055 1677 oratione
1072 1621 1193 1688 tumeo,¹

174 1720 254 1781 quae
273 1697 314 1761 ad
330 1698 497 1783 religiones
519 1696 707 1782 pertinebat,
730 1697 868 1761 maxime
889 1697 1013 1763 dicitur.
1052 1699 1114 1770 ,sed
1132 1718 1184 1762 rem

173 1783 301 1847 dubiam
319 1784 457 1847 decrerit
473 1806 537 1848 vox
555 1793 706 1868 oportune
724 1783 849 1861 emissa,
869 1783 963 1866 quod,
984 1805 1058 1848 cunr
1076 1792 1192 1848 sanatus-¹

195 1881 245 1933 ost
267 1868 359 1954 paulo
382 1870 421 1933 de
443 1869 492 1933 his
515 1869 609 1934 rebus
631 1869 772 1934 incuria
794 1868 934 1933 Hostilia
958 1868 1126 1935 haberetur
1143 1889 1183 1933 co·

172 1892 343 2036 liortesquc
366 1977 404 2018 ex
430 1955 594 2038 praesidiis
621 1964 811 2020 revertentes
837 1954 918 2019 forte
944 1956 1073 2041 agmine
1100 1955 1185 2020 foram

175 2039 349 2116 transirent,
369 2039 507 2104 centurio
520 2041 553 2103 in
567 2040 692 2105 comitio
706 2039 906 2105 exclamavit:
927 2046 936 2075 ‘
941 2041 1084 2127 signifer,
1103 2049 1184 2106 saus

138 2143 155 2190 a
175 2124 314 2211 signum,
337 2124 389 2189 hio
406 2124 602 2191 manebimus
621 2124 756 2212 optime?
800 2148 863 2210 qua
880 2147 958 2190 voce
981 2127 1090 2192 audita
1106 2138 1134 2192 et

172 2220 264 2275 natus
283 2211 423 2297 accipere
443 2234 476 2275 sc
495 2234 588 2276 omen
605 2235 645 2276 ex
667 2212 753 2276 curia
775 2234 922 2299 egressus
944 2213 1147 2278 conclamavit

171 2296 261 2381 plebs
281 2297 470 2362 circumfusa
488 2298 681 2383 adprobavit.
727 2298 886 2382 antiquata
908 2298 1023 2363 deinde
1045 2299 1148 2387 legep

138 2405 153 2450 3
172 2383 269 2446 misce
288 2383 362 2448 urbs
382 2384 538 2448 aedificari
557 2394 676 2468 coepta.
718 2384 824 2469 tegula
842 2383 966 2468 publica
985 2386 1127 2533 praebita
1141 2389 1187 2459 osb:

173 2469 241 2532 saxi
259 2470 468 2552 materiaeque
486 2472 672 2548 caedendae,
692 2471 775 2534 unde
794 2470 926 2553 quisque
945 2492 985 2534 vc
1010 2481 1050 2548 et,
1071 2472 1119 2534 ius
1135 2469 1185 2533 fao·

172 2564 253 2619 tum:
284 2555 451 2639 praedibus
479 2557 614 2641 acceptis
642 2577 679 2620 eo
710 2579 792 2620 auno
823 2555 966 2620 aedificia
997 2557 1189 2641 perfecturos·

137 2660 153 2704 4
171 2639 330 2704 festinatio
348 2664 455 2705 curam
474 2642 589 2705 exemit
610 2643 696 2706 vicos
720 2642 888 2726 dirigendi,
915 2641 992 2705 dum
1016 2644 1133 2707 omisso
1148 2636 1185 2704 soi

136 2725 326 2808 salieniquc
352 2727 530 2790 discrimine
556 2727 589 2791 in
614 2750 714 2792 vacuo
737 2727 911 2791 aedificant.
956 2749 996 2792 ea
1023 2739 1073 2793 est
1096 2748 1182 2801 causa

172 2820 207 2873 ut
224 2820 345 2874 veteres
365 2811 499 2888 cloacae,
517 2813 618 2897 primo
635 2835 692 2898 per
709 2812 871 2898 publicum
889 2813 1018 2889 ductae,
1037 2837 1121 2878 nunc
1137 2810 1184 2898 pri·

171 2903 245 2958 vata
265 2895 385 2980 passim
408 2896 541 2961 subeant
562 2909 644 2963 tecta
665 2899 829 2981 formaque
852 2897 939 2962 urbis
966 2898 1009 2962 sit
1032 2908 1186 2985 occupatas

170 2980 272 3066 magis
291 3002 386 3064 quam
404 2982 522 3047 divisae
542 2984 660 3048 similis.
