2566 4524
331 253 450 309 nmen
466 253 567 325 vnn,
586 253 629 311 as.
648 251 799 328 [acen]
1014 243 1081 314 469

111 413 246 480 XXVI.
277 411 402 479 Eodem
421 434 502 478 anno
524 413 648 498 prodito
666 412 810 481 hostibus
826 413 972 484 Romano
988 436 1081 504 prae-
1097 441 1113 491 ι,

59 511 129 578 idio
145 507 285 576 Luceria
304 505 494 577 Samnitium
516 508 609 574 faeta.
644 531 705 576 nec
724 509 780 576 diu
800 511 1011 597 proditoribus
1033 513 1081 580 in·

59 606 157 674 »unda
173 627 225 670 res
242 603 311 669 fuit
343 603 429 669 haud
445 601 554 690 procul
571 603 644 668 inde
658 604 812 670 exercitus
821 604 985 673 Romanus
999 617 1065 674 erat
1069 635 1080 689 ς
1098 630 1113 676 2

59 700 136 767 nius
158 697 262 786 primo
282 697 404 784 impetu
424 696 500 763 urbs
524 698 584 763 sita
600 698 634 763 in
650 698 745 784 plano
763 699 893 785 capitur.
928 701 1080 768 Lucerini

59 816 83 862 c
101 791 266 862 Samnites
283 791 326 858 ad
341 791 587 859 internecionem
605 794 703 872 caesi,
726 815 827 878 eoque
848 795 895 860 ira
915 797 1079 883 processit,
1098 816 1113 864 a

59 899 79 956 u
100 888 228 955 Romae
252 908 393 973 quoque,
421 909 493 952 curn
515 887 556 953 de
582 887 700 954 colonis
726 888 887 954 mittendis
908 890 1080 958 Luceriam

59 981 265 1053 ensnleretur
289 991 433 1061 senatus,
460 981 551 1048 multi
577 981 742 1049 delendam
768 981 879 1050 urbem
905 996 1078 1052 censerent.

59 1085 173 1146 raeter
189 1075 308 1166 odium,
321 1076 408 1162 quod
425 1074 600 1143 execrabile
617 1077 651 1142 in
667 1075 717 1144 bis
736 1086 845 1165 captos
863 1088 939 1159 erat,
957 1079 1077 1167 longin-
1097 1101 1114 1148 4

59 1171 151 1260 pritas
170 1191 297 1256 quoque
314 1169 482 1237 abhorrere
496 1193 515 1236 a
527 1170 705 1258 relegandis
723 1181 788 1238 tarn
805 1173 915 1259 procul
932 1172 972 1240 ab
985 1175 1079 1241 domo

59 1264 170 1334 ivibus
187 1266 269 1332 inter
281 1274 348 1332 tam
359 1265 491 1331 infestas
509 1273 619 1353 gentes
634 1264 775 1353 cogebat.
802 1266 877 1333 vicit
890 1276 996 1334 tamen
1008 1290 1080 1335 sen·
1098 1288 1113 1337 5

59 1361 155 1441 aritia,
173 1370 209 1426 ut
226 1360 421 1427 mitterentur
438 1360 550 1427 coloni.
578 1361 641 1426 duo
654 1361 741 1427 milia
754 1370 785 1426 et
798 1360 961 1450 quingenti
978 1362 1078 1430 missi.
1127 1416 1130 1423 .

108 1455 237 1521 Eodem
254 1477 350 1534 anno,
373 1476 446 1520 curn
464 1455 570 1520 omnia
590 1454 687 1520 infida
703 1454 857 1520 Romanis
875 1466 995 1535 essent,
1016 1456 1079 1523 Ca-

59 1572 129 1618 rnae
145 1571 274 1636 quoque
291 1549 433 1616 occultae
449 1549 627 1636 principum
644 1549 875 1616 coniurationes
893 1551 1007 1618 factae.
1038 1552 1078 1619 de
1097 1560 1121 1621 e'

59 1645 162 1734 pribus
181 1666 255 1711 oum
272 1644 313 1710 ad
330 1653 474 1711 senatum
491 1643 625 1710 relatum
643 1652 740 1722 esset,
763 1643 1008 1731 haudquaquam
1024 1669 1081 1712 ne-

59 1740 152 1831 deeta
167 1763 231 1807 res.
254 1739 453 1825 quaestiones
467 1740 620 1817 demens,
634 1739 878 1824 dictatoremque
891 1741 1082 1824 quaestioni·
1151 1753 1152 1757 ’

59 1856 107 1902 ns
125 1834 309 1901 exercendis
323 1833 385 1900 dici
401 1833 529 1919 placuit.
558 1832 596 1899 O.
606 1831 754 1899 Maenius
769 1833 886 1913 dictus3
903 1834 931 1900 is
940 1833 989 1898 M.
999 1833 1080 1899 Fos-
1097 1858 1112 1903 ι

147 1927 335 2015 magistrum
357 1928 498 2012 equitum
520 1928 608 1992 dixit.
647 1927 761 2015 ingens
784 1936 853 1994 erat
875 1928 1079 2015 magistratus

59 2023 117 2091 ius
139 2031 245 2088 terror.
286 2021 391 2107 itaque
413 2022 480 2088 sive
502 2022 595 2086 timor
613 2044 670 2088 seu
693 2022 901 2088 eonscientiae
919 2023 967 2090 vis
987 2022 1081 2089 cala-

59 2116 117 2185 rios
128 2113 250 2184 Ovium
262 2114 462 2200 Noviumque
479 2153 521 2165 -
539 2138 577 2182 ea
594 2116 698 2201 capita
716 2117 937 2183 coniurationis
955 2117 1081 2184 fuerant

59 2210 294 2298 ···,priusquam
307 2209 540 2276 nominarentur
548 2210 633 2296 apud
646 2210 840 2288 dictatorern,
871 2233 955 2274 mors
994 2212 1080 2277 haud

59 2304 143 2375 lubic
160 2305 201 2372 ab
219 2305 298 2392 ipsis
316 2305 455 2371 conscita
472 2304 587 2370 iudicio
606 2302 770 2370 subtraxit.
798 2304 910 2369 deinde
927 2313 964 2368 ut
980 2326 1077 2388 quae-
1094 2314 1110 2365 8

59 2399 143 2467 trioni
156 2397 340 2486 Campanae
358 2397 488 2464 materia
505 2399 651 2479 decessit,
670 2420 762 2465 versa
774 2396 911 2463 Romam
927 2398 1079 2484 interpre-

59 2495 144 2564 ndo
160 2516 226 2562 res:
253 2517 318 2562 non
334 2494 519 2560 nominatim
535 2495 590 2581 qni
608 2494 753 2582 Capuae,
773 2493 830 2558 sed
846 2494 880 2557 in
896 2493 1079 2559 universum

59 2589 105 2677 [ui
126 2611 260 2675 nsquam
283 2589 421 2656 coissent
443 2590 699 2656 coniurassentve
722 2589 874 2654 adversus
892 2609 959 2652 rem
977 2586 1080 2672 publi-

59 2704 120 2753 ιω
139 2684 249 2770 quaeri
275 2693 418 2751 senatum
444 2684 577 2751 iussisse
603 2692 634 2750 et
655 2683 805 2749 coitiones
831 2682 986 2748 honorum
1013 2680 1111 2747 adi-9

59 2777 270 2867 §dandorum
296 2800 393 2845 causa
417 2778 519 2844 factas
545 2779 697 2845 adversus
719 2800 787 2844 rem
811 2776 972 2864 publicam
998 2797 1077 2842 esse.

59 2874 201 2960 ntiorqne
223 2883 255 2940 et
275 2895 310 2940 re
325 2884 360 2940 et
380 2873 524 2959 personis
546 2874 689 2957 quaestio
710 2873 792 2953 fieri,
815 2873 901 2940 haud
923 2871 1079 2940 abnuente

59 2966 212 3048 dotatore,
231 2968 300 3035 sine
316 2968 380 3034 fine
396 2968 462 3034 ulla
479 2969 671 3052 quaestionis
690 2990 766 3034 suae
783 2969 834 3032 ius
853 2989 933 3032 esse.
968 2977 1078 3052 postu·
1098 2978 1130 3027 ιο

59 3060 195 3132 dantur
211 3085 287 3150 ergo
304 3061 426 3129 nobiles
443 3062 602 3142 homines,
625 3060 918 3149 appellantibusque
936 3060 1078 3126 tribunos

59 3167 226 3225 moeret
243 3157 370 3236 auxilio,
389 3158 466 3243 quin
482 3158 610 3224 nomina
626 3158 846 3242 reciperentur.
876 3153 949 3218 inde
967 3151 1079 3219 nobili·
1098 3165 1128 3212 11

59 3274 106 3332 ns,
124 3273 185 3318 nec
195 3251 230 3317 bi
242 3251 337 3318 modo
350 3252 384 3316 in
397 3274 476 3335 quos
491 3251 607 3318 crimen
624 3248 851 3327 intendebatur,
867 3247 924 3314 sed
940 3247 1079 3312 universi

59 3342 141 3415 hul
158 3367 285 3433 negare,
304 3343 456 3411 nobilium
473 3345 507 3411 id
524 3346 642 3411 crimen
659 3367 739 3422 esse,
754 3341 869 3427 quibus
883 3342 910 3408 si
923 3340 1010 3406 nulla
1023 3339 1080 3406 ob-

59 3448 147 3509 atur
163 3438 285 3519 frande,
303 3448 409 3526 pateat
421 3439 473 3504 via
491 3439 532 3504 ad
549 3427 709 3516 honore'm,
728 3438 785 3502 sed
801 3436 964 3502 hominum
981 3456 1080 3502 novo·

59 3556 126 3605 m·
161 3533 250 3621 ipsos
272 3535 353 3601 adeo
375 3534 558 3600 dictatorem
579 3533 827 3620 magistrumque
848 3531 989 3616 equitum
1006 3551 1078 3595 reos
1098 3547 1130 3598 12

59 3629 151 3719 ugia
168 3649 266 3714 quam
283 3629 477 3715 quaesitores
495 3629 625 3695 idoneos
643 3626 711 3693 eiua
729 3626 867 3692 oriminis
886 3634 970 3705 esse,
987 3624 1080 3690 intel-

59 3733 261 3808 aratorque,
283 3723 328 3789 ita
344 3723 378 3789 id
399 3732 484 3801 esse,
508 3722 601 3789 simul
623 3720 808 3808 magistratu
826 3719 974 3786 abissent.
1011 3728 1129 3784 tumre

59 3816 131 3885 nim
148 3837 227 3884 vero
243 3814 407 3896 Maenius,
429 3815 493 3882 iam
509 3815 615 3883 samse
635 3816 738 3903 magis
756 3837 852 3901 quam
872 3812 995 3900 imperii
1012 3833 1079 3876 me-

59 3932 130 3992 ror,
151 3933 343 4000 progressus
363 3910 398 3977 in
415 3910 592 3978 contionem
613 3911 658 3977 ita'
674 3908 771 3976 verba
788 3909 877 3975 fecit:
905 3913 950 3972 ‘et
968 3924 1077 3971 omnes
1096 3920 1129 3972 14

59 4016 120 4077 ars
136 4016 229 4075 actae
245 4006 329 4075 vitae
345 4027 405 4075 vos
414 4007 566 4075 conscios
583 4005 695 4086 habeo,
715 4003 869 4088 Quirites,
892 4009 923 4068 et
939 3999 992 4065 hic
1008 3998 1086 4085 ipse.
1206 4042 1210 4047 -
