2566 4524
147 229 215 299 324
307 318 312 324 .
401 237 521 293 umus
537 237 593 309 VI,
612 236 724 291 rs-ao.
745 234 927 306 [ascero]

97 422 130 474 14
147 397 341 488 inposuistis.
377 396 445 463 solo
472 393 655 480 aequandae
683 403 756 459 sunt
782 393 957 459 dictaturae
983 393 1155 460 consulatus·
1196 458 1198 463 .

147 517 223 582 que,
249 503 286 560 ut
312 500 407 581 caput
432 491 574 559 attollere
596 489 742 555 Romana
767 487 876 575 plebes
902 487 1016 576 possit.
1048 489 1156 576 proinde
1193 476 1198 513 ⁴

147 587 452 676 adeste„prohibete
470 587 520 652 ius
539 585 579 651 de
595 584 740 671 pecuniis
756 583 829 649 dici.
865 605 927 672 ego
945 605 998 650 me
1013 593 1156 672 patronum

147 685 302 772 profiteor·
315 681 432 770 plebis,
460 681 546 766 quod
567 679 644 744 mihi
666 701 742 744 cura
762 701 835 744 mea
854 686 888 743 et
904 676 986 744 fides
1002 700 1108 746 nomen
1120 679 1154 744 in·

98 803 129 850 15
148 779 231 845 duit:
258 800 316 843 vos
339 777 367 842 si
388 799 451 861 quo
473 775 592 862 insigni
608 775 712 861 magis
728 772 851 859 imperii
868 772 1038 838 honorisve
1054 773 1152 841 nomine

148 882 291 940 vestrum
307 869 507 957 appellabitis
525 870 652 947 ducem,
672 890 710 934 eo
727 867 858 932 utemini
875 867 1051 954 potentiore
1067 869 1102 934 sd
1114 867 1152 933 ob

99 989 130 1037 16
149 967 278 1033 tinenda
299 989 337 1031 ea
354 987 437 1050 quae
454 963 570 1031 vultis!
604 964 679 1029 inde
696 963 736 1027 de
753 984 852 1050 regno
870 962 1098 1053 agendi-ortum
1110 962 1152 1028 iui-

149 1063 228 1129 tium
250 1062 377 1140 dieitur,
406 1060 463 1126 sed
489 1082 549 1126 nec
575 1081 649 1124 cum
674 1057 789 1143 quibus
815 1079 874 1124 nec
901 1080 998 1143 quem
1024 1059 1064 1124 ad
1081 1058 1153 1123 finen

148 1156 281 1224 consilia
296 1156 509 1243 pervenerint,
534 1153 611 1221 satis
628 1153 758 1240 manum
776 1152 916 1218 traditur.

115 1275 129 1322 1
212 1250 363 1319 XVIMI.
398 1249 445 1315 At
466 1250 501 1314 iu
521 1259 610 1335 parte
632 1249 730 1314 altera
748 1257 876 1314 senatus
895 1247 935 1313 de
954 1245 1155 1314 secessioneiu
1177 1306 1181 1313 .

148 1347 279 1413 domum
294 1346 451 1433 privatam
468 1344 585 1431 plebis,
608 1343 692 1409 forte
709 1343 805 1409 etiam
825 1343 860 1409 iu
881 1364 954 1408 arce
974 1343 1115 1431 positam,
1135 1347 1155 1407 et

114 1461 129 1508 a
148 1441 311 1506 inminenti
330 1440 415 1506 mole
430 1438 567 1506 libertati
589 1438 697 1525 agitat.
733 1461 850 1525 magna
865 1460 942 1524 pars
959 1438 1153 1513 vociferanter,

150 1534 285 1602 Servilio
299 1534 406 1601 Abala
423 1557 504 1621 opus
523 1557 608 1613 esse,
626 1533 682 1618 qui
699 1556 764 1598 non
783 1533 818 1598 in
834 1533 940 1599 vincla
956 1533 1031 1599 duci
1047 1529 1155 1599 iubendo
1175 1620 1178 1625 1

147 1628 255 1694 inritet
278 1628 442 1715 publicum
467 1629 605 1708 hostem,
640 1627 698 1693 sed
725 1627 818 1692 unius
845 1627 967 1694 iactura
993 1629 1070 1695 civis
1092 1626 1156 1691 finiet

115 1745 130 1793 s
149 1722 334 1790 intestinum
351 1723 480 1790 bellum.
518 1722 692 1788 decurritur
708 1723 751 1787 ad
766 1721 918 1788 leniorem
935 1723 1042 1790 verbis
1060 1730 1156 1790 senten

150 1820 241 1900 tiam,
260 1820 326 1885 vim
343 1829 450 1886 tamen
467 1820 600 1885 eandem
618 1818 800 1896 habentem,
819 1826 855 1883 ut
872 1818 1001 1884 videant
1019 1818 1157 1906 magistre·

149 1922 215 1991 tus,
235 1935 275 1978 ne
292 1914 369 1997 quid
388 1936 428 1978 ex
445 1913 628 2000 perniciosis
647 1912 786 1978 consiliis
804 1911 852 1977 M.
867 1911 971 1978 Manli
988 1936 1040 1979 res
1057 1911 1158 1999 publica

115 2028 132 2075 4
149 2007 329 2075 detrimenti
341 2007 453 2093 capiat.
490 2018 559 2072 tum
571 2008 688 2074 tribuni
705 2007 863 2073 consulari
879 2017 1037 2095 potestate
1054 2003 1158 2074 tribuni·

149 2123 211 2186 que
228 2101 315 2188 plebi
332 2140 374 2150 -
392 2125 466 2169 nam
484 2111 516 2169 et
533 2099 594 2190 [ei]
599 2151 609 2183 ,
627 2101 703 2187 quia
719 2103 855 2167 eundem
873 2112 905 2168 et
922 2126 1000 2170 suae
1017 2099 1158 2193 potestatis

150 2217 245 2280 quem
261 2195 413 2262 libertatis
432 2197 573 2262 omnium
589 2197 685 2263 finem
703 2197 886 2276 cernebant,
904 2208 1032 2285 patrum
1050 2195 1160 2266 aucteri-

149 2290 206 2357 tnti
224 2313 259 2357 se
277 2291 461 2375 dediderant
478 2329 535 2370 -,
558 2290 592 2355 hi
609 2301 677 2357 tum
694 2314 804 2358 omnes
827 2293 905 2378 quid
922 2316 1005 2381 opus
1027 2295 1108 2361 facto
1128 2291 1161 2369 sit,

116 2385 337 2453 sconsultant.
379 2409 452 2452 cnm
477 2395 601 2477 praeter
626 2387 691 2451 vim
718 2397 749 2452 et
775 2389 905 2453 caedem
932 2390 1014 2455 nihil
1039 2390 1162 2477 cuiquem

150 2490 340 2560 occurreret,
363 2493 557 2546 sementem
574 2480 712 2568 ingentis
730 2481 940 2550 dimicationis
962 2484 1033 2551 fore
1056 2503 1163 2572 appare·

117 2594 131 2643 5
148 2584 209 2655 ret,
229 2585 297 2641 tum
309 2574 358 2641 M.
367 2575 536 2642 Menenius
551 2584 582 2639 et
597 2574 637 2658 Q.
652 2575 808 2642 Publilius
823 2577 941 2644 tribuni
958 2579 1076 2666 plebis:
1095 2573 1164 2665 ‘quil

148 2678 274 2757 patrum
301 2678 333 2735 et
358 2669 461 2756 plebis
489 2680 648 2737 certamen
669 2670 819 2752 facimus,
847 2674 933 2758 quod
956 2674 1091 2741 civitatis
1113 2691 1165 2739 esse

149 2764 302 2831 adversus
320 2787 419 2828 unum
436 2765 622 2850 pestiferum
640 2765 742 2831 civem
761 2767 874 2833 debet?
899 2770 978 2855 quid
1001 2793 1075 2837 cum
1091 2767 1165 2857 plebe

149 2857 352 2944 adgredimur
370 2880 457 2938 eum,
481 2881 576 2944 quem
593 2883 650 2947 per
666 2861 768 2947 ipsam
786 2862 913 2949 plebem
931 2865 1033 2932 tutius
1055 2859 1166 2954 adgred

116 2961 212 3030 test,
240 2960 276 3017 ut
298 2952 364 3020 suis
386 2952 456 3040 ipse
478 2966 625 3022 oneratus
649 2955 767 3023 viribus
790 2959 880 3023 ruat?
914 2960 1002 3027 diem
1031 2955 1167 3028 dicereel

149 3044 241 3114 uobis
263 3048 298 3115 iu
320 3048 425 3115 animo
449 3059 507 3117 cst.
541 3050 619 3116 nihil
642 3051 746 3118 minus
764 3053 916 3141 populare
935 3077 1038 3140 quam
1052 3075 1167 3145 regnuu

148 3150 207 3208 est.
243 3143 338 3209 simul
359 3143 526 3216 multitudo
548 3146 602 3212 illa
624 3169 688 3212 non
711 3170 821 3213 seeum
842 3151 955 3217 certari
977 3153 1124 3232 viderint,
1147 3155 1167 3214 et

148 3261 189 3305 ex
211 3240 373 3309 advocatis
395 3242 515 3309 iudices
537 3242 614 3308 faeti
636 3253 727 3311 erunt
750 3254 1010 3317 etaecusatores
1025 3250 1067 3317 de
1083 3246 1166 3338 plebe

147 3335 315 3421 patricium
342 3359 432 3403 reum
457 3337 662 3405 intuebuntur
688 3349 719 3405 et
744 3342 836 3431 regni
863 3343 987 3411 emmau
1010 3346 1047 3411 in
1071 3342 1166 3419 medie,

148 3428 228 3493 nulli
244 3429 346 3516 magis
364 3453 463 3516 quam
477 3432 613 3499 libertati
629 3433 783 3500 favebunt
801 3437 897 3502 suae?

117 3543 131 3589 1
214 3521 303 3593 XX.
318 3521 579 3611 Adprobantibus
593 3529 713 3594 cunctis
728 3529 944 3600 diem-Manlio
959 3534 1078 3602 dicunt.
1100 3527 1166 3620 quel

149 3614 205 3682 ubi
218 3615 406 3699 estfactum,
424 3620 528 3709 primo
540 3632 699 3689 commota
710 3623 801 3712 plebs
815 3635 873 3705 est,
889 3627 1001 3714 utique
1016 3640 1165 3717 postquam

115 3728 130 3776 a
149 3709 343 3782 sordidatum
364 3737 454 3781 reum
475 3717 621 3783 viderunt
637 3741 696 3785 uec
714 3741 787 3784 cum
805 3743 843 3787 eo
861 3745 931 3789 non>
945 3727 1044 3792 medo
1059 3741 1164 3813 patrum

148 3825 353 3891 quemquam,
373 3809 430 3874 sed
442 3831 483 3876 ne
496 3821 648 3899 cognatos
662 3812 791 3897 quidem
804 3824 859 3882 aut
872 3817 1008 3900 adfines,
1025 3829 1163 3908 postreun

147 3921 188 3966 ue
200 3899 313 3968 fratres
328 3901 456 3987 quidem
469 3903 592 3971 Aulum
604 3916 636 3974 et
649 3907 758 3976 Titum
771 3908 927 3993 Manlios,
947 3916 1036 3999 quod
1052 3916 1091 3982 ad
1107 3930 1162 3978 euu

148 3993 232 4063 diem
254 4018 427 4083 numquam
449 4022 510 4066 usu
532 4001 686 4096 venisset,
711 4014 744 4070 ut
760 4004 795 4071 in
812 4015 901 4074 tanto
919 4009 1098 4077 discrimine
1112 4023 1159 4071 neu
