2566 4524
318 256 436 311 ιιιιιιιι
453 257 511 327 ιιι,
529 257 571 312 ar.
584 257 628 313 aa.
647 261 684 327 [ι.
695 257 883 328 casa-ru]
1054 245 1116 313 155

84 415 153 480 orti.
182 414 248 483 iam
265 412 421 478 redierant
435 413 534 500 legati
545 436 618 480 oum
630 414 747 481 Atticis
759 415 899 502 legibus,
917 438 956 480 eo
969 416 1117 485 intentius
1136 437 1150 485 6

84 506 245 574 instabant
263 506 393 584 tribuni,
415 517 450 572 ιιι
466 509 593 573 tandem
611 509 847 577 scribendarum
864 510 972 597 legum
993 511 1116 583 initium

84 602 183 668 tieret.
218 601 324 687 placet
347 601 447 667 oreari
470 602 666 667 decemviros
694 604 760 667 sine
782 604 1003 689 provocatione
1025 613 1057 675 et
1077 626 1118 677 ue

83 697 159 782 quis
183 717 222 760 eo
249 717 332 761 anno
358 695 437 763 alius
464 697 666 782 magistratus
693 708 786 763 esset.
831 698 1151 771 admisnerenturner

84 789 204 876 plebei,
219 789 436 857 eontroversia
450 789 645 874 aliquamdiu
662 791 736 870 snit,
755 803 913 878 postumo
932 815 1117 865 concessum

83 884 243 970 pudibus,
267 885 361 951 modo
382 907 423 953 ne
443 883 497 953 lex
513 885 603 951 Icilia
620 885 659 950 de
677 884 836 955 Aventino
855 886 996 971 aliaeque
1015 910 1118 955 samar

83 989 136 1044 tae
150 978 244 1064 leges
264 977 497 1065 abrogarentur.

147 1071 325 1140 XXXIII.
360 1071 457 1141 Anao
483 1073 702 1144 trecentesimo
730 1074 826 1143 altero
868 1097 965 1158 quam
990 1075 1149 1144 eondital

83 1167 188 1234 Roma
205 1175 286 1244 erat,
305 1167 417 1235 iterum
435 1175 573 1237 mutatur
590 1168 692 1238 torma
709 1169 843 1239 civitatis
873 1168 916 1234 ab
936 1168 1116 1234 oonsulibus

86 1263 128 1326 ad
149 1261 358 1340 denemviros,
386 1263 652 1345 quemadmodum
672 1262 714 1328 ab
735 1263 864 1349 regibus
886 1272 959 1333 ente
982 1264 1023 1331 ad
1044 1285 1119 1334 oon

87 1355 171 1421 sules
188 1365 331 1432 venerat,
350 1355 499 1425 translato
511 1356 652 1442 imperia
680 1357 784 1429 minus
798 1357 946 1443 insignis,
960 1357 1040 1440 quia
1052 1379 1117 1428 nun
1135 1377 1150 1425 ι

88 1449 246 1526 diuturna,
274 1448 404 1513 mutatio
427 1449 496 1519 tuit
529 1449 614 1521 laeta
631 1451 720 1523 enim
741 1451 893 1536 principis
912 1452 1116 1538 magistratus

89 1542 157 1607 eius
168 1543 266 1609 nimis
288 1543 500 1621 luxuriavere3
524 1566 564 1613 uo
587 1545 678 1619 eitius
696 1545 785 1631 lapsa
800 1567 852 1617 res
867 1555 920 1611 est
937 1546 1118 1630 repetitum-

93 1657 163 1720 que,
183 1637 310 1704 duobus
330 1637 379 1701 uti
400 1637 600 1707 mandamur
620 1640 787 1711 oonsulum
804 1662 919 1711 nomen
936 1639 1117 1726 imperium-

96 1751 159 1812 que.
190 1730 363 1799 decemviri
380 1731 476 1799 urenti
492 1731 619 1817 Appius
639 1732 806 1811 Claudius,
827 1735 865 1807 T,
881 1732 1057 1813 Genucius,
1077 1733 1114 1803 P·
1135 1755 1150 1802 3

98 1820 226 1902 Sestius,
245 1827 286 1893 L.
296 1824 461 1904 Veturius,
482 1825 520 1891 Ο.
534 1826 646 1905 Iulius,
665 1827 707 1894 A.
721 1827 872 1906 Manlius,
891 1828 929 1893 P.
945 1826 1115 1913 Sulpicius,

102 1914 133 1981 P.
145 1916 311 1997 Curiatius,
326 1920 364 1984 Τ.
378 1919 543 1997 Romilius,
565 1919 620 2007 Sp.
635 1921 829 1988 Postumius.
859 1922 992 1989 Claudio
1007 1932 1038 1986 et
1052 1918 1117 1987 Ge·
1134 1944 1152 1992 4

105 2013 194 2090 uncio,
211 2013 286 2101 quia
298 2014 459 2103 designati
477 2015 621 2083 consules
639 2017 672 2081 in
686 2040 758 2082 eum
772 2041 889 2083 annum
902 2018 1040 2095 fuerant,
1059 2039 1116 2102 pro

109 2103 204 2175 honore
224 2108 326 2175 honos
347 2109 487 2173 redditus
510 2119 541 2173 et
560 2107 679 2188 Sestio,
707 2111 795 2176 alteri
818 2111 982 2177 consulum
1005 2109 1116 2196 prioris

77 2200 85 2223 *
109 2200 179 2278 mni,
197 2203 284 2286 quod
300 2225 371 2267 eam
387 2225 455 2271 rem
492 2203 614 2289 collega
631 2205 729 2269 invito
768 2207 809 2269 ad
830 2216 935 2290 patres
958 2205 1115 2269 retulerat.

107 2292 146 2361 llis
162 2299 293 2383 proximi
313 2298 412 2365 habiti
433 2299 529 2386 legati
547 2309 629 2378 tres,
653 2299 707 2383 qui
724 2298 869 2365 Athenas
887 2301 999 2378 ierant,
1024 2298 1151 2368 simula

86 2426 90 2433 ·
110 2397 197 2475 utpro
210 2393 369 2479 legatione
384 2403 452 2457 tam
468 2394 641 2480 longinqua
662 2395 801 2479 praemio
825 2404 910 2458 esset
930 2394 1046 2470 honos,
1075 2393 1118 2456 si-

77 2508 87 2575 p
111 2485 160 2548 nul
177 2488 291 2572 peritos
312 2489 420 2574 legum
441 2489 676 2575 peregrinarum
698 2489 740 2553 ad
761 2489 924 2554 condenda
945 2510 1028 2552 nova
1048 2487 1118 2553 iura

77 2578 89 2651 ὲ
113 2579 166 2643 usui
179 2581 244 2647 fore
263 2582 439 2652 eredebant.
477 2583 661 2669 supplevere
680 2593 730 2648 oet
717 2584 775 2648 teri
791 2605 967 2648 numerum.
1001 2602 1116 2668 graves
1136 2602 1150 2651 6

77 2638 87 2733 l
77 2690 213 2780 qnoque
239 2686 342 2743 aetate
368 2677 447 2742 eleot
435 2687 484 2742 tos
511 2679 691 2749 novissimis
718 2679 877 2764 suffragiis
904 2678 1022 2754 ferunt,
1054 2697 1117 2760 quo

77 2764 192 2835 suiuus
209 2771 320 2837 ferooit
307 2781 354 2838 ter
371 2772 502 2841 aliorum
522 2773 607 2837 scitis
626 2775 874 2839 adversarentur.
910 2772 1053 2858 regimen
1070 2779 1150 2839 to-t

77 2857 158 2927 tius
172 2866 369 2952 magistratus
387 2889 484 2952 penes
502 2866 645 2953 Appium
669 2877 734 2932 erat
755 2868 863 2935 favore
884 2866 1001 2952 plebis,
1024 2865 1119 2930 adeo-

112 2972 159 3036 que
174 2983 290 3025 nevum
312 2961 403 3028 sibi
393 2961 557 3048 ingenium
577 2962 784 3040 induerat,u
784 2961 973 3047 tplebioola
990 2968 1118 3069 repente

114 3051 251 3139 Omnisque
269 3077 364 3120 aurae
381 3056 541 3142 popularis
560 3065 632 3141 oapt
633 3066 665 3122 at
666 3079 701 3122 or
652 3057 864 3121 tevaderet
881 3078 938 3141 pro
956 3055 1037 3119 truoi
1050 3075 1118 3120 sae-

115 3160 197 3227 voque
210 3147 394 3217 insectatore
412 3150 524 3236 plebis.

156 3238 297 3311 Decumo
314 3245 365 3312 die
381 3245 431 3310 ius
447 3245 566 3354 populo
585 3245 701 3332 singuli
722 3243 902 3310 reddebant.
940 3265 977 3307 eo
995 3241 1045 3307 die
1062 3263 1118 3326 pe·
1135 3261 1151 3310 8

112 3350 153 3397 ιιι
176 3334 406 3422 praefectum
397 3339 473 3405 1uris
508 3340 611 3405 fasces
642 3339 809 3407 duodecim
840 3346 940 3415 erant,
977 3335 1117 3422 conlegis

110 3443 202 3495 novem
219 3432 336 3520 singuli
353 3434 478 3499 aooensi
496 3433 697 3541 apparebant.
734 3449 765 3497 et
781 3433 815 3499 in
837 3432 930 3497 unica
952 3431 1118 3499 oonoordia

109 3515 285 3613 inter1psos,
304 3527 359 3611 qui
377 3549 548 3595 consensus
566 3527 696 3613 privatis
713 3527 869 3591 interdum
886 3525 1005 3591 inutilis
1024 3534 1117 3602 esset,

111 3632 211 3693 numa
227 3621 380 3689 adversm
397 3623 477 3687 alios
494 3623 637 3732 aequitas
656 3631 731 3687 erat.
709 3620 989 3687 tmoderationis
1004 3642 1117 3686 eorum
1136 3639 1150 3688 9

109 3725 307 3796 ngumenrum
333 3717 477 3803 exemplo
501 3717 595 3783 unitus
619 3717 668 3785 rei
692 3725 820 3781 notasse
843 3715 918 3787 satis
942 3715 1013 3783 erit:
1046 3737 1118 3779 eum

108 3802 160 3872 tine
179 3810 402 3896 provocatione
428 3811 524 3881 oresti
550 3820 669 3889 essent,
643 3811 828 3881 tdefosso
854 3810 1007 3875 cadavere
1033 3807 1118 3873 domi

108 3902 174 3983 und
190 3902 346 3983 Sestium,
351 3905 513 4016 patripiae
530 3905 634 3993 gentis
652 3905 768 3984 virum,
786 3905 915 3969 invento
932 3903 1033 4012 prolat
1034 3921 1115 3983 oque
1134 3920 1167 3968 10

106 3987 134 4057 5¹1
147 3999 331 4080 emtionem,
349 4000 383 4066 in
399 4023 433 4068 re
450 4000 539 4067 iuxta
555 4000 724 4066 manifesta
741 4010 835 4084 atque
854 3996 1002 4065 atroeiO.
1017 3995 1117 4061 Iulius
