2566 4524
312 264 429 318 LIBER
442 263 484 333 u,
503 263 527 317 c.
547 266 585 332 [a.
596 261 699 331 coos]
975 251 1018 317 69

77 473 80 498 .
108 423 227 489 bellum
244 431 350 507 aperte
368 419 559 484 moliendum
575 428 676 498 ratus,
704 419 865 484 circumire
884 422 1017 506 supplex

77 517 135 581 :iae
152 516 256 593 urbes,
276 536 363 580 orare
382 515 517 578 maxime
535 512 685 578 Veientes
700 512 1016 600 Tarquiniensesque,
1035 535 1051 582 2

77 620 216 687 =ortum,
245 610 387 673 eiusdem
409 607 586 694 sanguinis,
616 617 783 686 extorrem,
811 618 956 694 egentem
978 632 1018 675 ex

92 705 189 769 modo
206 722 304 790 regno
323 725 394 767 cum
412 701 519 766 liberis
543 700 795 766 adulescentibus
819 711 892 767 ante
909 703 1016 769 oculos

81 801 183 886 perire
202 799 347 863 sinerent.
375 797 452 862 alios
470 818 600 883 peregre
618 796 650 859 in
668 818 800 883 regnum
813 797 949 863 Romam
966 819 1019 863 ao-

77 944 81 967 ,
110 916 145 958 se
162 915 283 979 regem,
312 903 479 978 augentem
497 890 579 956 bello
596 890 776 955 Romanum
793 890 971 978 imperium,
999 916 1019 959 a

79 989 140 1052 mis
160 987 309 1052 scelerata
327 986 538 1051 coniuratione
555 985 691 1071 pulsum.
720 1007 773 1051 eos
790 985 872 1050 inter
885 1007 929 1064 se,
943 986 1017 1069 quia
1035 1007 1051 1056 a

77 1105 180 1146 *unus
200 1081 275 1145 satis
294 1081 407 1166 dignus
430 1101 527 1165 regno
549 1079 636 1143 visus
656 1079 709 1156 sit,
736 1088 841 1163 partes
863 1081 952 1165 regni
968 1103 1018 1144 ra-

77 1199 108 1252 e,
136 1175 220 1239 bona
237 1197 295 1238 sua
312 1174 485 1258 diripienda
502 1173 619 1258 populo
642 1173 780 1250 dedisse,
808 1195 847 1236 ne
870 1174 941 1256 quis
964 1195 1018 1237 ex-

77 1269 204 1334 sceleris
223 1277 316 1332 esset.
351 1268 483 1352 patriam
503 1290 536 1331 se
553 1288 749 1353 regnumque
768 1289 861 1331 suum
877 1276 1018 1352 repetere

75 1364 182 1446 rsequi
200 1363 339 1448 ingratos
358 1362 441 1426 cives
460 1361 554 1438 velle3
574 1361 690 1425 ferrent
703 1383 804 1445 opem,
824 1361 1017 1440 adiuvarent,

83 1480 209 1542 quoque
232 1467 352 1521 veteres
374 1456 502 1520 iniurias
525 1455 626 1519 ultum
647 1456 741 1533 irent,
768 1455 882 1520 totiens
909 1477 1018 1522 caesas

77 1575 142 1628 nes,
171 1574 282 1636 agrum
299 1551 488 1636 ademptum.
524 1548 603 1613 haec
624 1559 790 1615 moverunt
806 1547 956 1615 Veientes
980 1569 1052 1615 act

78 1668 96 1709 e
115 1645 259 1728 quisque,
277 1644 422 1708 Romano
441 1643 551 1707 saltem
570 1644 665 1722 duce,
682 1643 872 1730 ignominias
890 1645 1019 1709 demen-

77 1738 212 1821 ›elloque
235 1737 352 1802 amissa
371 1738 541 1821 repetenda
566 1737 729 1801 minaciter
755 1737 901 1802 fremunt.
939 1737 1018 1802 Tar-

76 1855 168 1897 enses
186 1855 301 1895 nomen
318 1853 356 1896 ac
373 1832 517 1918 cognatio
535 1840 654 1909 movet3
672 1832 838 1917 pulchrum
853 1831 1018 1899 videbatur

81 1927 203 1991 Romae
221 1948 361 2011 regnare.
397 1926 442 1989 ita
463 1926 526 1989 duo
550 1925 682 1990 duarum
705 1926 878 1990 civitatium
900 1926 1051 1993 exemi-5

77 2021 98 2084 d
114 2021 319 2105 repetendum
336 2042 469 2106 regnum
486 2019 630 2103 belloque
646 2021 881 2106 persequendos
899 2020 1018 2087 Roma-

77 2114 165 2178 secuti
184 2113 399 2195 Tarquinium.

77 2207 227 2290 'ostquam
249 2207 282 2270 in
308 2230 418 2293 agrum
440 2207 619 2271 Romanum
645 2216 774 2272 ventum
801 2217 863 2285 est,
891 2206 1017 2272 obviam

94 2300 238 2366 consules
263 2312 350 2364 eunt:
381 2299 527 2364 Valerius
554 2300 705 2383 quadrato
731 2302 856 2387 agmine
878 2302 1050 2387 peditemc

82 2419 90 2470 ;
114 2395 234 2458 Brutus
261 2395 303 2458 ad
328 2395 552 2480 explorandum
579 2416 651 2458 cum
673 2396 813 2478 equitatu
839 2397 1016 2462 antecessit.

77 2510 102 2550 m
118 2489 211 2552 modo
229 2488 347 2572 primus
367 2511 462 2570 eques
480 2487 617 2553 hostium
635 2489 769 2575 agminis
788 2489 857 2567 suit,
875 2499 1017 2576 praeerat

77 2605 113 2645 ns
132 2581 337 2664 Tarquinius,
363 2582 446 2646 filius
464 2583 548 2668 regis
554 2607 563 2659 3
589 2604 645 2646 rex
662 2583 730 2668 ipse
749 2605 821 2648 cum
838 2583 1015 2670 legionibus

77 2674 188 2738 ebatur.
232 2673 354 2738 Arruns
381 2675 436 2738 ubi
463 2698 501 2738 ex
527 2675 687 2740 lictoribus
718 2677 827 2761 procul
854 2677 1049 2746 consulcmr

100 2769 210 2831 deinde
228 2769 290 2831 iam
308 2768 435 2853 propius
455 2791 491 2832 ac
510 2769 623 2833 certius
641 2769 722 2834 facie
740 2791 864 2855 quoque
882 2770 1018 2835 Brutum

77 2861 145 2938 ovit,
164 2861 374 2926 inflammatus
392 2862 439 2925 ira
457 2862 522 2926 ‘ille
540 2873 588 2928 est
605 2863 672 2940 vir,’
690 2863 791 2946 inquit
810 2865 877 2949 ‘qui
890 2888 948 2931 nos
962 2887 1017 2930 ex-

77 2977 89 3018 s
115 2956 234 3040 expulit
254 2955 364 3040 patria.
404 2957 472 3040 ipse
498 2979 538 3020 en
563 2957 615 3021 ille
640 2958 754 3022 nostris
778 2958 942 3024 decoratus
968 2959 1017 3023 in-

77 3047 132 3114 bus
151 3050 316 3134 magnifice
334 3051 458 3114 incedit.
486 3051 518 3114 di
535 3073 646 3136 regum
659 3050 775 3116 ultores
789 3052 916 3118 adeste?
943 3075 1017 3117 con·
1033 3071 1049 3120 8

87 3143 255 3207 calcaribus
274 3165 389 3226 equum
411 3154 504 3227 atque
522 3145 556 3208 in
572 3146 677 3229 ipsum
699 3145 832 3210 infestus
855 3146 1016 3211 consulem

77 3235 105 3300 it.
141 3236 240 3301 sensit
260 3237 294 3300 in
316 3259 349 3301 sc
370 3238 409 3301 iri
425 3239 553 3303 Brutus.
590 3239 739 3303 decorum
761 3248 827 3302 erat
849 3248 916 3303 tnm
937 3239 1016 3325 ipsis

77 3353 154 3396 isere
171 3354 312 3417 pugnam
329 3332 476 3411 ducibus,
504 3333 594 3398 avide
612 3334 717 3416 itaque
737 3355 770 3397 se
789 3332 950 3398 certamini
969 3333 1017 3400 of-

91 3426 233 3509 adeoque
251 3426 373 3491 infestis
392 3427 504 3492 animis
527 3435 762 3504 concurrerunt,
789 3436 912 3505 neuter,
940 3428 1016 3492 dum
1034 3448 1049 3498 9

78 3542 111 3583 m
129 3520 315 3598 uolneraret,
335 3521 384 3585 sui
401 3521 585 3607 protegendi
598 3521 734 3607 corporis
747 3543 876 3600 memor,
894 3531 930 3586 ut
943 3544 1017 3586 con-

77 3640 81 3672 ι
107 3614 173 3678 ictu
199 3624 326 3699 propter
351 3638 493 3700 parmam
518 3625 648 3699 uterque
678 3614 861 3693 transfixus,
893 3615 1015 3680 duabus

77 3718 153 3772 mtes
171 3708 272 3774 hastis
295 3709 471 3773 moribundi
493 3732 532 3774 ex
554 3709 642 3793 equis
664 3708 744 3795 lapsi
767 3709 838 3773 sint.
875 3708 968 3773 simul
985 3718 1017 3774 et

77 3802 264 3886 sequestris
282 3825 390 3889 pugna
408 3804 518 3888 coepit,
537 3824 638 3886 neque
655 3802 699 3867 ita
715 3802 814 3867 multo
831 3812 904 3887 post
918 3813 949 3866 et
961 3825 1016 3886 pe-
1034 3822 1066 3870 10

88 3896 322 3982 superveniunt.
349 3896 393 3961 ibi
410 3897 497 3961 varia
513 3897 643 3962 victoria
655 3908 686 3961 et
699 3896 785 3961 velut
798 3918 898 3979 aequo
911 3895 1016 3959 Marte

77 4001 166 4057 atum
196 4001 259 4072 cst3
294 3992 404 4057 dextra
433 3992 588 4076 utrimque
625 4013 740 4057 cornua
773 3991 890 4065 vicere,
925 3990 1015 4055 laeva
