2566 4524
390 274 510 334 amns
526 275 825 350 muscosae]
1066 266 1131 339 501

98 436 236 507 Murem.
267 436 323 522 qui
340 457 413 503 eum
431 435 542 503 eadem
559 434 659 503 ferme
676 435 716 502 dc
732 435 801 503 iure
817 443 944 525 padum
960 460 1001 507 ac
1014 437 1129 528 plebis,
1145 460 1163 513 s

98 554 179 623 quae
195 551 254 621 pro
270 529 342 619 lege
350 530 477 598 Licinia
488 530 648 616 quondam
665 540 836 616 contraque
849 555 919 601 cam
933 533 1019 601 dicta
1031 543 1129 615 erant,

98 651 170 697 cum
192 626 326 716 plebeiis
353 626 535 694 consulatus
557 626 741 714 rogabatur,
768 626 1005 708 disseruissent,
1031 639 1162 698 rectu-s

97 721 174 792 iisse
200 721 315 789 dicitur
333 719 456 788 Decius
481 721 620 809 parentis
648 722 698 789 sui
724 722 875 809 speciem,
903 722 1029 808 qualem
1056 745 1129 790 eum

96 816 189 885 multi
214 816 271 903 qui
294 816 329 883 in
355 816 499 884 contione
520 826 609 883 erant
629 816 786 896 viderant,
807 817 980 886 incinctum
1002 813 1129 886 Gabino

99 911 187 978 cultu
207 932 304 998 super
325 909 422 976 telum
444 919 594 990 stantem,
616 932 680 998 quo
698 933 733 978 se
749 909 860 978 habitu
876 935 934 1000 pro
955 912 1073 1000 populo
1091 933 1129 979 ac
1229 985 1232 990 ,

97 1004 278 1093 legionibus
291 1004 444 1072 Romanis
463 1004 652 1072 devovisset.
682 1015 750 1072 tum
762 1005 802 1073 P.
810 1005 950 1073 Decium
968 1006 1130 1073 consulem
1147 1028 1164 1077 4

96 1122 213 1188 purum
234 1099 384 1188 piumque
406 1100 473 1166 deis
495 1100 713 1168 inmortalibus
734 1101 838 1168 visum
861 1123 960 1187 aeque
982 1124 1020 1170 ac
1042 1101 1071 1166 si
1088 1101 1128 1168 Τ.

96 1194 241 1262 Manlius
267 1194 390 1283 collega
416 1195 483 1261 eius
506 1195 723 1262 devoveretur.
766 1196 902 1263 eundem
922 1195 962 1263 P.
979 1196 1164 1276 Decium‚s

97 1291 153 1377 qui
175 1311 267 1357 sacra
290 1288 418 1378 publica
442 1290 552 1378 populi
571 1290 710 1358 Romani
734 1291 865 1372 faceret,
891 1291 957 1380 legi
979 1292 1039 1359 rite
1064 1315 1130 1359 non

95 1384 259 1474 potuisse?
283 1384 317 1450 id
334 1406 405 1452 esse
421 1386 609 1471 periculum,
631 1407 672 1453 ne
690 1408 764 1452 suas
786 1408 896 1473 preces
914 1386 1019 1453 minus
1041 1386 1130 1452 audi-

94 1492 166 1549 rent
184 1478 230 1546 dii
249 1501 346 1565 quam
362 1478 463 1567 Appii
481 1478 626 1546 Claudii?
661 1480 778 1548 castius
801 1503 874 1547 eum
896 1503 986 1548 sacra
1006 1482 1130 1569 privata

96 1574 204 1642 facere
221 1584 254 1642 et
269 1573 446 1663 religiosius
464 1575 540 1642 deos
555 1575 657 1642 colere
675 1597 770 1661 quam
788 1575 843 1642 se?
858 1597 954 1663 quem
970 1576 1129 1663 paenitere
1148 1593 1163 1644 6

96 1678 259 1749 votorum,
281 1689 363 1755 quae
384 1691 493 1757 prore
510 1669 638 1758 publica
654 1671 903 1758 nuncupaverint
920 1680 967 1738 tot
984 1670 1130 1739 consules

95 1763 228 1855 plebeii,
255 1773 302 1831 tot
327 1763 493 1832 dictatores
519 1775 575 1831 aut
600 1764 641 1832 ad
663 1765 817 1832 exercitus
840 1775 950 1833 euntes
972 1775 1028 1831 aut
1049 1766 1130 1832 inter

96 1859 170 1948 ipsa
186 1856 290 1926 bella?
314 1869 553 1927 numerarentur
573 1861 671 1926 duces
694 1881 802 1927 eorum
824 1882 991 1939 aunomm,
1014 1859 1164 1947 quibust

95 1953 294 2044 plebeiorum
315 1954 413 2020 ductu
434 1965 466 2020 et
483 1954 624 2042 auspicio
646 1977 697 2022 res
719 1955 787 2043 geri
809 1966 939 2044 coeptae
961 1966 1048 2035 sunt,
1070 1978 1129 2021 nu-

96 2058 294 2117 merarentur
310 2048 469 2136 triumphi.
500 2048 564 2114 iarn
580 2072 622 2115 ne
638 2049 810 2117 nobilitatis
824 2051 951 2136 quidem
970 2073 1046 2118 suae
1062 2051 1130 2137 ple-

97 2142 189 2211 beios
206 2143 375 2229 paenitere.
409 2164 467 2231 pro
486 2153 570 2210 certo
587 2142 713 2223 habere,
734 2146 761 2209 si
779 2146 865 2227 quod
881 2168 993 2232 repens
1011 2144 1165 2214 belluna

97 2238 233 2316 oriatur,
251 2259 316 2304 non
332 2236 405 2325 plus
424 2238 498 2325 apci-
510 2236 579 2303 fore
597 2238 720 2303 senatui
735 2237 917 2324 populoque
934 2239 1080 2305 Romano
1097 2241 1131 2304 in

95 2331 237 2421 patriciis
255 2354 351 2418 quam
367 2333 401 2399 in
421 2331 554 2420 plebeiis
572 2331 715 2399 ducibus.
753 2332 942 2416 ‘quodcum
959 2332 1004 2399 ita
1021 2355 1055 2398 se
1072 2332 1129 2398 ha-
1147 2351 1163 2399 s

94 2427 186 2506 beat,
212 2426 266 2495 cui
290 2427 421 2495 deorum
449 2426 654 2493 hominumve
678 2425 845 2514 iudignum
871 2425 972 2493 videri
1000 2427 1130 2513 potest,'

95 2520 200 2607 inquit
227 2525 298 2587 ‘eos
319 2522 418 2601 viros,
445 2543 526 2606 quos
548 2543 605 2588 vos
629 2519 714 2588 sellis
741 2518 916 2599 curulibus,
944 2530 1020 2607 toga
1039 2542 1131 2607 prae-

96 2625 200 2696 texta,
227 2615 333 2682 tunica
353 2616 492 2703 palmata
510 2625 542 2683 et
562 2626 639 2704 toga
658 2615 744 2702 picta
761 2624 792 2681 et
815 2636 929 2681 corona
949 2613 1132 2700 triumphali

94 2710 270 2796 laureaque
285 2710 487 2789 honoraritis,
506 2710 640 2796 quorum
657 2711 769 2777 domos
788 2709 896 2796 spoliis
918 2709 1057 2776 hostium
1075 2708 1131 2774 ad·

95 2804 172 2871 fixis
190 2804 332 2892 insignes
349 2805 431 2871 inter
448 2803 526 2871 alias
544 2804 691 2884 feceritis,
710 2804 901 2892 pontificalia
918 2814 1013 2890 atque
1030 2825 1132 2892 augu-

96 2899 179 2967 ralia
202 2898 341 2988 insignia
365 2899 513 2966 adicere?
543 2899 599 2985 qui
618 2898 705 2967 Iovis
732 2900 843 2987 optimi
868 2899 999 2967 maximi
1020 2906 1132 2966 ornatu
1150 2911 1183 2965 ιο

97 2995 282 3074 decorabis,
305 3017 398 3061 curru
421 3004 530 3061 aurato
552 3015 609 3080 per
630 2993 741 3059 urbem
758 3004 868 3060 vectus
886 2995 920 3059 in
939 2992 1132 3079 Capitolium

97 3089 292 3170 ascenderit,
320 3090 348 3156 si
373 3090 585 3177 conspiciatur
611 3110 684 3154 cum
710 3088 820 3174 capide
847 3109 885 3152 ac
909 3085 1002 3164 lituo,
1030 3087 1132 3170 capite

99 3183 206 3250 velato
218 3183 380 3250 victimam
397 3185 509 3250 caedat
525 3183 731 3270 auguriumve
751 3204 790 3247 ex
808 3202 879 3246 arce
898 3178 1020 3265 capiat?
1042 3179 1130 3244 cuius
1150 3197 1182 3247 11

95 3277 248 3367 imaginis
265 3278 355 3346 titulo
373 3277 555 3347 consulatus
574 3298 768 3361 censuraque
786 3288 818 3342 et
835 3273 1012 3360 triumphus
1030 3293 1131 3355 aequo

96 3373 207 3443 animo
224 3373 360 3462 legetur,
383 3375 411 3440 si
428 3381 616 3461 auguratum
634 3379 689 3436 aut
709 3369 928 3458 pontificatum
945 3367 1130 3444 adieceritis,

96 3491 167 3536 non
184 3466 385 3535 sustinebunt
405 3467 579 3557 legentium
597 3463 699 3533 oculi?
725 3464 872 3549 equidem
889 3498 931 3510 ··-
948 3485 1027 3550 pace
1044 3462 1133 3528 dixe-
1150 3479 1182 3530 12

96 3564 161 3632 rim
182 3564 279 3630 deum
297 3586 412 3632 -eos
433 3586 493 3631 nos
515 3563 579 3629 iam
600 3559 711 3649 populi
727 3558 865 3626 Romani
886 3558 1038 3627 beneficio
1061 3581 1133 3627 csse
1180 3584 1184 3589 ·

98 3680 210 3747 spero,
237 3659 292 3744 qui
322 3658 504 3727 sacerdotiis
530 3678 595 3722 non
620 3655 725 3720 minus
755 3653 924 3722 reddamus
950 3655 1131 3742 dignatione

97 3762 211 3822 nostra
227 3752 355 3820 honoris
373 3775 469 3839 quam
487 3751 699 3838 acceperimus
718 3757 750 3815 et
767 3749 899 3815 deorum
916 3749 1017 3835 magis
1036 3768 1132 3830 quam

98 3857 212 3917 nostra
230 3869 327 3915 causa
345 3856 545 3936 expetamus,
567 3855 617 3926 ut,
641 3867 721 3930 quos
739 3845 887 3931 privatim
905 3843 1049 3917 colimus,
1072 3860 1132 3924 pu-

98 3941 186 4011 blice
204 3941 355 4009 colamus.
1130 3958 1133 3963 ·

163 4034 259 4106 VHL
283 4035 370 4121 Quid
383 4048 489 4104 autem
503 4059 563 4124 ego
577 4035 622 4102 sic
636 4035 738 4102 adhuc
752 4033 813 4120 egi,
832 4042 993 4113 tamquam
1009 4025 1133 4110 integra
1150 4046 1165 4097 1
