2566 4524
154 232 221 299 450
413 242 530 299 LIBER
546 241 646 313 VIIII,
660 242 685 298 8.
699 242 724 298 9.
744 244 784 312 [a.
794 256 822 297 u.
832 257 856 298 a.
865 239 932 312 434]

155 425 258 481 mum,
291 424 364 468 oum
389 401 579 467 sacrosancti
610 409 728 478 essent,
759 398 834 465 dedi
863 399 1011 468 hostibus
1037 401 1166 470 violarive

156 518 261 583 posse.
1214 556 1217 579 ,

124 614 137 659 1
217 590 329 658 VIIII.
354 590 438 655 Tum
445 588 645 655 Postumius:
665 589 783 655 ‘dedite
800 589 929 669 interea,
949 589 1069 661 dedite'
1084 592 1169 677 inquit
1215 612 1217 653 :

158 685 322 771 ‘profanos
337 707 405 761 nos,
415 683 500 767 quod
515 683 603 748 salva
615 683 766 770 religione
777 684 926 771 potestis3
940 684 1066 753 dedetis
1073 687 1169 753 deinde

122 801 137 848 a
157 789 188 845 et
200 781 278 845 istos
293 789 517 855 sacrosanctos,
528 799 600 842 eum
612 777 749 863 primum
762 779 950 866 magistratu
964 779 1105 861 abierint,
1115 782 1170 860 sed,

156 873 185 938 si
202 895 253 937 me
274 872 423 951 audiatis,
445 871 630 958 priusquam
647 871 802 938 dedantur
817 872 870 937 hio
886 874 921 938 iu
939 874 1069 942 comitio
1084 875 1170 963 virgis

155 988 280 1046 caesos,
302 966 385 1032 hano
401 966 465 1031 iam
482 975 517 1031 ut
533 965 733 1032 intercalatae
749 988 870 1053 poenae
888 989 1023 1034 usuram
1040 966 1168 1036 habeam

121 1077 137 1126 3
155 1084 230 1127 nam
242 1063 328 1147 quod
345 1061 504 1127 deditione
521 1074 629 1127 nostra
644 1072 762 1148 negant
775 1061 896 1128 exsolvi
912 1062 1070 1153 religione
1084 1084 1172 1151 popu·

154 1157 235 1235 lum,
258 1157 291 1222 id
312 1156 391 1223 istos
414 1157 531 1243 magis,
554 1177 595 1221 ne
613 1156 781 1235 dedantur,
804 1178 899 1240 quam
921 1157 999 1243 quia
1020 1158 1067 1225 ita
1083 1180 1116 1224 se
1128 1179 1172 1224 res

155 1251 285 1330 habeat,
308 1251 426 1330 dicere,
449 1251 519 1335 quis
543 1250 622 1315 adeo
644 1250 720 1316 iuris
748 1249 901 1316 fetialium
923 1274 1041 1338 expers
1063 1262 1110 1319 est
1128 1252 1175 1337 qui

119 1364 138 1415 4
154 1346 296 1432 ignoret?
312 1366 414 1430 neque
428 1366 489 1431 ego
503 1343 618 1411 infitias
633 1365 679 1422 eo,
693 1353 799 1431 patres
817 1345 996 1432 conscripti,
1011 1356 1079 1413 tam
1092 1368 1189 1434 spon·-

155 1441 260 1506 siones
278 1462 374 1524 quam
391 1440 519 1506 foedera
536 1449 645 1504 sancta
663 1461 732 1506 esse
751 1440 835 1527 apud
852 1462 907 1507 eos
924 1440 1083 1522 homines,
1101 1439 1174 1529 apud

154 1557 234 1618 quos
260 1535 349 1600 iuxta
371 1535 492 1600 divinas
518 1533 686 1622 religiones
713 1533 792 1600 fides
817 1534 957 1602 humana
978 1535 1105 1616 colitur,
1127 1533 1176 1602 sed

153 1629 277 1694 iniussu
289 1628 398 1715 populi
410 1651 492 1715 nego
507 1629 675 1714 quiequam
689 1628 802 1694 senoni
818 1649 913 1715 posse
926 1630 1015 1714 quod
1033 1629 1175 1718 populum

120 1745 136 1793 5
154 1732 268 1789 teneat.
303 1745 344 1788 an
362 1723 390 1789 si
408 1723 518 1789 eadem
536 1721 696 1808 superbia,
716 1745 779 1808 qua
797 1723 1001 1809 sponsionem
1018 1724 1115 1790 istam
1130 1744 1177 1789 ex·

153 1826 336 1905 presserunt
353 1817 445 1883 nobis
465 1815 634 1896 Samnites,
653 1818 832 1904 coegissent
848 1839 907 1883 nos
925 1817 1027 1884 verba
1044 1818 1177 1907 legitima

154 1913 334 1979 dedentium
351 1910 445 1977 urbes
463 1934 654 1998 nuncupare,
673 1911 813 1978 deditum
829 1911 984 1999 populum
1002 1912 1176 1980 Romanum

153 2028 225 2097 vos,
249 2004 379 2082 tribuni,
404 2005 548 2071 diceretis
573 2015 604 2072 et
630 2005 712 2071 hano
733 2005 858 2084 urbem,
886 2005 1020 2093 templa,
1044 2006 1176 2084 delubra,

120 2120 135 2171 6
152 2100 243 2178 fines,
261 2120 360 2183 aquas
372 2097 562 2166 Samnitium
579 2100 669 2166 esse?
690 2100 800 2166 omitto
817 2099 1021 2181 deditionem,
1035 2100 1177 2188 quoniam

153 2194 193 2261 de
207 2192 376 2280 sponsione
390 2194 502 2281 agitur.
530 2194 607 2278 quid
624 2194 761 2273 tandem,
780 2195 807 2260 si
825 2194 1119 2282 spopondissemus,
1132 2218 1177 2261 ur·

152 2288 226 2356 bem
242 2289 325 2354 hano
341 2288 522 2354 reliotrnum
539 2288 692 2376 populum
709 2288 902 2368 Romanum,
922 2289 951 2354 si
967 2289 1174 2365 incensurum,

153 2383 180 2450 si
198 2384 409 2471 magistratus,
430 2384 457 2449 si
475 2393 627 2461 senatum,
643 2384 670 2448 si
683 2383 770 2471 leges
788 2406 851 2449 non
868 2382 1065 2464 habiturum,
1084 2385 1113 2451 si
1124 2381 1177 2450 sub

151 2478 279 2565 regibus
297 2478 457 2544 futurum?
474 2479 506 2542 di
519 2477 656 2555 meliora,
676 2478 789 2562 inquis.
823 2478 909 2562 atqui
926 2500 994 2543 non
1010 2479 1177 2567 indignitas

119 2593 132 2639 7
150 2595 255 2638 rerum
274 2573 451 2659 sponsionis
464 2571 625 2637 vinculum
641 2571 735 2637 levat.
763 2570 790 2637 si
807 2570 884 2656 quid
897 2581 955 2651 est,
973 2572 1010 2637 in
1029 2596 1095 2658 quo
1107 2572 1178 2640 obli·

150 2669 219 2756 gari
237 2668 372 2754 populus
389 2667 499 2754 possit,
518 2667 551 2737 in
568 2666 673 2732 omnia
689 2675 804 2752 potest.
839 2675 870 2731 et
886 2687 928 2730 ne
945 2665 1029 2733 illud
1047 2668 1176 2754 quidem,

151 2764 236 2847 quod
254 2762 409 2846 quosdam
426 2761 558 2827 forsitan
574 2769 713 2840 moveat,
731 2760 841 2840 refert,
861 2760 972 2828 oonsul
990 2786 1036 2828 an
1053 2763 1178 2830 dictator

116 2874 133 2923 8
150 2879 193 2921 an
209 2865 332 2942 praetor
355 2856 564 2943 spoponderit.
601 2865 632 2920 et
649 2855 710 2921 hoo
726 2855 789 2941 ipsi
807 2855 901 2920 etiam
920 2852 1088 2922 Samnites
1104 2856 1178 2922 iudi·

151 2959 308 3029 caverunt,
328 2949 442 3036 quibus
459 2973 523 3016 non
540 2950 601 3015 fuit
617 2950 694 3016 satis
713 2949 858 3016 eonsules
877 2950 1049 3036 spondere,
1068 2951 1124 3018 sed
1139 2949 1178 3015 le-

53 3087 55 3095 ·
149 3055 255 3133 gatos,
279 3055 476 3131 quaestores,
500 3044 640 3111 tribunos
663 3044 797 3110 militum
819 3042 975 3131 spondere
1001 3053 1174 3134 coegerunt.

116 3167 131 3218 9
149 3162 209 3206 neo
226 3164 246 3206 a
262 3163 313 3208 me
331 3161 415 3205 nuno
433 3141 601 3225 quisquam
619 3137 821 3224 quaesiverit,
844 3138 921 3223 quid
938 3138 985 3203 ita
1004 3139 1176 3228 spoponde-

148 3234 222 3314 rim,
245 3257 318 3301 oum
334 3236 368 3301 id
384 3256 443 3300 neo
461 3234 597 3301 consulis
615 3235 665 3299 ius
688 3244 772 3300 esset
792 3254 851 3298 neo
867 3230 930 3298 illis
950 3235 1112 3319 spondere
1127 3254 1176 3320 pa·

148 3351 231 3409 cem,
250 3352 331 3415 quae
348 3330 411 3396 mei
427 3352 492 3396 non
509 3338 575 3394 erat
593 3328 724 3406 arbitrii,
748 3349 806 3392 neo
822 3349 880 3413 pro
897 3325 1010 3407 vobis,
1035 3329 1091 3414 qui
1107 3324 1174 3392 nihil

98 3443 131 3493 10
148 3423 387 3505 mandaveratis,
397 3446 534 3511 possem.
557 3423 635 3488 nihil
647 3423 688 3489 ad
699 3421 984 3506 Caudium,patres
1001 3419 1172 3509 oonsoripti

147 3516 294 3583 humanis
312 3519 450 3585 eonsiliis
468 3528 596 3607 gestum
613 3528 675 3585 est:
703 3518 747 3583 dii
764 3515 947 3583 inmortales
966 3528 1002 3584 et
1019 3519 1172 3586 vestriset
1215 3538 1217 3545 ·

97 3634 128 3683 11
147 3611 285 3679 hostium
310 3613 549 3701 imperatoribus
575 3623 714 3680 mentem
739 3613 933 3679 ademerunt.
975 3634 1042 3680 nee
1067 3610 1171 3680 nosin

147 3706 230 3774 bello
258 3706 333 3774 satis
361 3709 501 3775 cavimus
525 3718 556 3775 et
581 3708 627 3774 illi
652 3706 734 3773 male
759 3715 882 3794 partam
903 3705 1077 3775 vietor-iam
1102 3703 1171 3773 mult

146 3804 364 3890 perdiderunt,
383 3805 459 3870 dum
478 3805 532 3870 vix
548 3804 627 3871 loeis
645 3803 761 3889 quibus
777 3802 920 3868 vioemnt
938 3803 1090 3884 eredunt,
1107 3802 1170 3868 dum

148 3919 345 3984 quacumque
368 3898 551 3965 eondieione
573 3921 661 3965 arma
682 3898 757 3964 viris
779 3897 814 3962 in
834 3920 924 3964 arma
946 3899 1034 3966 natis
1061 3897 1170 3966 aufem
1214 3914 1217 3985 ι

97 4013 129 4060 12
147 3991 306 4059 festinant.
334 4016 385 4075 an,
399 3993 427 4059 si
445 4016 522 4060 sana
539 4016 628 4061 mens
645 3992 769 4072 fuisset,
788 3991 919 4058 difficile
936 3993 1001 4061 illis
1020 3993 1091 4074 fuit,
1103 3991 1169 4057 dnn
