<?xml version="1.0" encoding="UTF-8"?>
<!DOCTYPE html PUBLIC "-//W3C//DTD XHTML 1.0 Transitional//EN"
    "http://www.w3.org/TR/xhtml1/DTD/xhtml1-transitional.dtd">
<html xmlns="http://www.w3.org/1999/xhtml" xml:lang="en" lang="en">
 <head>
  <title>
</title>
<meta http-equiv="Content-Type" content="text/html;charset=utf-8" />
  <meta name='ocr-system' content='tesseract 3.04.00' />
  <meta name='ocr-capabilities' content='ocr_page ocr_carea ocr_par ocr_line ocrx_word'/>
</head>
<body>
  <div class='ocr_page' id='page_1' title='image "./titiliviaburbec01weisgoog_0532.png"; bbox 0 0 2566 4524; ppageno 0'>
   <div class='ocr_carea' id='block_1_1' title="bbox 324 245 1079 330">
    <p class='ocr_par' dir='ltr' id='par_1_1' title="bbox 324 245 1079 330">
     <span class='ocr_line' id='line_1_1' title="bbox 324 245 1079 330; baseline 0.001 -18"><span class='ocrx_word' id='word_1_1' title='bbox 324 255 634 328; x_wconf 69' lang='lat' dir='ltr'><strong>suasmet.</strong></span> <span class='ocrx_word' id='word_1_2' title='bbox 653 256 806 330; x_wconf 67' lang='lat' dir='ltr'><strong>[acen]</strong></span> <span class='ocrx_word' id='word_1_3' title='bbox 1013 245 1079 313; x_wconf 84' lang='lat'><strong>445</strong></span> 
     </span>
    </p>
   </div>
   <div class='ocr_carea' id='block_1_2' title="bbox 66 414 1159 2786">
    <p class='ocr_par' dir='ltr' id='par_1_2' title="bbox 67 414 1159 886">
     <span class='ocr_line' id='line_1_2' title="bbox 67 414 1078 503; baseline 0.003 -19"><span class='ocrx_word' id='word_1_4' title='bbox 67 416 185 484; x_wconf 88' lang='lat' dir='ltr'><strong>emitus</strong></span> <span class='ocrx_word' id='word_1_5' title='bbox 213 415 353 481; x_wconf 92' lang='lat' dir='ltr'><strong>omnium</strong></span> <span class='ocrx_word' id='word_1_6' title='bbox 380 414 485 481; x_wconf 89' lang='lat' dir='ltr'><strong>subito</strong></span> <span class='ocrx_word' id='word_1_7' title='bbox 512 426 640 482; x_wconf 88' lang='lat' dir='ltr'><strong>exortus</strong></span> <span class='ocrx_word' id='word_1_8' title='bbox 668 426 717 482; x_wconf 91' lang='lat' dir='ltr'><strong>est</strong></span> <span class='ocrx_word' id='word_1_9' title='bbox 746 425 895 503; x_wconf 83' lang='lat' dir='ltr'><strong>tantaque</strong></span> <span class='ocrx_word' id='word_1_10' title='bbox 921 418 1078 487; x_wconf 80' lang='lat' dir='ltr'><strong>maestitia</strong></span> 
     </span>
     <span class='ocr_line' id='line_1_3' title="bbox 67 510 1159 597; baseline 0.002 -19"><span class='ocrx_word' id='word_1_11' title='bbox 67 511 190 589; x_wconf 78' lang='lat' dir='ltr'><strong>rcessit,</strong></span> <span class='ocrx_word' id='word_1_12' title='bbox 209 520 326 577; x_wconf 92' lang='lat' dir='ltr'><strong>utnon</strong></span> <span class='ocrx_word' id='word_1_13' title='bbox 342 510 472 597; x_wconf 84' lang='lat' dir='ltr'><strong>gravius</strong></span> <span class='ocrx_word' id='word_1_14' title='bbox 490 511 649 597; x_wconf 89' lang='lat' dir='ltr'><strong>accepturi</strong></span> <span class='ocrx_word' id='word_1_15' title='bbox 666 511 855 591; x_wconf 90' lang='lat' dir='ltr'><strong>viderentur,</strong></span> <span class='ocrx_word' id='word_1_16' title='bbox 874 512 903 578; x_wconf 91' lang='lat' dir='ltr'><strong>si</strong></span> <span class='ocrx_word' id='word_1_17' title='bbox 919 512 1079 592; x_wconf 81' lang='lat' dir='ltr'><strong>nuntiare·</strong></span> <span class='ocrx_word' id='word_1_18' title='bbox 1157 550 1159 557; x_wconf 95' lang='lat'><em>·</em></span> 
     </span>
     <span class='ocr_line' id='line_1_4' title="bbox 67 605 1113 693; baseline 0.001 -19"><span class='ocrx_word' id='word_1_19' title='bbox 67 631 104 687; x_wconf 81' lang='lat' dir='ltr'><strong>rr,</strong></span> <span class='ocrx_word' id='word_1_20' title='bbox 127 605 277 674; x_wconf 90' lang='lat' dir='ltr'><strong>omnibus</strong></span> <span class='ocrx_word' id='word_1_21' title='bbox 296 628 333 672; x_wconf 90' lang='lat' dir='ltr'><strong>eo</strong></span> <span class='ocrx_word' id='word_1_22' title='bbox 349 606 420 673; x_wconf 93' lang='lat' dir='ltr'><strong>loco</strong></span> <span class='ocrx_word' id='word_1_23' title='bbox 438 615 571 671; x_wconf 90' lang='lat' dir='ltr'><strong>mortem</strong></span> <span class='ocrx_word' id='word_1_24' title='bbox 588 607 797 693; x_wconf 88' lang='lat' dir='ltr'><strong>oppetendam</strong></span> <span class='ocrx_word' id='word_1_25' title='bbox 815 629 896 674; x_wconf 88' lang='lat' dir='ltr'><strong>esse.</strong></span> <span class='ocrx_word' id='word_1_26' title='bbox 932 630 1005 674; x_wconf 91' lang='lat' dir='ltr'><strong>cum</strong></span> <span class='ocrx_word' id='word_1_27' title='bbox 1022 609 1078 675; x_wconf 94' lang='lat' dir='ltr'><strong>diu</strong></span> <span class='ocrx_word' id='word_1_28' title='bbox 1097 630 1113 676; x_wconf 81' lang='lat' dir='ltr'><strong>r</strong></span> 
     </span>
     <span class='ocr_line' id='line_1_5' title="bbox 67 700 1077 789; baseline -0.001 -20"><span class='ocrx_word' id='word_1_29' title='bbox 67 702 208 769; x_wconf 85' lang='lat' dir='ltr'><strong>&#39;dentium</strong></span> <span class='ocrx_word' id='word_1_30' title='bbox 229 700 342 767; x_wconf 88' lang='lat' dir='ltr'><strong>fuisset</strong></span> <span class='ocrx_word' id='word_1_31' title='bbox 362 722 422 766; x_wconf 89' lang='lat' dir='ltr'><strong>nec</strong></span> <span class='ocrx_word' id='word_1_32' title='bbox 443 700 590 768; x_wconf 89' lang='lat' dir='ltr'><strong>consules</strong></span> <span class='ocrx_word' id='word_1_33' title='bbox 612 711 667 767; x_wconf 81' lang='lat' dir='ltr'><strong>aut</strong></span> <span class='ocrx_word' id='word_1_34' title='bbox 687 724 745 789; x_wconf 91' lang='lat' dir='ltr'><strong>pro</strong></span> <span class='ocrx_word' id='word_1_35' title='bbox 766 701 894 768; x_wconf 88' lang='lat' dir='ltr'><strong>foedere</strong></span> <span class='ocrx_word' id='word_1_36' title='bbox 911 711 976 768; x_wconf 84' lang='lat' dir='ltr'><strong>tam</strong></span> <span class='ocrx_word' id='word_1_37' title='bbox 993 703 1077 789; x_wconf 89' lang='lat' dir='ltr'><strong>turpi</strong></span> 
     </span>
     <span class='ocr_line' id='line_1_6' title="bbox 67 796 1078 886; baseline 0.001 -22"><span class='ocrx_word' id='word_1_38' title='bbox 67 808 101 864; x_wconf 87' lang='lat' dir='ltr'><strong>nt</strong></span> <span class='ocrx_word' id='word_1_39' title='bbox 122 806 235 863; x_wconf 86' lang='lat' dir='ltr'><strong>contra</strong></span> <span class='ocrx_word' id='word_1_40' title='bbox 256 796 369 863; x_wconf 85' lang='lat' dir='ltr'><strong>foedus</strong></span> <span class='ocrx_word' id='word_1_41' title='bbox 391 806 457 863; x_wconf 86' lang='lat' dir='ltr'><strong>tam</strong></span> <span class='ocrx_word' id='word_1_42' title='bbox 478 797 692 864; x_wconf 88' lang='lat' dir='ltr'><strong>necessarium</strong></span> <span class='ocrx_word' id='word_1_43' title='bbox 709 797 830 865; x_wconf 80' lang='lat' dir='ltr'>hiscere</span> <span class='ocrx_word' id='word_1_44' title='bbox 847 808 991 886; x_wconf 84' lang='lat' dir='ltr'>possent,</span> <span class='ocrx_word' id='word_1_45' title='bbox 1009 808 1078 865; x_wconf 90' lang='lat' dir='ltr'><strong>tum</strong></span> 
     </span>
    </p>

    <p class='ocr_par' dir='ltr' id='par_1_3' title="bbox 66 892 1131 2786">
     <span class='ocr_line' id='line_1_7' title="bbox 67 892 1077 980; baseline 0.001 -21"><span class='ocrx_word' id='word_1_46' title='bbox 67 895 88 959; x_wconf 61' lang='lat'><strong>2.</strong></span> <span class='ocrx_word' id='word_1_47' title='bbox 104 892 282 972; x_wconf 80' lang='lat' dir='ltr'><strong>Lentulus,</strong></span> <span class='ocrx_word' id='word_1_48' title='bbox 305 892 359 977; x_wconf 92' lang='lat' dir='ltr'><strong>qui</strong></span> <span class='ocrx_word' id='word_1_49' title='bbox 380 900 449 956; x_wconf 92' lang='lat' dir='ltr'><strong>tum</strong></span> <span class='ocrx_word' id='word_1_50' title='bbox 470 892 616 979; x_wconf 88' lang='lat' dir='ltr'><strong>princeps</strong></span> <span class='ocrx_word' id='word_1_51' title='bbox 641 892 818 979; x_wconf 85' lang='lat' dir='ltr'><strong>legatorum</strong></span> <span class='ocrx_word' id='word_1_52' title='bbox 843 894 957 961; x_wconf 88' lang='lat' dir='ltr'><strong>virtute</strong></span> <span class='ocrx_word' id='word_1_53' title='bbox 984 903 1077 980; x_wconf 86' lang='lat' dir='ltr'><strong>atque</strong></span> 
     </span>
     <span class='ocr_line' id='line_1_8' title="bbox 67 985 1112 1075; baseline 0.002 -23"><span class='ocrx_word' id='word_1_54' title='bbox 67 986 220 1054; x_wconf 85' lang='lat' dir='ltr'><strong>oneribus</strong></span> <span class='ocrx_word' id='word_1_55' title='bbox 242 995 327 1052; x_wconf 75' lang='lat' dir='ltr'><strong>eretz</strong></span> <span class='ocrx_word' id='word_1_56' title='bbox 355 993 490 1073; x_wconf 88' lang='lat' dir='ltr'><strong>‘patrem</strong></span> <span class='ocrx_word' id='word_1_57' title='bbox 512 985 642 1065; x_wconf 92' lang='lat' dir='ltr'><strong>meum,&#39;</strong></span> <span class='ocrx_word' id='word_1_58' title='bbox 663 986 765 1071; x_wconf 90' lang='lat' dir='ltr'><strong>inquit</strong></span> <span class='ocrx_word' id='word_1_59' title='bbox 788 988 962 1068; x_wconf 90' lang='lat' dir='ltr'><strong>‘consules,</strong></span> <span class='ocrx_word' id='word_1_60' title='bbox 981 1005 1112 1075; x_wconf 77' lang='lat' dir='ltr'><strong>saepes</strong></span> 
     </span>
     <span class='ocr_line' id='line_1_9' title="bbox 67 1080 1078 1167; baseline 0.002 -19"><span class='ocrx_word' id='word_1_61' title='bbox 67 1082 156 1148; x_wconf 85' lang='lat' dir='ltr'><strong>udivi</strong></span> <span class='ocrx_word' id='word_1_62' title='bbox 168 1090 405 1161; x_wconf 83' lang='lat' dir='ltr'><strong>memorantem,</strong></span> <span class='ocrx_word' id='word_1_63' title='bbox 416 1104 450 1147; x_wconf 88' lang='lat' dir='ltr'><strong>se</strong></span> <span class='ocrx_word' id='word_1_64' title='bbox 463 1081 497 1145; x_wconf 93' lang='lat' dir='ltr'><strong>in</strong></span> <span class='ocrx_word' id='word_1_65' title='bbox 507 1080 663 1167; x_wconf 90' lang='lat' dir='ltr'><strong>Capitolio</strong></span> <span class='ocrx_word' id='word_1_66' title='bbox 676 1105 775 1146; x_wconf 92' lang='lat' dir='ltr'><strong>unum</strong></span> <span class='ocrx_word' id='word_1_67' title='bbox 788 1105 852 1148; x_wconf 90' lang='lat' dir='ltr'><strong>non</strong></span> <span class='ocrx_word' id='word_1_68' title='bbox 860 1082 960 1150; x_wconf 85' lang='lat' dir='ltr'><strong>fuisse</strong></span> <span class='ocrx_word' id='word_1_69' title='bbox 970 1093 1078 1150; x_wconf 90' lang='lat' dir='ltr'><strong>aucto-</strong></span> 
     </span>
     <span class='ocr_line' id='line_1_10' title="bbox 67 1175 1078 1265; baseline 0.002 -21"><span class='ocrx_word' id='word_1_70' title='bbox 67 1201 116 1244; x_wconf 92' lang='lat' dir='ltr'><strong>em</strong></span> <span class='ocrx_word' id='word_1_71' title='bbox 132 1177 258 1244; x_wconf 89' lang='lat' dir='ltr'><strong>senatui</strong></span> <span class='ocrx_word' id='word_1_72' title='bbox 270 1177 471 1243; x_wconf 79' lang='lat' dir='ltr'><strong>redimendae</strong></span> <span class='ocrx_word' id='word_1_73' title='bbox 484 1200 561 1243; x_wconf 90' lang='lat' dir='ltr'><strong>auro</strong></span> <span class='ocrx_word' id='word_1_74' title='bbox 575 1175 705 1244; x_wconf 86' lang='lat' dir='ltr'><strong>aGallis</strong></span> <span class='ocrx_word' id='word_1_75' title='bbox 720 1178 864 1258; x_wconf 90' lang='lat' dir='ltr'><strong>civitatis,</strong></span> <span class='ocrx_word' id='word_1_76' title='bbox 879 1180 1005 1265; x_wconf 83' lang='lat' dir='ltr'><strong>quando</strong></span> <span class='ocrx_word' id='word_1_77' title='bbox 1017 1202 1078 1246; x_wconf 87' lang='lat' dir='ltr'><strong>nec</strong></span> 
     </span>
     <span class='ocr_line' id='line_1_11' title="bbox 67 1271 1078 1360; baseline 0 -21"><span class='ocrx_word' id='word_1_78' title='bbox 67 1274 138 1339; x_wconf 81' lang='lat' dir='ltr'><strong>basa</strong></span> <span class='ocrx_word' id='word_1_79' title='bbox 160 1272 306 1357; x_wconf 89' lang='lat' dir='ltr'><strong>valloque</strong></span> <span class='ocrx_word' id='word_1_80' title='bbox 328 1271 369 1340; x_wconf 92' lang='lat' dir='ltr'><strong>ab</strong></span> <span class='ocrx_word' id='word_1_81' title='bbox 391 1272 597 1360; x_wconf 87' lang='lat' dir='ltr'><strong>ignavissimo</strong></span> <span class='ocrx_word' id='word_1_82' title='bbox 624 1273 665 1338; x_wconf 90' lang='lat' dir='ltr'><strong>ad</strong></span> <span class='ocrx_word' id='word_1_83' title='bbox 691 1295 786 1359; x_wconf 90' lang='lat' dir='ltr'><strong>opera</strong></span> <span class='ocrx_word' id='word_1_84' title='bbox 813 1295 851 1339; x_wconf 89' lang='lat' dir='ltr'><strong>ac</strong></span> <span class='ocrx_word' id='word_1_85' title='bbox 872 1274 1078 1340; x_wconf 92' lang='lat' dir='ltr'><strong>muniendum</strong></span> 
     </span>
     <span class='ocr_line' id='line_1_12' title="bbox 67 1367 1079 1455; baseline 0.002 -23"><span class='ocrx_word' id='word_1_86' title='bbox 67 1377 138 1435; x_wconf 75' lang='lat' dir='ltr'><strong>roste</strong></span> <span class='ocrx_word' id='word_1_87' title='bbox 157 1367 258 1441; x_wconf 91' lang='lat' dir='ltr'><strong>clausi</strong></span> <span class='ocrx_word' id='word_1_88' title='bbox 275 1376 381 1433; x_wconf 78' lang='lat' dir='ltr'><strong>essent</strong></span> <span class='ocrx_word' id='word_1_89' title='bbox 398 1377 429 1432; x_wconf 88' lang='lat' dir='ltr'><strong>et</strong></span> <span class='ocrx_word' id='word_1_90' title='bbox 447 1389 623 1453; x_wconf 87' lang='lat' dir='ltr'><strong>erumpere,</strong></span> <span class='ocrx_word' id='word_1_91' title='bbox 647 1367 675 1432; x_wconf 90' lang='lat' dir='ltr'><strong>si</strong></span> <span class='ocrx_word' id='word_1_92' title='bbox 691 1390 755 1433; x_wconf 93' lang='lat' dir='ltr'><strong>non</strong></span> <span class='ocrx_word' id='word_1_93' title='bbox 772 1367 840 1434; x_wconf 90' lang='lat' dir='ltr'><strong>sine</strong></span> <span class='ocrx_word' id='word_1_94' title='bbox 858 1390 974 1455; x_wconf 84' lang='lat' dir='ltr'><strong>magno</strong></span> <span class='ocrx_word' id='word_1_95' title='bbox 996 1369 1079 1455; x_wconf 91' lang='lat' dir='ltr'><strong>peri·</strong></span> 
     </span>
     <span class='ocr_line' id='line_1_13' title="bbox 68 1462 1111 1548; baseline 0 -20"><span class='ocrx_word' id='word_1_96' title='bbox 68 1462 134 1542; x_wconf 91' lang='lat' dir='ltr'><strong>nlo,</strong></span> <span class='ocrx_word' id='word_1_97' title='bbox 157 1472 263 1528; x_wconf 87' lang='lat' dir='ltr'><strong>tamen</strong></span> <span class='ocrx_word' id='word_1_98' title='bbox 286 1463 353 1528; x_wconf 91' lang='lat' dir='ltr'><strong>sine</strong></span> <span class='ocrx_word' id='word_1_99' title='bbox 374 1472 460 1528; x_wconf 87' lang='lat' dir='ltr'><strong>certa</strong></span> <span class='ocrx_word' id='word_1_100' title='bbox 480 1462 618 1548; x_wconf 83' lang='lat' dir='ltr'><strong>pernicie</strong></span> <span class='ocrx_word' id='word_1_101' title='bbox 639 1470 778 1548; x_wconf 77' lang='lat' dir='ltr'><strong>possent.</strong></span> <span class='ocrx_word' id='word_1_102' title='bbox 814 1464 900 1548; x_wconf 92' lang='lat' dir='ltr'><strong>quod</strong></span> <span class='ocrx_word' id='word_1_103' title='bbox 918 1464 945 1529; x_wconf 90' lang='lat' dir='ltr'><strong>si</strong></span> <span class='ocrx_word' id='word_1_104' title='bbox 961 1463 1024 1530; x_wconf 93' lang='lat' dir='ltr'><strong>illis</strong></span> <span class='ocrx_word' id='word_1_105' title='bbox 1041 1472 1077 1528; x_wconf 94' lang='lat' dir='ltr'><strong>ut</strong></span> <span class='ocrx_word' id='word_1_106' title='bbox 1097 1470 1111 1518; x_wconf 78' lang='grc'>9</span> 
     </span>
     <span class='ocr_line' id='line_1_14' title="bbox 67 1556 1079 1646; baseline 0.003 -23"><span class='ocrx_word' id='word_1_107' title='bbox 67 1560 213 1624; x_wconf 68' lang='lat' dir='ltr'><strong>[eeumere</strong></span> <span class='ocrx_word' id='word_1_108' title='bbox 227 1579 267 1622; x_wconf 88' lang='lat' dir='ltr'><strong>ex</strong></span> <span class='ocrx_word' id='word_1_109' title='bbox 277 1556 433 1644; x_wconf 87' lang='lat' dir='ltr'><strong>Capitolio</strong></span> <span class='ocrx_word' id='word_1_110' title='bbox 452 1557 579 1625; x_wconf 87' lang='lat' dir='ltr'><strong>armatis</strong></span> <span class='ocrx_word' id='word_1_111' title='bbox 596 1557 630 1621; x_wconf 91' lang='lat' dir='ltr'><strong>in</strong></span> <span class='ocrx_word' id='word_1_112' title='bbox 646 1557 770 1623; x_wconf 89' lang='lat' dir='ltr'><strong>hostem</strong></span> <span class='ocrx_word' id='word_1_113' title='bbox 786 1557 884 1636; x_wconf 91' lang='lat' dir='ltr'><strong>licuit,</strong></span> <span class='ocrx_word' id='word_1_114' title='bbox 903 1580 966 1644; x_wconf 91' lang='lat' dir='ltr'><strong>quo</strong></span> <span class='ocrx_word' id='word_1_115' title='bbox 984 1581 1079 1646; x_wconf 85' lang='lat' dir='ltr'><strong>saepe</strong></span> 
     </span>
     <span class='ocr_line' id='line_1_15' title="bbox 67 1651 1078 1739; baseline 0 -20"><span class='ocrx_word' id='word_1_116' title='bbox 67 1653 142 1719; x_wconf 79' lang='lat' dir='ltr'><strong>rodo</strong></span> <span class='ocrx_word' id='word_1_117' title='bbox 160 1652 285 1718; x_wconf 87' lang='lat' dir='ltr'><strong>obsessi</strong></span> <span class='ocrx_word' id='word_1_118' title='bbox 301 1654 335 1717; x_wconf 91' lang='lat' dir='ltr'><strong>in</strong></span> <span class='ocrx_word' id='word_1_119' title='bbox 349 1651 529 1718; x_wconf 76' lang='lat' dir='ltr'><strong>obsidentes</strong></span> <span class='ocrx_word' id='word_1_120' title='bbox 548 1661 724 1739; x_wconf 87' lang='lat' dir='ltr'><strong>eruperunt,</strong></span> <span class='ocrx_word' id='word_1_121' title='bbox 738 1653 782 1718; x_wconf 84' lang='lat' dir='ltr'><strong>ita</strong></span> <span class='ocrx_word' id='word_1_122' title='bbox 799 1652 890 1720; x_wconf 92' lang='lat' dir='ltr'><strong>nobis</strong></span> <span class='ocrx_word' id='word_1_123' title='bbox 908 1675 1010 1739; x_wconf 88' lang='lat' dir='ltr'><strong>aequo</strong></span> <span class='ocrx_word' id='word_1_124' title='bbox 1023 1662 1078 1719; x_wconf 85' lang='lat' dir='ltr'><strong>aut</strong></span> 
     </span>
     <span class='ocr_line' id='line_1_16' title="bbox 67 1747 1076 1835; baseline 0 -23"><span class='ocrx_word' id='word_1_125' title='bbox 67 1748 154 1834; x_wconf 74' lang='lat' dir='ltr'><strong>siquo</strong></span> <span class='ocrx_word' id='word_1_126' title='bbox 168 1747 238 1814; x_wconf 91' lang='lat' dir='ltr'><strong>loco</strong></span> <span class='ocrx_word' id='word_1_127' title='bbox 252 1747 421 1813; x_wconf 90' lang='lat' dir='ltr'><strong>dimicandi</strong></span> <span class='ocrx_word' id='word_1_128' title='bbox 438 1749 654 1814; x_wconf 85' lang='lat' dir='ltr'><strong>tantummodo</strong></span> <span class='ocrx_word' id='word_1_129' title='bbox 671 1770 744 1813; x_wconf 91' lang='lat' dir='ltr'><strong>cum</strong></span> <span class='ocrx_word' id='word_1_130' title='bbox 765 1748 857 1815; x_wconf 89' lang='lat' dir='ltr'><strong>hoste</strong></span> <span class='ocrx_word' id='word_1_131' title='bbox 875 1749 966 1835; x_wconf 90' lang='lat' dir='ltr'><strong>eopia</strong></span> <span class='ocrx_word' id='word_1_132' title='bbox 984 1757 1076 1826; x_wconf 90' lang='lat' dir='ltr'><strong>esset,</strong></span> 
     </span>
     <span class='ocr_line' id='line_1_17' title="bbox 67 1842 1076 1929; baseline -0.003 -19"><span class='ocrx_word' id='word_1_133' title='bbox 67 1866 110 1910; x_wconf 84' lang='lat' dir='ltr'><strong>on</strong></span> <span class='ocrx_word' id='word_1_134' title='bbox 126 1843 206 1908; x_wconf 93' lang='lat' dir='ltr'><strong>mibi</strong></span> <span class='ocrx_word' id='word_1_135' title='bbox 226 1843 349 1929; x_wconf 88' lang='lat' dir='ltr'><strong>paterni</strong></span> <span class='ocrx_word' id='word_1_136' title='bbox 367 1843 464 1909; x_wconf 89' lang='lat' dir='ltr'><strong>animi</strong></span> <span class='ocrx_word' id='word_1_137' title='bbox 481 1842 603 1908; x_wconf 89' lang='lat' dir='ltr'><strong>indoles</strong></span> <span class='ocrx_word' id='word_1_138' title='bbox 620 1843 655 1908; x_wconf 92' lang='lat' dir='ltr'><strong>in</strong></span> <span class='ocrx_word' id='word_1_139' title='bbox 671 1843 802 1910; x_wconf 85' lang='lat' dir='ltr'><strong>consilio</strong></span> <span class='ocrx_word' id='word_1_140' title='bbox 820 1844 924 1909; x_wconf 88' lang='lat' dir='ltr'><strong>dando</strong></span> <span class='ocrx_word' id='word_1_141' title='bbox 942 1844 1076 1909; x_wconf 87' lang='lat' dir='ltr'><strong>deesset.</strong></span> 
     </span>
     <span class='ocr_line' id='line_1_18' title="bbox 67 1938 1131 2026; baseline -0.002 -22"><span class='ocrx_word' id='word_1_142' title='bbox 67 1940 195 2024; x_wconf 90' lang='lat' dir='ltr'><strong>quidem</strong></span> <span class='ocrx_word' id='word_1_143' title='bbox 214 1948 347 2005; x_wconf 88' lang='lat' dir='ltr'><strong>mortem</strong></span> <span class='ocrx_word' id='word_1_144' title='bbox 368 1962 427 2026; x_wconf 92' lang='lat' dir='ltr'><strong>pro</strong></span> <span class='ocrx_word' id='word_1_145' title='bbox 443 1939 545 2024; x_wconf 87' lang='lat' dir='ltr'><strong>patria</strong></span> <span class='ocrx_word' id='word_1_146' title='bbox 561 1938 755 2025; x_wconf 86' lang='lat' dir='ltr'><strong>praeclaram</strong></span> <span class='ocrx_word' id='word_1_147' title='bbox 772 1961 844 2005; x_wconf 90' lang='lat' dir='ltr'><strong>esse</strong></span> <span class='ocrx_word' id='word_1_148' title='bbox 861 1938 962 2005; x_wconf 88' lang='lat' dir='ltr'><strong>fateor</strong></span> <span class='ocrx_word' id='word_1_149' title='bbox 979 1948 1010 2005; x_wconf 89' lang='lat' dir='ltr'><strong>et</strong></span> <span class='ocrx_word' id='word_1_150' title='bbox 1025 1958 1077 2003; x_wconf 92' lang='lat' dir='ltr'><strong>me</strong></span> <span class='ocrx_word' id='word_1_151' title='bbox 1098 1954 1131 2002; x_wconf 85' lang='lat'><strong>10</strong></span> 
     </span>
     <span class='ocr_line' id='line_1_19' title="bbox 67 2032 1080 2121; baseline -0.003 -21"><span class='ocrx_word' id='word_1_152' title='bbox 67 2032 102 2100; x_wconf 69' lang='lat' dir='ltr'><strong>&#39;el</strong></span> <span class='ocrx_word' id='word_1_153' title='bbox 129 2034 284 2100; x_wconf 88' lang='lat' dir='ltr'><strong>devovere</strong></span> <span class='ocrx_word' id='word_1_154' title='bbox 308 2056 365 2121; x_wconf 91' lang='lat' dir='ltr'><strong>pro</strong></span> <span class='ocrx_word' id='word_1_155' title='bbox 391 2033 509 2120; x_wconf 92' lang='lat' dir='ltr'><strong>populo</strong></span> <span class='ocrx_word' id='word_1_156' title='bbox 531 2033 676 2100; x_wconf 86' lang='lat' dir='ltr'><strong>Romano</strong></span> <span class='ocrx_word' id='word_1_157' title='bbox 702 2033 943 2121; x_wconf 86' lang='lat' dir='ltr'><strong>legionibusque</strong></span> <span class='ocrx_word' id='word_1_158' title='bbox 969 2032 1021 2098; x_wconf 90' lang='lat' dir='ltr'><strong>vel</strong></span> <span class='ocrx_word' id='word_1_159' title='bbox 1045 2032 1080 2097; x_wconf 93' lang='lat' dir='ltr'><strong>in</strong></span> 
     </span>
     <span class='ocr_line' id='line_1_20' title="bbox 67 2128 1131 2216; baseline -0.002 -22"><span class='ocrx_word' id='word_1_160' title='bbox 67 2129 169 2196; x_wconf 81' lang='lat' dir='ltr'><strong>redios</strong></span> <span class='ocrx_word' id='word_1_161' title='bbox 187 2151 240 2194; x_wconf 91' lang='lat' dir='ltr'><strong>me</strong></span> <span class='ocrx_word' id='word_1_162' title='bbox 257 2129 413 2195; x_wconf 86' lang='lat' dir='ltr'><strong>inmittere</strong></span> <span class='ocrx_word' id='word_1_163' title='bbox 431 2128 538 2194; x_wconf 90' lang='lat' dir='ltr'><strong>hostes</strong></span> <span class='ocrx_word' id='word_1_164' title='bbox 555 2137 684 2215; x_wconf 82' lang='lat' dir='ltr'><strong>paratus</strong></span> <span class='ocrx_word' id='word_1_165' title='bbox 704 2151 789 2194; x_wconf 90' lang='lat' dir='ltr'><strong>sum:</strong></span> <span class='ocrx_word' id='word_1_166' title='bbox 808 2129 865 2196; x_wconf 91' lang='lat' dir='ltr'><strong>sed</strong></span> <span class='ocrx_word' id='word_1_167' title='bbox 882 2129 934 2194; x_wconf 90' lang='lat' dir='ltr'><strong>hic</strong></span> <span class='ocrx_word' id='word_1_168' title='bbox 946 2128 1081 2216; x_wconf 83' lang='lat' dir='ltr'><strong>patriam</strong></span> <span class='ocrx_word' id='word_1_169' title='bbox 1099 2143 1131 2192; x_wconf 91' lang='lat'><strong>11</strong></span> 
     </span>
     <span class='ocr_line' id='line_1_21' title="bbox 67 2223 1080 2311; baseline -0.002 -22"><span class='ocrx_word' id='word_1_170' title='bbox 67 2224 155 2303; x_wconf 90' lang='lat' dir='ltr'><strong>ideo,</strong></span> <span class='ocrx_word' id='word_1_171' title='bbox 173 2223 227 2289; x_wconf 90' lang='lat' dir='ltr'><strong>hic</strong></span> <span class='ocrx_word' id='word_1_172' title='bbox 244 2223 398 2309; x_wconf 90' lang='lat' dir='ltr'><strong>quidquid</strong></span> <span class='ocrx_word' id='word_1_173' title='bbox 415 2223 631 2290; x_wconf 85' lang='lat' dir='ltr'><strong>Romanarum</strong></span> <span class='ocrx_word' id='word_1_174' title='bbox 648 2223 808 2311; x_wconf 75' lang='lat' dir='ltr'><strong>legionum</strong></span> <span class='ocrx_word' id='word_1_175' title='bbox 827 2232 883 2288; x_wconf 92' lang='lat' dir='ltr'><strong>est.</strong></span> <span class='ocrx_word' id='word_1_176' title='bbox 920 2245 1001 2306; x_wconf 87' lang='lat' dir='ltr'><strong>quae</strong></span> <span class='ocrx_word' id='word_1_177' title='bbox 1018 2223 1080 2287; x_wconf 93' lang='lat' dir='ltr'><strong>nisi</strong></span> 
     </span>
     <span class='ocr_line' id='line_1_22' title="bbox 67 2316 1079 2408; baseline -0.009 -19"><span class='ocrx_word' id='word_1_178' title='bbox 67 2344 101 2389; x_wconf 86' lang='lat' dir='ltr'><strong>ro</strong></span> <span class='ocrx_word' id='word_1_179' title='bbox 124 2344 161 2388; x_wconf 86' lang='lat' dir='ltr'><strong>se</strong></span> <span class='ocrx_word' id='word_1_180' title='bbox 182 2321 261 2408; x_wconf 92' lang='lat' dir='ltr'><strong>ipsis</strong></span> <span class='ocrx_word' id='word_1_181' title='bbox 284 2323 325 2387; x_wconf 89' lang='lat' dir='ltr'><strong>ad</strong></span> <span class='ocrx_word' id='word_1_182' title='bbox 346 2331 479 2387; x_wconf 89' lang='lat' dir='ltr'><strong>mortem</strong></span> <span class='ocrx_word' id='word_1_183' title='bbox 499 2342 590 2386; x_wconf 90' lang='lat' dir='ltr'><strong>ruere</strong></span> <span class='ocrx_word' id='word_1_184' title='bbox 611 2319 734 2398; x_wconf 85' lang='lat' dir='ltr'><strong>volunt,</strong></span> <span class='ocrx_word' id='word_1_185' title='bbox 757 2319 834 2404; x_wconf 92' lang='lat' dir='ltr'><strong>quid</strong></span> <span class='ocrx_word' id='word_1_186' title='bbox 855 2316 972 2383; x_wconf 87' lang='lat' dir='ltr'><strong>habent</strong></span> <span class='ocrx_word' id='word_1_187' title='bbox 993 2316 1079 2400; x_wconf 92' lang='lat' dir='ltr'><strong>quod</strong></span> 
     </span>
     <span class='ocr_line' id='line_1_23' title="bbox 67 2412 1130 2497; baseline -0.008 -15"><span class='ocrx_word' id='word_1_188' title='bbox 67 2426 146 2483; x_wconf 78' lang='lat' dir='ltr'><strong>rorte</strong></span> <span class='ocrx_word' id='word_1_189' title='bbox 173 2439 233 2482; x_wconf 84' lang='lat' dir='ltr'><strong>sua</strong></span> <span class='ocrx_word' id='word_1_190' title='bbox 260 2416 407 2481; x_wconf 80' lang='lat' dir='ltr'><strong>servent?</strong></span> <span class='ocrx_word' id='word_1_191' title='bbox 442 2425 525 2481; x_wconf 89' lang='lat' dir='ltr'><strong>tecta</strong></span> <span class='ocrx_word' id='word_1_192' title='bbox 550 2414 652 2493; x_wconf 85' lang='lat' dir='ltr'><strong>urbis,</strong></span> <span class='ocrx_word' id='word_1_193' title='bbox 680 2414 764 2479; x_wconf 92' lang='lat' dir='ltr'><strong>dicat</strong></span> <span class='ocrx_word' id='word_1_194' title='bbox 785 2412 912 2497; x_wconf 88' lang='lat' dir='ltr'><strong>aliquis,</strong></span> <span class='ocrx_word' id='word_1_195' title='bbox 939 2419 972 2476; x_wconf 90' lang='lat' dir='ltr'><strong>et</strong></span> <span class='ocrx_word' id='word_1_196' title='bbox 992 2432 1079 2476; x_wconf 90' lang='lat' dir='ltr'><strong>moe-</strong></span> <span class='ocrx_word' id='word_1_197' title='bbox 1098 2426 1130 2473; x_wconf 82' lang='lat'><strong>12</strong></span> 
     </span>
     <span class='ocr_line' id='line_1_24' title="bbox 66 2506 1077 2596; baseline -0.005 -20"><span class='ocrx_word' id='word_1_198' title='bbox 66 2513 101 2576; x_wconf 85' lang='lat' dir='ltr'><strong>ia</strong></span> <span class='ocrx_word' id='word_1_199' title='bbox 121 2521 153 2577; x_wconf 89' lang='lat' dir='ltr'><strong>et</strong></span> <span class='ocrx_word' id='word_1_200' title='bbox 174 2534 246 2577; x_wconf 86' lang='lat' dir='ltr'><strong>eam</strong></span> <span class='ocrx_word' id='word_1_201' title='bbox 268 2510 407 2590; x_wconf 87' lang='lat' dir='ltr'><strong>turbam,</strong></span> <span class='ocrx_word' id='word_1_202' title='bbox 431 2535 450 2577; x_wconf 89' lang='lat' dir='ltr'><strong>a</strong></span> <span class='ocrx_word' id='word_1_203' title='bbox 467 2533 531 2596; x_wconf 83' lang='lat' dir='ltr'><strong>qua</strong></span> <span class='ocrx_word' id='word_1_204' title='bbox 547 2510 624 2577; x_wconf 93' lang='lat' dir='ltr'><strong>urbs</strong></span> <span class='ocrx_word' id='word_1_205' title='bbox 646 2509 800 2576; x_wconf 83' lang='lat' dir='ltr'><strong>incolitur.</strong></span> <span class='ocrx_word' id='word_1_206' title='bbox 835 2509 932 2573; x_wconf 90' lang='lat' dir='ltr'><strong>immo</strong></span> <span class='ocrx_word' id='word_1_207' title='bbox 949 2506 1077 2572; x_wconf 88' lang='lat' dir='ltr'><strong>hercule</strong></span> 
     </span>
     <span class='ocr_line' id='line_1_25' title="bbox 67 2606 1076 2684; baseline -0.003 -12"><span class='ocrx_word' id='word_1_208' title='bbox 67 2607 221 2672; x_wconf 88' lang='lat' dir='ltr'><strong>roduntur</strong></span> <span class='ocrx_word' id='word_1_209' title='bbox 243 2629 281 2672; x_wconf 91' lang='lat' dir='ltr'><strong>ea</strong></span> <span class='ocrx_word' id='word_1_210' title='bbox 304 2607 410 2673; x_wconf 87' lang='lat' dir='ltr'><strong>omnia</strong></span> <span class='ocrx_word' id='word_1_211' title='bbox 431 2607 534 2672; x_wconf 89' lang='lat' dir='ltr'><strong>deleto</strong></span> <span class='ocrx_word' id='word_1_212' title='bbox 556 2607 618 2673; x_wconf 90' lang='lat' dir='ltr'><strong>hoc</strong></span> <span class='ocrx_word' id='word_1_213' title='bbox 639 2606 792 2684; x_wconf 86' lang='lat' dir='ltr'><strong>exercitu,</strong></span> <span class='ocrx_word' id='word_1_214' title='bbox 817 2627 882 2671; x_wconf 92' lang='lat' dir='ltr'><strong>non</strong></span> <span class='ocrx_word' id='word_1_215' title='bbox 903 2613 1076 2670; x_wconf 86' lang='lat' dir='ltr'><strong>servantur.</strong></span> 
     </span>
     <span class='ocr_line' id='line_1_26' title="bbox 67 2698 1079 2786; baseline -0.004 -19"><span class='ocrx_word' id='word_1_216' title='bbox 67 2701 117 2767; x_wconf 89' lang='lat' dir='ltr'><strong>uis</strong></span> <span class='ocrx_word' id='word_1_217' title='bbox 131 2702 217 2767; x_wconf 92' lang='lat' dir='ltr'><strong>enim</strong></span> <span class='ocrx_word' id='word_1_218' title='bbox 230 2724 269 2767; x_wconf 89' lang='lat' dir='ltr'><strong>ea</strong></span> <span class='ocrx_word' id='word_1_219' title='bbox 282 2701 437 2767; x_wconf 86' lang='lat' dir='ltr'><strong>tuebitur?</strong></span> <span class='ocrx_word' id='word_1_220' title='bbox 453 2701 578 2768; x_wconf 90' lang='lat' dir='ltr'><strong>inbellis</strong></span> <span class='ocrx_word' id='word_1_221' title='bbox 592 2701 738 2767; x_wconf 88' lang='lat' dir='ltr'><strong>videlicet</strong></span> <span class='ocrx_word' id='word_1_222' title='bbox 750 2710 844 2786; x_wconf 89' lang='lat' dir='ltr'><strong>atque</strong></span> <span class='ocrx_word' id='word_1_223' title='bbox 856 2700 983 2766; x_wconf 88' lang='lat' dir='ltr'><strong>inermis</strong></span> <span class='ocrx_word' id='word_1_224' title='bbox 997 2698 1079 2764; x_wconf 93' lang='lat' dir='ltr'><strong>mul-</strong></span> 
     </span>
    </p>
   </div>
   <div class='ocr_carea' id='block_1_3' title="bbox 67 2789 1241 2883">
    <p class='ocr_par' dir='ltr' id='par_1_4' title="bbox 67 2789 1241 2883">
     <span class='ocr_line' id='line_1_27' title="bbox 67 2789 1241 2883; baseline -0.007 -23"><span class='ocrx_word' id='word_1_225' title='bbox 67 2797 158 2862; x_wconf 89' lang='lat' dir='ltr'><strong>tud0.</strong></span> <span class='ocrx_word' id='word_1_226' title='bbox 195 2806 261 2861; x_wconf 86' lang='lat' dir='ltr'><strong>tam</strong></span> <span class='ocrx_word' id='word_1_227' title='bbox 282 2795 409 2862; x_wconf 86' lang='lat' dir='ltr'><strong>hercule</strong></span> <span class='ocrx_word' id='word_1_228' title='bbox 431 2819 527 2881; x_wconf 87' lang='lat' dir='ltr'><strong>quam</strong></span> <span class='ocrx_word' id='word_1_229' title='bbox 549 2820 569 2862; x_wconf 88' lang='lat' dir='ltr'><strong>a</strong></span> <span class='ocrx_word' id='word_1_230' title='bbox 592 2794 756 2863; x_wconf 88' lang='lat' dir='ltr'><strong>Gallorum</strong></span> <span class='ocrx_word' id='word_1_231' title='bbox 782 2797 903 2883; x_wconf 89' lang='lat' dir='ltr'><strong>impetu</strong></span> <span class='ocrx_word' id='word_1_232' title='bbox 928 2793 1130 2861; x_wconf 71' lang='lat' dir='ltr'><strong>defenditis</strong></span> <span class='ocrx_word' id='word_1_233' title='bbox 1234 2789 1241 2801; x_wconf 85' lang='lat'>&#39;</span> 
     </span>
    </p>
   </div>
   <div class='ocr_carea' id='block_1_4' title="bbox 66 2889 1131 4122">
    <p class='ocr_par' dir='ltr' id='par_1_5' title="bbox 66 2889 1131 3167">
     <span class='ocr_line' id='line_1_28' title="bbox 67 2889 1079 2979; baseline -0.003 -22"><span class='ocrx_word' id='word_1_234' title='bbox 67 2915 129 2958; x_wconf 86' lang='lat' dir='ltr'><strong>na</strong></span> <span class='ocrx_word' id='word_1_235' title='bbox 153 2889 243 2958; x_wconf 89' lang='lat' dir='ltr'><strong>Veiis</strong></span> <span class='ocrx_word' id='word_1_236' title='bbox 269 2891 441 2957; x_wconf 82' lang='lat' dir='ltr'><strong>exercitum</strong></span> <span class='ocrx_word' id='word_1_237' title='bbox 464 2890 695 2976; x_wconf 86' lang='lat' dir='ltr'><strong>Camillumque</strong></span> <span class='ocrx_word' id='word_1_238' title='bbox 722 2892 835 2957; x_wconf 90' lang='lat' dir='ltr'><strong>ducem</strong></span> <span class='ocrx_word' id='word_1_239' title='bbox 860 2889 1079 2979; x_wconf 77' lang='lat' dir='ltr'><strong>inplorabuntl</strong></span> 
     </span>
     <span class='ocr_line' id='line_1_29' title="bbox 66 2986 1131 3073; baseline -0.009 -20"><span class='ocrx_word' id='word_1_240' title='bbox 66 2987 96 3053; x_wconf 91' lang='lat' dir='ltr'><strong>ic</strong></span> <span class='ocrx_word' id='word_1_241' title='bbox 112 3007 225 3053; x_wconf 91' lang='lat' dir='ltr'><strong>omnes</strong></span> <span class='ocrx_word' id='word_1_242' title='bbox 244 3008 318 3073; x_wconf 90' lang='lat' dir='ltr'><strong>spes</strong></span> <span class='ocrx_word' id='word_1_243' title='bbox 336 3008 475 3073; x_wconf 88' lang='lat' dir='ltr'><strong>opesque</strong></span> <span class='ocrx_word' id='word_1_244' title='bbox 494 2996 576 3065; x_wconf 87' lang='lat' dir='ltr'><strong>sunt,</strong></span> <span class='ocrx_word' id='word_1_245' title='bbox 590 3009 670 3072; x_wconf 85' lang='lat' dir='ltr'><strong>quos</strong></span> <span class='ocrx_word' id='word_1_246' title='bbox 689 2986 844 3052; x_wconf 87' lang='lat' dir='ltr'><strong>servando</strong></span> <span class='ocrx_word' id='word_1_247' title='bbox 861 2986 996 3071; x_wconf 88' lang='lat' dir='ltr'><strong>patriam</strong></span> <span class='ocrx_word' id='word_1_248' title='bbox 1014 3006 1079 3051; x_wconf 90' lang='lat' dir='ltr'><strong>ser·</strong></span> <span class='ocrx_word' id='word_1_249' title='bbox 1098 2995 1131 3044; x_wconf 82' lang='lat'><strong>14</strong></span> 
     </span>
     <span class='ocr_line' id='line_1_30' title="bbox 67 3079 1077 3167; baseline -0.004 -20"><span class='ocrx_word' id='word_1_250' title='bbox 67 3104 168 3159; x_wconf 84' lang='lat' dir='ltr'><strong>amus,</strong></span> <span class='ocrx_word' id='word_1_251' title='bbox 184 3081 328 3147; x_wconf 92' lang='lat' dir='ltr'><strong>dedendo</strong></span> <span class='ocrx_word' id='word_1_252' title='bbox 342 3081 383 3148; x_wconf 83' lang='lat' dir='ltr'><strong>ad</strong></span> <span class='ocrx_word' id='word_1_253' title='bbox 395 3103 506 3146; x_wconf 91' lang='lat' dir='ltr'><strong>necem</strong></span> <span class='ocrx_word' id='word_1_254' title='bbox 519 3081 653 3167; x_wconf 91' lang='lat' dir='ltr'><strong>patriam</strong></span> <span class='ocrx_word' id='word_1_255' title='bbox 666 3081 840 3146; x_wconf 88' lang='lat' dir='ltr'><strong>deserimus</strong></span> <span class='ocrx_word' id='word_1_256' title='bbox 855 3102 893 3146; x_wconf 90' lang='lat' dir='ltr'><strong>ac</strong></span> <span class='ocrx_word' id='word_1_257' title='bbox 905 3079 1077 3166; x_wconf 89' lang='lat' dir='ltr'><strong>prodimus.</strong></span> 
     </span>
    </p>

    <p class='ocr_par' dir='ltr' id='par_1_6' title="bbox 67 3174 1129 3718">
     <span class='ocr_line' id='line_1_31' title="bbox 67 3174 1129 3263; baseline -0.001 -25"><span class='ocrx_word' id='word_1_258' title='bbox 67 3183 83 3240; x_wconf 87' lang='lat' dir='ltr'><strong>t</strong></span> <span class='ocrx_word' id='word_1_259' title='bbox 98 3175 192 3244; x_wconf 79' lang='lat' dir='ltr'><strong>foeda</strong></span> <span class='ocrx_word' id='word_1_260' title='bbox 209 3186 305 3260; x_wconf 86' lang='lat' dir='ltr'><strong>atque</strong></span> <span class='ocrx_word' id='word_1_261' title='bbox 321 3176 534 3263; x_wconf 84' lang='lat' dir='ltr'><strong>ignominiosa</strong></span> <span class='ocrx_word' id='word_1_262' title='bbox 550 3177 668 3242; x_wconf 91' lang='lat' dir='ltr'><strong>deditio</strong></span> <span class='ocrx_word' id='word_1_263' title='bbox 685 3184 743 3242; x_wconf 84' lang='lat' dir='ltr'><strong>est.</strong></span> <span class='ocrx_word' id='word_1_264' title='bbox 770 3175 827 3241; x_wconf 88' lang='lat' dir='ltr'><strong>sed</strong></span> <span class='ocrx_word' id='word_1_265' title='bbox 840 3197 878 3240; x_wconf 86' lang='lat' dir='ltr'><strong>ea</strong></span> <span class='ocrx_word' id='word_1_266' title='bbox 891 3174 1003 3240; x_wconf 90' lang='lat' dir='ltr'><strong>caritas</strong></span> <span class='ocrx_word' id='word_1_267' title='bbox 1020 3196 1078 3259; x_wconf 70' lang='lat' dir='ltr'><strong>pa</strong></span> <span class='ocrx_word' id='word_1_268' title='bbox 1097 3183 1129 3232; x_wconf 84' lang='lat'><strong>15</strong></span> 
     </span>
     <span class='ocr_line' id='line_1_32' title="bbox 67 3267 1078 3358; baseline -0.004 -21"><span class='ocrx_word' id='word_1_269' title='bbox 67 3269 123 3337; x_wconf 81' lang='lat' dir='ltr'><strong>iae</strong></span> <span class='ocrx_word' id='word_1_270' title='bbox 146 3280 210 3349; x_wconf 91' lang='lat' dir='ltr'><strong>est,</strong></span> <span class='ocrx_word' id='word_1_271' title='bbox 234 3279 269 3336; x_wconf 92' lang='lat' dir='ltr'><strong>ut</strong></span> <span class='ocrx_word' id='word_1_272' title='bbox 291 3280 356 3336; x_wconf 89' lang='lat' dir='ltr'><strong>tam</strong></span> <span class='ocrx_word' id='word_1_273' title='bbox 377 3271 550 3358; x_wconf 84' lang='lat' dir='ltr'><strong>ignominia</strong></span> <span class='ocrx_word' id='word_1_274' title='bbox 571 3293 642 3338; x_wconf 89' lang='lat' dir='ltr'><strong>eam</strong></span> <span class='ocrx_word' id='word_1_275' title='bbox 663 3294 759 3357; x_wconf 85' lang='lat' dir='ltr'><strong>quam</strong></span> <span class='ocrx_word' id='word_1_276' title='bbox 785 3278 884 3336; x_wconf 89' lang='lat' dir='ltr'><strong>morte</strong></span> <span class='ocrx_word' id='word_1_277' title='bbox 905 3277 1026 3346; x_wconf 84' lang='lat' dir='ltr'><strong>nostra,</strong></span> <span class='ocrx_word' id='word_1_278' title='bbox 1049 3267 1078 3335; x_wconf 88' lang='lat' dir='ltr'><strong>si</strong></span> 
     </span>
     <span class='ocr_line' id='line_1_33' title="bbox 67 3366 1129 3454; baseline -0.008 -22"><span class='ocrx_word' id='word_1_279' title='bbox 67 3388 125 3452; x_wconf 90' lang='lat' dir='ltr'><strong>pus</strong></span> <span class='ocrx_word' id='word_1_280' title='bbox 144 3366 196 3444; x_wconf 87' lang='lat' dir='ltr'><strong>sit,</strong></span> <span class='ocrx_word' id='word_1_281' title='bbox 214 3387 387 3433; x_wconf 86' lang='lat' dir='ltr'><strong>servemus.</strong></span> <span class='ocrx_word' id='word_1_282' title='bbox 416 3366 566 3433; x_wconf 89' lang='lat' dir='ltr'><strong>subeatur</strong></span> <span class='ocrx_word' id='word_1_283' title='bbox 583 3389 659 3454; x_wconf 87' lang='lat' dir='ltr'><strong>ergo</strong></span> <span class='ocrx_word' id='word_1_284' title='bbox 676 3366 740 3432; x_wconf 88' lang='lat' dir='ltr'><strong>ista</strong></span> <span class='ocrx_word' id='word_1_285' title='bbox 757 3374 1011 3450; x_wconf 88' lang='lat' dir='ltr'><strong>quantacumque</strong></span> <span class='ocrx_word' id='word_1_286' title='bbox 1028 3372 1078 3430; x_wconf 90' lang='lat' dir='ltr'><strong>est</strong></span> <span class='ocrx_word' id='word_1_287' title='bbox 1097 3373 1129 3423; x_wconf 80' lang='lat'><strong>16</strong></span> 
     </span>
     <span class='ocr_line' id='line_1_34' title="bbox 67 3460 1079 3547; baseline 0 -22"><span class='ocrx_word' id='word_1_288' title='bbox 67 3461 216 3547; x_wconf 78' lang='lat' dir='ltr'><strong>rdignitas</strong></span> <span class='ocrx_word' id='word_1_289' title='bbox 232 3468 264 3526; x_wconf 90' lang='lat' dir='ltr'><strong>et</strong></span> <span class='ocrx_word' id='word_1_290' title='bbox 279 3471 427 3547; x_wconf 89' lang='lat' dir='ltr'><strong>pareatur</strong></span> <span class='ocrx_word' id='word_1_291' title='bbox 443 3460 633 3540; x_wconf 89' lang='lat' dir='ltr'><strong>necessitati,</strong></span> <span class='ocrx_word' id='word_1_292' title='bbox 646 3483 743 3546; x_wconf 87' lang='lat' dir='ltr'><strong>quam</strong></span> <span class='ocrx_word' id='word_1_293' title='bbox 760 3483 801 3526; x_wconf 88' lang='lat' dir='ltr'><strong>ne</strong></span> <span class='ocrx_word' id='word_1_294' title='bbox 818 3461 862 3526; x_wconf 91' lang='lat' dir='ltr'><strong>dii</strong></span> <span class='ocrx_word' id='word_1_295' title='bbox 879 3460 1008 3545; x_wconf 90' lang='lat' dir='ltr'><strong>quidem</strong></span> <span class='ocrx_word' id='word_1_296' title='bbox 1025 3482 1079 3527; x_wconf 90' lang='lat' dir='ltr'><strong>su-</strong></span> 
     </span>
     <span class='ocr_line' id='line_1_35' title="bbox 67 3554 1078 3642; baseline 0.001 -21"><span class='ocrx_word' id='word_1_297' title='bbox 67 3564 166 3621; x_wconf 79' lang='lat' dir='ltr'><strong>erant.</strong></span> <span class='ocrx_word' id='word_1_298' title='bbox 192 3554 246 3633; x_wconf 90' lang='lat' dir='ltr'><strong>ite,</strong></span> <span class='ocrx_word' id='word_1_299' title='bbox 260 3555 416 3636; x_wconf 89' lang='lat' dir='ltr'><strong>consules,</strong></span> <span class='ocrx_word' id='word_1_300' title='bbox 433 3557 578 3622; x_wconf 89' lang='lat' dir='ltr'><strong>redimite</strong></span> <span class='ocrx_word' id='word_1_301' title='bbox 595 3557 691 3624; x_wconf 90' lang='lat' dir='ltr'><strong>armis</strong></span> <span class='ocrx_word' id='word_1_302' title='bbox 709 3557 878 3635; x_wconf 88' lang='lat' dir='ltr'><strong>civitatem,</strong></span> <span class='ocrx_word' id='word_1_303' title='bbox 891 3577 988 3642; x_wconf 85' lang='lat' dir='ltr'><strong>quam</strong></span> <span class='ocrx_word' id='word_1_304' title='bbox 1000 3577 1078 3622; x_wconf 88' lang='lat' dir='ltr'><strong>auro</strong></span> 
     </span>
     <span class='ocr_line' id='line_1_36' title="bbox 67 3649 531 3718; baseline 0.002 -2"><span class='ocrx_word' id='word_1_305' title='bbox 67 3649 181 3716; x_wconf 73' lang='lat' dir='ltr'><strong>naiores</strong></span> <span class='ocrx_word' id='word_1_306' title='bbox 199 3650 296 3716; x_wconf 89' lang='lat' dir='ltr'><strong>vestri</strong></span> <span class='ocrx_word' id='word_1_307' title='bbox 311 3651 531 3718; x_wconf 64' lang='lat' dir='ltr'><strong>redemerunt?</strong></span> 
     </span>
    </p>

    <p class='ocr_par' dir='ltr' id='par_1_7' title="bbox 67 3743 1110 4122">
     <span class='ocr_line' id='line_1_37' title="bbox 109 3743 1110 3833; baseline 0 -23"><span class='ocrx_word' id='word_1_308' title='bbox 109 3743 154 3810; x_wconf 91' lang='lat' dir='ltr'><strong>V.</strong></span> <span class='ocrx_word' id='word_1_309' title='bbox 178 3743 336 3812; x_wconf 86' lang='lat' dir='ltr'><strong>Consules</strong></span> <span class='ocrx_word' id='word_1_310' title='bbox 353 3747 488 3833; x_wconf 88' lang='lat' dir='ltr'><strong>profecti</strong></span> <span class='ocrx_word' id='word_1_311' title='bbox 506 3747 546 3813; x_wconf 90' lang='lat' dir='ltr'><strong>ad</strong></span> <span class='ocrx_word' id='word_1_312' title='bbox 559 3745 710 3814; x_wconf 90' lang='lat' dir='ltr'><strong>Pontium</strong></span> <span class='ocrx_word' id='word_1_313' title='bbox 728 3747 762 3812; x_wconf 92' lang='lat' dir='ltr'><strong>in</strong></span> <span class='ocrx_word' id='word_1_314' title='bbox 779 3745 991 3832; x_wconf 91' lang='lat' dir='ltr'><strong>conloquium,</strong></span> <span class='ocrx_word' id='word_1_315' title='bbox 1004 3768 1077 3811; x_wconf 91' lang='lat' dir='ltr'><strong>cum</strong></span> <span class='ocrx_word' id='word_1_316' title='bbox 1096 3757 1110 3804; x_wconf 94' lang='lat'>1</span> 
     </span>
     <span class='ocr_line' id='line_1_38' title="bbox 67 3837 1076 3930; baseline -0.001 -26"><span class='ocrx_word' id='word_1_317' title='bbox 67 3837 228 3906; x_wconf 84' lang='lat' dir='ltr'><strong>efoedere</strong></span> <span class='ocrx_word' id='word_1_318' title='bbox 240 3842 341 3908; x_wconf 88' lang='lat' dir='ltr'><strong>victor</strong></span> <span class='ocrx_word' id='word_1_319' title='bbox 356 3843 498 3930; x_wconf 85' lang='lat' dir='ltr'><strong>agitaret,</strong></span> <span class='ocrx_word' id='word_1_320' title='bbox 517 3853 681 3930; x_wconf 84' lang='lat' dir='ltr'><strong>negarunt,</strong></span> <span class='ocrx_word' id='word_1_321' title='bbox 699 3843 823 3910; x_wconf 91' lang='lat' dir='ltr'><strong>iniussu</strong></span> <span class='ocrx_word' id='word_1_322' title='bbox 839 3843 948 3930; x_wconf 92' lang='lat' dir='ltr'><strong>populi</strong></span> <span class='ocrx_word' id='word_1_323' title='bbox 964 3840 1076 3905; x_wconf 86' lang='lat' dir='ltr'><strong>foedus</strong></span> 
     </span>
     <span class='ocr_line' id='line_1_39' title="bbox 67 3933 1075 4025; baseline 0.002 -27"><span class='ocrx_word' id='word_1_324' title='bbox 67 3934 114 3998; x_wconf 92' lang='lat' dir='ltr'><strong>eri</strong></span> <span class='ocrx_word' id='word_1_325' title='bbox 131 3954 228 4022; x_wconf 87' lang='lat' dir='ltr'><strong>posse</strong></span> <span class='ocrx_word' id='word_1_326' title='bbox 244 3959 304 4003; x_wconf 86' lang='lat' dir='ltr'><strong>nee</strong></span> <span class='ocrx_word' id='word_1_327' title='bbox 322 3938 389 4004; x_wconf 89' lang='lat' dir='ltr'><strong>sine</strong></span> <span class='ocrx_word' id='word_1_328' title='bbox 407 3937 567 4005; x_wconf 88' lang='lat' dir='ltr'><strong>fetialibus</strong></span> <span class='ocrx_word' id='word_1_329' title='bbox 586 3939 835 4025; x_wconf 87' lang='lat' dir='ltr'><strong>caerimoniaque</strong></span> <span class='ocrx_word' id='word_1_330' title='bbox 848 3938 910 4003; x_wconf 90' lang='lat' dir='ltr'><strong>alia</strong></span> <span class='ocrx_word' id='word_1_331' title='bbox 923 3933 1075 4002; x_wconf 92' lang='lat' dir='ltr'><strong>sollemni.</strong></span> 
     </span>
     <span class='ocr_line' id='line_1_40' title="bbox 67 4027 1110 4122; baseline -0.003 -26"><span class='ocrx_word' id='word_1_332' title='bbox 67 4051 154 4116; x_wconf 78' lang='lat' dir='ltr'><strong>aque</strong></span> <span class='ocrx_word' id='word_1_333' title='bbox 175 4054 254 4113; x_wconf 92' lang='lat' dir='ltr'><strong>non,</strong></span> <span class='ocrx_word' id='word_1_334' title='bbox 275 4043 312 4099; x_wconf 88' lang='lat' dir='ltr'><strong>ut</strong></span> <span class='ocrx_word' id='word_1_335' title='bbox 334 4034 431 4122; x_wconf 88' lang='lat' dir='ltr'><strong>vulgo</strong></span> <span class='ocrx_word' id='word_1_336' title='bbox 453 4036 585 4101; x_wconf 89' lang='lat' dir='ltr'><strong>credunt</strong></span> <span class='ocrx_word' id='word_1_337' title='bbox 602 4035 819 4120; x_wconf 84' lang='lat' dir='ltr'><strong>Claudiusque</strong></span> <span class='ocrx_word' id='word_1_338' title='bbox 840 4034 935 4100; x_wconf 86' lang='lat' dir='ltr'><strong>etiam</strong></span> <span class='ocrx_word' id='word_1_339' title='bbox 956 4027 1074 4108; x_wconf 86' lang='lat' dir='ltr'><strong>scribit,</strong></span> <span class='ocrx_word' id='word_1_340' title='bbox 1094 4040 1110 4087; x_wconf 78' lang='lat'><strong>2</strong></span> 
     </span>
    </p>
   </div>
   <div class='ocr_carea' id='block_1_5' title="bbox 963 4172 1236 4279">
    <p class='ocr_par' dir='ltr' id='par_1_8' title="bbox 963 4172 1236 4279">
     <span class='ocr_line' id='line_1_41' title="bbox 963 4172 1236 4279; baseline 0 -20"><span class='ocrx_word' id='word_1_341' title='bbox 963 4172 1236 4279; x_wconf 55' lang='lat' dir='ltr'><strong>fx,</strong></span> 
     </span>
    </p>
   </div>
   <div class='ocr_carea' id='block_1_6' title="bbox 0 0 1288 4524">
    <p class='ocr_par' dir='ltr' id='par_1_9' title="bbox 0 0 1288 4524">
     <span class='ocr_line' id='line_1_42' title="bbox 0 0 1288 4524; baseline 0 0"><span class='ocrx_word' id='word_1_342' title='bbox 0 0 1288 4524; x_wconf 95' lang='lat' dir='ltr'><strong> </strong></span> 
     </span>
    </p>
   </div>
  </div>
 </body>
</html>
