2566 4524
127 244 170 310 98
394 255 511 309 LIBER
530 255 572 326 11,
590 255 702 312 36-38.
722 260 798 326 [au.
809 257 908 324 0263]

134 417 323 506 pinquorum
337 413 490 491 adhibito,
510 436 582 478 cum
595 414 664 479 visa
679 423 773 498 atque
791 416 898 482 audita
916 424 948 481 et
965 417 1141 484 obversatum

135 513 250 579 totiens
269 531 380 575 somno
397 509 522 585 Iovem,
548 509 649 573 minas
671 509 797 593 irasque
815 510 967 577 caelestes
986 534 1143 598 repraesen-

135 616 216 672 tatas
240 604 367 669 casibus
386 603 451 668 suis
471 604 682 689 exposuisset,
706 627 863 670 consensu
880 605 954 671 inde
971 606 1146 672 hauddubie

135 699 276 767 omnium
290 697 344 781 qui
357 697 486 762 aderant
498 698 531 760 in
548 697 653 762 forum
671 698 712 761 ad
729 699 873 764 consules
890 699 1003 765 lectica
1019 701 1146 767 defertm

101 796 208 866 tinde
230 793 264 856 in
286 791 405 856 curiam
426 792 516 856 iussu
539 791 703 856 consulum
730 794 852 859 delatus
880 795 992 860 eadem
1017 795 1072 861 illa
1095 816 1149 861 οιιιι

136 888 277 976 patribus
318 886 439 972 ingenti
465 887 606 951 omnium
628 887 833 952 admiratione
876 900 1068 968 enarrasset,
1094 908 1150 955 eoos

138 983 223 1048 aliud
240 981 441 1046 miraculum:
460 981 514 1064 qui
533 991 643 1067 captus
662 982 808 1047 omnibus
827 982 977 1048 membris
996 983 1151 1050 delatusin

137 1078 256 1143 curiam
279 1083 376 1153 esset,
405 1097 477 1139 eum
499 1075 644 1139 functum
667 1075 772 1141 officio
795 1076 929 1162 pedibus
952 1078 1020 1143 suis
1039 1079 1152 1144 domun

134 1174 255 1239 redisse
273 1171 422 1237 traditum
439 1170 608 1235 memoriae
627 1180 684 1234 est.

101 1291 115 1340 1
198 1266 386 1333 XXXVII.
422 1265 510 1329 Ludi
529 1286 623 1348 quam
641 1264 827 1352 amplissimi
844 1274 879 1329 ut
896 1265 1022 1344 fierent,
1041 1274 1152 1332 senatus

134 1361 281 1428 decrevit.
318 1361 359 1426 ad
381 1382 436 1426 eos
458 1360 550 1424 ludos
588 1369 715 1423 auctore
733 1357 822 1424 Attio
842 1360 947 1424 Tullio
985 1362 1035 1426 vis
1053 1382 1155 1447 magna

102 1477 117 1524 2
135 1458 325 1524 Volscorum
338 1456 433 1521 venit.
460 1456 644 1540 priusquam
658 1456 924 1521 committerentur
935 1454 1017 1535 ludi,
1032 1457 1152 1533 Ibrllius,

133 1561 168 1616 ut
182 1552 267 1616 domi
281 1550 490 1635 compositum
505 1572 576 1613 cum
586 1548 708 1614 Marcio
721 1550 837 1628 fuerat,
858 1552 898 1615 ad
911 1552 1060 1617 consules
1073 1552 1153 1627 venit,

100 1668 114 1715 3
134 1646 209 1710 dicit
228 1667 312 1723 esse,
331 1666 412 1728 quae
432 1654 551 1709 secreto
570 1666 663 1730 agere
682 1645 771 1709 dere
790 1644 917 1730 publica
928 1645 1014 1710 velit.
1043 1645 1152 1713 arbitris

135 1740 278 1816 remotis,
304 1738 447 1802 ‘invitus'
466 1738 566 1822 inquit
590 1739 688 1821 ‘quod
708 1739 836 1822 sequius
855 1740 908 1816 sit,
934 1740 974 1805 de
993 1741 1074 1806 meis
1090 1738 1153 1805 civi·

133 1834 195 1900 bus
212 1834 331 1917 loquor.
363 1841 550 1897 nontamen
568 1833 742 1897 admissum
760 1833 929 1916 quicquam
947 1833 988 1900 ab
1006 1834 1048 1900 iis
1066 1832 1153 1901 crimi-

100 1949 118 1994 4
134 1937 244 1992 natum
262 1927 368 2003 venie,
389 1926 447 1990 sed
459 1935 599 2003 cautum,
619 1949 659 1990 ne
674 1926 847 1991 admittant.
875 1928 972 1993 nimio
986 1928 1153 2014 plusquam

100 2043 115 2090 ι
133 2023 228 2087 velim
245 2031 423 2085 nostrorum
440 2020 567 2106 ingenia
586 2031 658 2085 sunt
675 2020 811 2086 mobilia.
848 2023 955 2087 multis
972 2023 1009 2087 id
1026 2022 1152 2089 cladibus

134 2116 304 2193 sensimus,
324 2114 439 2199 quippe
454 2115 584 2197 quinon
597 2125 704 2180 nostro
718 2116 838 2193 meritc,
858 2117 913 2181 sed
928 2127 1036 2183 vestra
1047 2118 1152 2205 patien-

132 2210 177 2274 tia
197 2209 370 2273 incolumes
395 2209 502 2273 simus.
539 2231 655 2294 magna
676 2210 728 2275 hic
751 2233 835 2275 nunc
853 2209 1045 2277 Volscorum
1062 2209 1151 2278 multi·

99 2324 113 2372 6
133 2305 208 2369 tudo
222 2313 279 2381 est,
297 2303 364 2367 ludi
379 2311 459 2380 sunt,
480 2304 659 2388 spectaculo
674 2305 792 2368 intenta
806 2305 916 2370 civitas
931 2306 998 2371 erit
1026 2304 1151 2379 memini

133 2399 210 2483 quid
231 2422 288 2484 per
310 2399 442 2463 eandem
465 2401 662 2464 occasionem
686 2400 726 2465 ab
747 2399 937 2467 Sabinorum
954 2400 1151 2468 iuventutein

131 2493 192 2559 hac
210 2494 288 2558 urbe
307 2494 511 2559 commissum
530 2495 579 2558 sit.
620 2494 726 2559 horret
744 2495 881 2574 animus,
904 2519 945 2561 ne
963 2497 1042 2581 quid
1057 2498 1151 2561 incon·

131 2589 212 2655 sulte
235 2611 272 2654 ac
295 2599 411 2653 temere
433 2589 496 2653 fiat.
533 2590 611 2654 haec
634 2600 705 2655 nost
705 2615 740 2654 ra
761 2600 929 2676 vestraque
956 2615 1055 2658 causa
1078 2590 1150 2700 prius

98 2682 264 2748 adicenda
281 2681 387 2758 vobis,
406 2682 625 2760 consules,ra
590 2692 676 2749 ratus
696 2706 775 2749 sum.
813 2684 898 2768 quod
915 2686 957 2750 ad
975 2708 1028 2752 me
1046 2685 1148 2757 arnna

131 2773 289 2859 externplo
306 2775 381 2839 hinc
399 2776 528 2839 domum
547 2776 658 2840 abire'
650 2802 683 2841 ιιι
700 2779 804 2843 animo
828 2788 889 2857 est,
917 2801 958 2844 ne
981 2780 1071 2846 carius
1088 2774 1147 2844 faci

131 2868 246 2932 dictive
265 2877 336 2933 cont
338 2869 450 2953 agione
467 2892 616 2954 praesens
634 2872 750 2936 violer!
785 2873 864 2938 haec
881 2872 968 2939 locut
955 2884 1007 2940 tus
1026 2873 1107 2940 abiit

97 2981 113 3028 8
198 2960 355 3027 Consules
370 2985 442 3026 cum
457 2964 497 3027 ad
509 2973 614 3049 patres
629 2989 694 3029 rem
710 2966 838 3031 dubiam
857 2967 916 3032 sub
935 2977 1063 3034 auctore
1080 2974 1147 3033 certo

132 3056 329 3134 detulissent,
305 3066 461 3122 tauctor
478 3059 649 3145 magis,ut
613 3061 701 3123 uttfi
690 3069 829 3143 t,quam
846 3082 897 3126 res
916 3062 957 3126 ad
974 3080 1147 3148 praecaves·

133 3153 209 3217 dum
226 3151 335 3216 velex
354 3175 548 3237 supervacuo
567 3155 678 3230 movit,
699 3154 844 3238 factoque
864 3165 992 3221 senatus
1011 3154 1145 3258 constrltq

129 3257 164 3312 ut
185 3248 297 3313 urbem
320 3249 506 3312 excederent
527 3248 651 3325 Volsci,
679 3270 848 3333 praecones
871 3251 1084 3329 dimittuntur,
1105 3242 1145 3331 qul

97 3359 111 3406 9
131 3364 241 3407 omnes
260 3364 313 3407 eos
332 3343 487 3427 proficisci
505 3352 558 3407 ant
560 3365 577 3407 e
594 3353 719 3407 noctem
741 3343 939 3409 iuberent.
929 3368 1045 3432 rngens
1066 3358 1147 3432 paror
1189 3370 1190 3409 1

129 3435 231 3520 primo
254 3437 456 3501 discurrentis
480 3439 521 3501 ad
544 3460 617 3502 suas
640 3447 725 3502 rest
713 3438 898 3504 tollendas
889 3462 923 3503 ιιι
940 3439 1079 3526 hospitia
1091 3454 1146 3524 ptr·

132 3529 221 3607 culit,
240 3529 510 3616 proficiscentibus
525 3532 638 3597 deinde
652 3533 824 3618 indignatio
838 3532 964 3613 oborta,
984 3556 1020 3601 se
1039 3545 1073 3601 ut
1087 3550 1145 3598 eol·

131 3622 298 3689 sceleratos
322 3626 610 3710 contaminatosque
637 3626 677 3692 ab
703 3627 786 3691 ludis
812 3628 904 3692 festis
931 3628 1046 3695 diebus
1072 3632 1144 3694 ootffl
1189 3652 1190 3657 ¹

130 3718 361 3800 quodammodo
397 3716 560 3787 hominum
579 3722 771 3806 deorumque
789 3721 919 3787 abactos
938 3744 1021 3789 esse.

96 3834 109 3879 1
193 3811 399 3879 XXXVIII.
425 3813 508 3880 Cum
521 3837 620 3901 prope
634 3817 814 3882 continuato
828 3816 954 3903 agmine
968 3818 1058 3896 irent,
1072 3828 1143 3903 pm·

129 3929 258 3993 gressus
276 3907 399 3973 Tullius
419 3910 460 3974 ad
477 3919 571 3995 caput
588 3910 805 3988 Ferentinum,
825 3922 860 3974 ut
878 3912 1014 3996 quisque
1031 3907 1142 3977 venial,

127 4001 281 4087 primores
300 4025 408 4067 eorum
425 4004 584 4090 excipiens
603 4006 761 4088 querendo
774 4005 1044 4092 indignandoque,
1062 4012 1141 4071 gent
