2566 4524
254 267 387 355 ¹autaut
403 267 474 339 vu,
492 267 604 322 aa-so.
623 270 661 336 [a.
672 265 702 323 0.
711 268 861 339 are-eta]
1017 257 1082 325 379

67 439 162 495 iustus
181 425 275 492 datus
294 435 351 492 est
386 447 452 491 non
468 424 567 490 tribus
585 433 707 490 tantum
725 425 933 514 supplicatum
951 428 996 494 ire
1012 428 1082 515 ple·

67 524 128 604 uit,
153 521 212 587 sed
229 519 377 591 finitimos
396 519 490 589 etiam
506 519 656 607 populos,
680 520 819 606 ordoque
836 521 890 600 iis,
913 543 976 608 quo
993 523 1081 609 quis-

67 640 110 700 ue
129 617 182 683 die
201 615 427 703 supplicarent,
447 623 593 684 statutus.

110 709 238 778 Iudicia
251 731 288 775 eo
301 731 383 775 anno
395 707 505 795 popuii
517 708 618 775 tristia
629 707 663 774 iu
676 706 887 777 faeneratores
901 709 994 790 facta,
1013 711 1082 796 qui-
1099 732 1114 781 a

67 829 105 871 us
126 803 169 871 ab
188 801 342 869 aedilibus
359 801 443 867 dicta
461 801 528 868 dies
547 811 645 881 esset,
664 802 837 869 traduntur.
878 812 909 869 et
925 826 977 871 res
994 803 1081 870 haud

67 901 112 965 lla
130 897 252 986 insigni
269 897 310 965 ad
326 895 509 962 memoriam
527 917 623 962 causa
640 897 681 962 ad
698 895 912 984 interregnum
924 899 1014 965 redit.
1042 922 1082 965 ex
1101 919 1134 968 10

66 1004 248 1079 iterregno,
270 1001 306 1055 ut
322 991 356 1055 id
373 999 478 1056 actum
495 988 596 1055 videri
611 999 732 1076 posset,
757 990 850 1057 ambo
867 992 990 1077 patricii
1008 1014 1081 1059 con-

67 1089 135 1156 rles
154 1087 252 1153 creati
270 1096 356 1152 sunt:
374 1083 422 1150 M
436 1083 582 1152 Valerius
599 1083 723 1153 Corvus
741 1085 880 1166 tertium,
898 1087 941 1152 A.
962 1085 1082 1155 Come-

67 1207 105 1250 us
129 1180 266 1249 Cossus.

108 1272 302 1343 XXVHII.
338 1272 463 1339 Maiora
484 1274 549 1340 iam
569 1272 643 1339 hine
663 1272 748 1339 bella
769 1283 801 1339 et
822 1273 941 1341 viribus
964 1284 995 1340 et
1011 1275 1113 1344 lon-1

67 1370 226 1457 inquitate
252 1368 302 1436 vel
328 1368 493 1457 regionum
519 1367 570 1434 vel
596 1377 772 1454 temporum
793 1366 937 1454 (spatio),
965 1368 1080 1453 quibus

67 1466 204 1534 silatum
217 1472 278 1543 est,
296 1462 447 1529 dicentur.
479 1483 614 1548 namque
632 1484 669 1528 eo
688 1483 770 1528 anno
787 1461 939 1530 adversus
955 1459 1081 1528 Samni-

67 1585 108 1641 es,
129 1567 263 1647 gentem
280 1557 392 1644 opibus
411 1557 569 1642 armisque
585 1555 737 1635 validam,
755 1567 842 1623 mota
858 1580 955 1623 arma
988 1555 1113 1628 Sam-a

67 1655 162 1722 itium
180 1650 299 1720 bellum
316 1651 442 1740 ancipiti
459 1650 564 1718 Marte
581 1661 707 1739 gestum
724 1648 844 1738 Pyrrus
862 1652 977 1731 hostis,
1000 1651 1082 1739 Pyr-

67 1771 117 1815 rm
150 1745 254 1812 Poeni
285 1746 393 1812 secuti.
437 1755 555 1832 quanta
584 1768 689 1812 rerum
720 1746 832 1812 molest
873 1747 1017 1831 quotiens
1048 1746 1082 1810 in

67 1854 194 1911 utrema
214 1840 423 1927 periculorum
445 1849 588 1918 ventum,
615 1850 650 1905 ut
671 1839 705 1904 in
721 1839 803 1904 hanc
819 1839 1078 1926 magnitudinem,

67 1959 132 2005 uae
150 1935 207 2002 vix
229 1935 412 2012 sustinetur,
435 1933 513 2022 erigi
534 1935 700 2022 imperium
721 1933 843 2020 posseti
879 1933 953 2000 belli
975 1943 1115 2004 autema

67 2053 151 2100 ausa
168 2052 243 2096 cum
262 2027 456 2096 Samnitibus
474 2028 641 2108 Romanis,
666 2051 738 2095 cum
761 2029 909 2096 societate
931 2029 1082 2095 amicitia-

67 2149 109 2208 ue
126 2124 231 2193 iuncti
248 2133 366 2202 essent,
389 2123 582 2190 extrinsecus
600 2123 699 2203 venit,
722 2146 786 2190 non
803 2133 871 2190 orta
891 2124 973 2190 inter
994 2124 1080 2211 ipsos

67 2231 106 2287 st.
158 2216 318 2287 Samnites
338 2215 486 2284 Sidicinis
509 2217 625 2282 iniusta
646 2240 746 2295 arma,
774 2218 850 2302 quia
870 2217 995 2283 viribus
1007 2218 1079 2303 plus
1098 2237 1115 2284 4

67 2321 212 2393 oterant,
236 2334 309 2378 cum
325 2310 517 2388 intulissent,
541 2311 642 2376 coacti
658 2311 767 2396 inopes
790 2311 832 2375 ad
852 2310 1081 2396 opulentiorum

67 2406 207 2475 uxilium
219 2407 403 2493 confugere,
424 2403 596 2491 Campanis
611 2425 680 2469 sese
694 2403 897 2490 coniungunt.
926 2401 1082 2490 Campani
1099 2425 1115 2473 5

67 2501 154 2591 mgis
181 2521 298 2567 nomen
323 2499 364 2565 ad
388 2497 580 2586 praesidium
607 2497 762 2572 sociorum
785 2519 880 2584 quam
901 2496 985 2562 vires
1008 2518 1081 2561 cum

67 2589 245 2672 taulmsent,
272 2593 404 2659 fluentes
425 2593 503 2658 luxu
525 2591 565 2658 ab
588 2591 706 2663 duratis
723 2614 786 2658 usu
803 2613 960 2657 armorum
977 2591 1012 2656 in
1029 2587 1082 2656 Si-

67 2682 157 2755 ticino
177 2687 263 2775 pulsi
285 2711 375 2775 agro,
397 2687 432 2751 in
454 2709 488 2753 se
510 2686 623 2751 deinde
645 2685 760 2751 molem
778 2707 903 2751 omnem
921 2684 995 2751 belli
1012 2706 1082 2750 ver-

67 2791 166 2849 ernnt.
212 2803 348 2866 namque
367 2778 526 2847 Samnites
545 2781 671 2847 omissis
690 2778 840 2847 Sidicinis
857 2781 960 2867 ipsam
978 2801 1082 2846 arcem
1100 2799 1115 2848 e

67 2870 271 2955 initimorum,
292 2874 487 2961 Campanos,
511 2874 624 2954 adorti,
646 2874 730 2940 unde
749 2897 848 2959 aeque
865 2873 968 2940 facilis
985 2873 1084 2938 victo·

67 2966 111 3054 ia,
132 2969 274 3057 praedae
293 2979 386 3056 atque
403 2969 521 3057 gloriae
538 2970 611 3056 plus
633 2980 731 3049 esset,
754 2968 875 3050 Tifata,
901 2968 1081 3035 inminentis

67 3056 187 3153 lapuae
210 3064 313 3144 collis,
337 3086 409 3130 cum
426 3064 583 3153 praesidio
600 3065 691 3131 firmo
709 3074 930 3151 occupassent,
952 3062 1084 3129 descen·

67 3152 134 3227 tunt
158 3159 233 3235 inde
259 3159 412 3244 quadrato
435 3160 560 3247 agmine
582 3161 616 3226 in
636 3160 812 3246 planitiem,
839 3180 920 3243 quae
939 3156 1083 3245 Capuam

67 3243 226 3340 trinaque
242 3253 412 3321 interiacet.
447 3253 492 3320 ibi
508 3275 617 3320 rursus
635 3254 702 3320 acie
720 3251 916 3330 dimicatum,
935 3251 1083 3317 adverso-
1101 3270 1116 3317 r

67 3365 111 3427 tue
128 3347 252 3439 proelio
271 3346 427 3434 Campani
444 3348 525 3414 intra
546 3348 671 3414 moenia
692 3346 849 3435 conpulsi,
876 3367 949 3412 cum
969 3344 1081 3412 robore

67 3436 226 3517 eventutis
246 3464 321 3507 suae
340 3441 443 3508 acciso
461 3441 548 3508 nulla
564 3441 740 3530 propinqua
762 3462 834 3528 spes
857 3449 954 3521 esset,
982 3437 1083 3505 coacti

67 3548 125 3611 unt
143 3535 186 3611 ab
205 3534 358 3603 Romanis
375 3546 482 3622 petere
500 3535 661 3601 auxilium.

111 3628 239 3707 XXX.
265 3630 385 3718 Legati
400 3630 569 3697 introducti
585 3630 619 3696 in
637 3639 780 3697 senatum
797 3628 933 3695 maxime
950 3627 984 3693 in
1000 3627 1082 3693 hanc
1101 3648 1115 3694 1

67 3726 241 3793 ententiam
261 3725 359 3799 locuti
381 3735 468 3792 sunt:
496 3723 645 3812 ‘populus
668 3747 727 3790 nos
750 3722 934 3811 Campanus
960 3723 1082 3809 legatos

67 3818 184 3899 dvos,
207 3829 312 3907 patres
330 3818 512 3907 conscripti,
535 3818 621 3886 misit
642 3816 811 3885 amicitiam
832 3818 865 3882 in
885 3826 1080 3904 perpetuum,

67 3914 206 3983 uxr'lium
230 3936 382 4003 praesens
409 3937 429 3991 a
453 3913 544 3981 vobis
568 3913 712 4001 petitum.
755 3935 851 3998 quam
882 3911 910 3975 si
935 3905 1114 3975 secundisa

67 4006 147 4077 ebus
164 4008 283 4076 noscis
300 4004 504 4099 petissemus,
528 4009 610 4075 sicut
627 4016 739 4093 coepta
760 4005 906 4080 celerius,
932 4001 976 4065 ita
997 3997 1082 4062 infir-
