2566 4524
142 249 208 318 394
395 256 513 314 LIBER
530 255 600 327 VH,
617 253 662 311 40.
673 252 716 311 41.
735 256 773 325 [a
782 270 810 310 u.
822 269 845 310 e.
854 251 919 324 412]

144 423 342 508 quieverunt3
364 440 436 496 vos,
454 415 618 482 Romanus
636 412 804 490 exercitus,
827 432 868 477 ne
887 409 1066 479 destiteritis
1080 409 1149 498 inpio

95 539 126 588 13
144 517 241 586 bellol
277 516 317 582 T.
336 513 479 599 Quincti,
507 532 705 598 quocumque
726 508 799 577 istic
818 509 890 576 loeo
912 531 972 576 seu
987 507 1093 576 volens
1107 529 1152 575 sen

143 613 261 679 invitus
278 609 458 686 constitisti,
482 607 510 672 si
527 603 739 671 dimicandum
756 604 827 683 erit,
849 613 919 669 tum
937 613 974 669 tu
988 604 1024 670 in
1038 603 1154 670 novissi·

144 730 213 774 mos
235 716 267 772 te
287 703 431 790 recipit03
457 700 579 789 fugeris
601 700 696 766 etiam
717 699 880 766 honestius
901 707 1088 787 tergumque
1105 696 1154 764 civi

97 822 129 870 14
147 799 270 868 dederis
288 818 384 884 quam
400 795 592 884 pugnaveris
610 802 718 860 contre
734 793 878 880 patriam.
922 814 1011 860 nunc
1032 794 1072 860 ad
1086 791 1155 880 psoi-

144 893 304 960 ficandum
320 889 402 957 bene
420 898 514 975 atque
530 889 662 955 honeste
678 886 760 954 inter
775 888 893 975 primos
912 886 1030 967 stabis,
1053 897 1080 954 ot
1093 908 1156 952 con·
1191 936 1193 957 .

144 987 242 1072 loquii
257 984 352 1052 huius
371 983 516 1050 salutaris
532 983 684 1070 interpres
702 981 810 1048 fueris.
845 981 1008 1068 postulate
1026 1004 1115 1068 aequa
1128 990 1154 1045 et
1191 1020 1193 1067 :

144 1084 238 1160 ferte,
265 1099 457 1165 quamquam
479 1077 530 1143 vel
555 1077 671 1162 iniquis
698 1077 845 1142 standum
870 1085 921 1142 est
945 1078 1053 1163 potius
1077 1096 1156 1161 quen
1191 1130 1193 1137 .

95 1200 128 1247 15
145 1175 248 1262 inpias
264 1174 346 1240 inter
362 1194 421 1239 nos
439 1193 641 1239 conseramus
659 1171 792 1237 manus?
818 1169 857 1235 T.
872 1168 1044 1253 Quinctius
1061 1171 1155 1258 plenus
1190 1160 1193 1233 ἶ

144 1269 344 1336 lacrimarum
366 1267 408 1333 ad
430 1288 504 1333 suos
525 1287 637 1332 versus
661 1271 726 1330 ‘me
743 1264 892 1350 quoque,’
913 1265 1018 1350 inquit
1036 1264 1156 1341 ‘milites
1191 1284 1193 1321 ι

146 1365 174 1430 si
195 1364 266 1448 quis
288 1383 365 1429 usus
388 1361 452 1426 mei
473 1368 535 1439 est,
557 1360 718 1425 meliorem
739 1358 826 1445 pacis
844 1380 941 1443 quam
958 1359 1036 1426 belli
1051 1358 1156 1425 habetis

96 1459 269 1530 reducem.
312 1478 376 1522 non
403 1455 488 1521 enim
512 1454 567 1520 illa
592 1455 687 1520 modo
708 1453 845 1520 Volscus
867 1462 923 1520 ant
946 1451 1088 1533 Samnis,
1112 1451 1156 1519 sed

145 1552 309 1619 Romanus
336 1549 434 1616 verba
458 1550 547 1628 feeit,
578 1558 683 1616 vester
709 1550 832 1627 consul,
863 1559 969 1616 vester
994 1551 1156 1637 imperator,

145 1647 275 1724 milites,
303 1645 392 1712 cuius
415 1645 556 1732 auspicia
575 1667 633 1731 pro
654 1645 746 1711 vobis
769 1646 889 1731 experti
905 1645 1004 1711 nolite
1022 1647 1156 1712 adversus

96 1763 128 1810 1⁷
146 1763 204 1809 vos
221 1740 303 1807 velle
320 1740 463 1827 experiri.
507 1739 563 1824 qui
578 1746 756 1826 pugnarent
772 1738 938 1805 vobiscum
955 1738 1114 1817 infestius,
1132 1744 1157 1803 et

146 1835 225 1902 alios
243 1835 340 1901 duces
359 1844 486 1900 senatus
504 1833 627 1899 habuit:
650 1834 705 1919 qui
722 1833 858 1899 maxime
875 1832 966 1900 vobis
986 1834 1054 1900 suis
1070 1830 1158 1899 militi·

146 1929 207 1996 bus
220 1937 377 2016 parceret,
396 1928 448 1994 oui
461 1927 631 2015 plurimum
643 1950 701 1994 vos
713 1928 893 2015 imperatori
909 1937 1018 1996 vestro
1036 1929 1156 1995 eredere·

97 2040 129 2090 ιε
146 2025 201 2102 tis,
220 2045 293 2089 eum
311 2021 414 2109 elegit
444 2042 556 2107 pacem
574 2023 668 2088 etiam
685 2022 739 2107 qui
756 2022 882 2088 vincere
897 2034 1035 2109 possunt
1052 2023 1156 2089 voluntr

146 2116 224 2203 quid
241 2138 299 2182 nos
316 2116 397 2182 velle
415 2116 555 2202 oportet?
571 2117 648 2201 quin
660 2117 786 2183 omissis
804 2117 851 2181 ira
868 2126 900 2182 et
917 2139 988 2203 spe,
1008 2115 1156 2184 fallacibus

147 2210 341 2371 auotopiipup3
364 2233 421 2277 nos
443 2212 530 2298 ipsos
552 2220 721 2296 nostraque
737 2211 844 2277 omnia
860 2213 1007 2298 cognitae
1025 2209 1158 2299 permitti·

146 2329 218 2372 mus
281 2327 310 2371 e1

114 2420 127 2466 1
210 2382 385 2466 XXXXI.
421 2398 680 2485 Adprobantibus
704 2400 838 2465 clamore
855 2401 977 2466 cunctis
997 2401 1036 2468 Τ.
1057 2400 1157 2486 Quinc·

147 2496 209 2561 tius
233 2503 304 2560 ante
328 2496 419 2582 signa
439 2515 626 2580 progressus
648 2494 682 2557 in
703 2502 858 2579 potestate
880 2495 1043 2561 dictatoris
1061 2495 1157 2561 milites

146 2590 216 2655 fore
228 2589 317 2654 dixit.
345 2589 458 2665 oravit,
477 2597 512 2652 ut
526 2609 654 2652 causam
668 2588 854 2654 miserorum
867 2589 984 2654 civium
1004 2591 1158 2676 susciperet

148 2692 389 2768 susceptamque
407 2682 517 2747 eadem
533 2681 610 2760 fide,
630 2703 693 2766 qua
704 2704 772 2747 rem
784 2682 943 2767 publicam
957 2685 1158 2749 administrare

112 2794 128 2842 2
148 2777 258 2843 solitus
277 2786 374 2852 esset,
393 2784 538 2840 tueretur.
568 2775 628 2841 sibi
642 2797 676 2842 se
688 2777 835 2861 privatim
851 2775 929 2842 nihil
948 2799 1075 2857 cavere3
1092 2775 1157 2842 nolle

147 2869 222 2934 alibi
236 2891 331 2954 quam
345 2869 379 2934 in
392 2869 567 2936 innocentia
581 2893 669 2957 spem
678 2871 809 2950 habere3
827 2871 978 2938 militibus
990 2874 1157 2947 cavendum,

147 2964 233 3048 quod
255 2963 340 3050 apud
360 2971 464 3048 patres
484 2965 581 3030 semel
597 2965 696 3052 plebi,
719 2967 832 3031 iterum
849 2966 1031 3054 legionibus
1050 2976 1158 3034 mamm

113 3075 130 3124 e
149 3058 202 3136 sit,
220 3079 261 3124 ne
278 3057 383 3124 fraudi
400 3059 536 3125 secessio
551 3069 642 3126 esset.
680 3059 829 3143 Quinctio
843 3061 1033 3129 conlaudato
1038 3109 1047 3141 ,
1066 3059 1158 3128 ceteris

146 3152 265 3219 bonum
283 3153 423 3219 animum
439 3153 555 3219 habere
572 3153 681 3232 iussis,
700 3155 832 3220 dictator
848 3177 930 3240 equo
949 3156 1046 3223 uitato
1064 3156 1102 3222 ad
1120 3173 1159 3218 ur·

146 3247 220 3313 bem
237 3257 381 3314 revectus
399 3246 578 3314 auctoribus
591 3248 733 3334 patribus
747 3249 817 3315 tulit
830 3250 871 3315 ad
883 3250 1039 3336 populum
1056 3248 1158 3315 inluso

147 3341 305 3420 Petelino,
323 3363 363 3408 ne
377 3342 428 3407 cui
440 3341 574 3407 militum
586 3342 692 3408 fraudi
705 3344 840 3410 secessio
854 3352 949 3422 esset,
968 3345 1071 3410 oravit
1082 3343 1158 3409 etium

148 3435 232 3500 bona
253 3436 346 3500 venie
364 3434 518 3518 Quirites,
545 3458 585 3501 ne
608 3437 679 3521 quis
702 3460 771 3503 eam
792 3460 860 3503 rem
881 3438 952 3504 ioco
971 3441 1093 3505 seriove
1108 3434 1159 3502 eui·

113 3548 132 3595 4
149 3548 244 3612 quem
266 3529 476 3614 exprobraret.
520 3530 573 3596 lex
594 3553 719 3617 quoque
737 3542 858 3598 saerata
875 3531 1019 3600 militaris
1038 3533 1100 3599 lata
1113 3537 1157 3604 est,

148 3643 189 3685 ne
207 3622 296 3688 cuius
314 3624 420 3689 militis
440 3625 547 3710 scripti
564 3646 680 3692 nomen
697 3625 758 3690 nisi
774 3626 844 3712 ipso
862 3626 990 3692 volente
1013 3627 1157 3697 deleretur

149 3715 352 3803 additumque
373 3718 451 3805 legi,
478 3741 518 3785 ne
540 3720 626 3805 quis,
653 3718 708 3786 ubi
729 3719 871 3786 tribunus
894 3721 1032 3787 militum
1054 3721 1156 3791 frissel,

114 3821 261 3897 opustea
286 3813 430 3878 ordinum
456 3813 567 3880 ductor
597 3824 689 3881 esset.
732 3814 766 3879 id
791 3825 919 3902 propter
944 3815 982 3881 P.
1014 3814 1157 3883 Solonium

147 3906 341 3991 postulatum
363 3915 411 3972 est
433 3907 473 3972 ab
496 3908 678 3988 coniuratis,
701 3909 756 3994 qui
773 3911 900 3976 alternis
918 3908 1020 3998 prope
1038 3910 1120 3977 annis
1135 3911 1158 3969 el

148 4000 291 4066 tribunus
317 4001 451 4067 militum
478 4011 510 4068 ct
533 4004 653 4090 primus
680 4005 819 4070 centurio
849 4014 929 4083 erat,
966 4027 1062 4089 quem
1090 4016 1157 4068 nunt
