2566 4524
223 216 291 283 460
466 227 585 284 LIBER
601 222 1026 299 v1111‚1a1a[a.ao.4.a5]
1126 248 1129 253 ·

226 410 308 472 quae
330 387 363 451 in
384 384 567 452 Alexandro
590 394 656 450 erat
674 382 773 447 animi
781 384 977 472 ingeniique,
1005 393 1074 450 tum
1095 385 1230 474 disciplina

226 482 369 547 militaris
395 481 458 546 iam
484 481 557 545 inde
578 478 619 546 ab
641 480 737 546 initiis
762 480 850 546 urbis
876 480 994 544 tradita
1013 502 1073 566 per
1092 482 1233 547 manusin
1275 552 1277 560 Χ

176 577 303 648 11artis
326 575 484 662 perpetuis
506 575 681 661 praeceptis
704 575 866 641 ordinatae
888 575 1022 641 modum
1044 585 1175 642 venerat
1202 575 1234 641 ita

227 693 319 757 reges
342 678 506 756 gesserant
527 668 625 747 bella,
647 670 693 734 ita
718 668 831 735 deinde
853 677 1018 735 exactores
1043 691 1154 758 regam
1169 666 1236 735 Iuni
1269 685 1275 753 J

227 764 418 848 Valeriique,
432 763 478 828 ita
490 762 637 849 deinceps
646 762 748 841 Fabii,
764 761 914 846 Quinctii,
926 762 1080 844 Cornelii,
1095 765 1138 832 ita
1144 763 1237 831 Furius

230 858 398 936 Camillus,
417 879 512 942 quem
529 857 660 923 iuvenes
678 858 714 936 ii,
738 857 852 942 quibus
876 880 949 924 cum
966 857 1150 926 Alexandro
1164 858 1238 925 dimi-
1276 942 1278 947 ,

177 977 210 1027 12
228 954 364 1019 candum
387 961 466 1029 erat,
491 973 598 1017 senem
615 952 767 1017 viderant
803 952 948 1019 militaria
971 976 1073 1040 opera
1091 953 1237 1042 pugnando

227 1047 356 1114 obeunti
373 1046 612 1112 Alexandro-
624 1070 698 1111 nam
717 1069 755 1111 ea
772 1069 896 1132 quoque
913 1048 1003 1113 haud
1020 1050 1127 1116 minus
1140 1049 1238 1115 offlam
1274 1116 1279 1139 Χ

228 1165 301 1208 eum
318 1142 489 1207 faciunt-
499 1141 646 1207 cessisset
663 1141 809 1207 videlicet
825 1142 859 1206 in
876 1142 943 1207 acie
962 1143 1093 1211 oblatus
1104 1141 1239 1231 parlllan·
1275 1148 1279 1159 '

228 1238 289 1303 lius
308 1237 490 1322 Torquatus
508 1245 563 1302 aut
575 1235 722 1302 Valerius
742 1236 876 1316 Corvus,
894 1238 1040 1326 insignes
1059 1251 1133 1307 ante
1147 1238 1236 1305 milites
1274 1310 1279 1325 Χ

178 1354 211 1404 13
229 1338 324 1416 quam
342 1332 449 1410 duces,
469 1331 639 1398 cessissent
647 1330 743 1397 Decii
755 1332 877 1398 devotis
891 1333 1081 1419 corporibus
1093 1334 1237 1401 inbosten

227 1436 364 1506 ruentes,
383 1426 531 1494 cessisset
539 1424 686 1514 Papirius
698 1424 818 1493 Cursor
833 1427 888 1493 illo
905 1429 1050 1514 corporis
1068 1429 1180 1506 robore,
1192 1426 1236 1493 illo
1268 1424 1279 1447 Ν

177 1545 212 1594 14
229 1521 343 1586 animil
378 1521 481 1588 victus
504 1529 588 1586 esset
610 1519 749 1586 consiliis
774 1521 898 1587 iuvenis
919 1521 1034 1602 unius,
1056 1546 1100 1589 ne
1121 1519 1236 1610 singulos
1267 1536 1279 1559 ··

227 1616 396 1693 nominem,
417 1624 506 1682 senat
506 1639 544 1680 us
493 1615 624 1694 t,ille
639 1637 733 1700 quem
746 1616 801 1700 qui
818 1637 859 1682 ex
870 1617 1001 1704 regibus
1020 1627 1165 1697 constare
1177 1614 1235 1683 dixit
1267 1687 1274 1711 Χ

175 1725 208 1774 15
228 1731 312 1774 unus
329 1731 438 1775 veram
456 1710 594 1797 speciem
611 1710 748 1775 Romani
767 1718 894 1777 senatus
912 1711 1016 1797 cepitt
1052 1712 1090 1779 id
1105 1733 1175 1779 vero
1189 1714 1234 1777 eut

228 1804 417 1889 periculum,
439 1827 481 1869 ne
499 1804 655 1870 sollertius
674 1826 769 1888 quam
786 1805 919 1891 quilibet
935 1828 1020 1873 unus
1040 1829 1084 1874 ex
1099 1807 1162 1885 his,
1176 1822 1234 1891 quat
1263 1787 1279 1891 ,l

228 1901 397 1978 nominavi,
416 1901 526 1966 castris
543 1900 649 1966 locum
667 1911 801 1987 caperet,
820 1910 1015 1969 commeatus
1034 1896 1276 2014 expediretall
1265 1884 1279 1975 Ν

227 1994 351 2060 insidiis
369 2003 583 2080 praecaveret,
608 2003 732 2081 tempus
753 2016 880 2082 pugnae
902 1995 1073 2084 deligeret,
1096 1996 1188 2064 aciem
1201 1992 1233 2059 in·
1267 1996 1279 2024 Ν

178 2108 210 2157 16
229 2095 370 2167 strueret,
382 2087 531 2154 subsidiis
544 2088 690 2155 firmaret.
716 2113 781 2155 non
794 2111 866 2157 cum
874 2089 984 2156 Dareo
997 2113 1070 2157 rem
1082 2112 1152 2158 esse
1163 2086 1233 2155 dixis
1271 2094 1279 2179 ζ

230 2191 287 2260 set,
305 2203 401 2266 quem
418 2181 584 2248 mulierum
597 2205 635 2249 ac
653 2183 830 2270 spadonum
846 2204 963 2272 agmen
981 2183 1234 2263 trahenteminu
1261 2188 1275 2219 ’Ν

227 2298 400 2364 purpuram
426 2286 520 2362 atque
542 2300 668 2356 aurum,
695 2288 858 2344 oneratum
884 2278 1032 2345 fortunae
1060 2275 1233 2368 apparatibut
1265 2270 1279 2310 Ν

229 2394 315 2450 suae,
328 2372 479 2459 praedam
490 2372 596 2438 verius
610 2394 705 2456 quam
717 2371 851 2452 hostem,
869 2373 946 2437 nihil
966 2373 1056 2439 aliud
1074 2371 1234 2460 quamtus

177 2489 209 2538 1⁷
228 2489 326 2534 ausus
347 2490 430 2533 vana
451 2476 663 2546 contemnere,
690 2467 873 2534 incruentus
895 2467 1023 2534 devicit.
1061 2468 1156 2558 longe
1177 2465 1232 2533 aiu
1259 2461 1279 2561 {j

227 2561 338 2628 Italiae
356 2584 453 2647 quam
466 2561 586 2640 Indiae,
604 2583 774 2647 perquam
792 2561 964 2628 temulento
982 2564 1114 2650 agmine
1132 2560 1233 2630 conisa
1261 2557 1278 2649 ‚J

227 2653 355 2723 bundas
372 2657 512 2735 incessit,
531 2657 619 2722 visus
636 2656 683 2720 illi
699 2656 826 2722 habitus
844 2666 938 2735 esset,
958 2657 1063 2726 saltus
1073 2658 1199 2746 Apuliae
1210 2670 1234 2719 at
1270 2647 1279 2751 J

227 2762 351 2818 montes
368 2752 520 2818 Lucanos
539 2752 678 2818 cernenti
700 2761 731 2816 et
752 2751 887 2838 vestigia
908 2754 1053 2820 recentia
1075 2751 1234 2820 domestica
1260 2746 1279 2841 ,ᾗ

228 2847 337 2924 cladis,
355 2846 412 2911 ubi
429 2846 603 2912 avunculus
622 2847 690 2913 eius
707 2868 808 2934 nuper
823 2847 915 2933 Epiri
931 2870 991 2914 rex
1004 2847 1186 2916 Alexander
1199 2842 1235 2910 ab

229 2951 373 3025 sumptus
392 2951 467 3006 erat.
1263 2933 1279 3049 Χ

194 3054 208 3103 1
291 3033 425 3100 XVIII.
447 3034 492 3099 Et
480 3035 668 3120 tloquimur
681 3035 720 3102 de
729 3035 913 3102 Alexandro
926 3036 1077 3104 nondum
1095 3053 1236 3105 meraca·
1265 3033 1279 3076 Ν

193 3129 338 3198 acundis
357 3127 467 3207 rebus,
490 3151 623 3214 quarum
645 3152 738 3195 nemo
760 3129 976 3196 intolerantior
992 3130 1069 3199 fuit.
1106 3132 1159 3243 qui
1176 3128 1236 3196 sia
1262 3190 1274 3223 ,

225 3224 336 3291 habitu
353 3245 455 3290 novae
473 3224 616 3288 fortunae
634 3225 816 3308 novique‚u
793 3225 890 3289 utita
902 3223 1046 3334 dicam,'
1036 3227 1165 3315 ingenia,
1147 3215 1279 3327 qual
1262 3194 1279 3261 Ν

192 3333 209 3381 a
227 3317 288 3384 sibi
304 3319 406 3384 victor
422 3318 580 3394 induerat,
554 3327 675 3404 tapec
676 3326 767 3396 tetur,
785 3316 893 3383 Dareo
911 3319 1017 3427 magis
1039 3321 1153 3388 similia
1168 3332 1271 3407 quan

225 3412 465 3478 Alexandreia
485 3410 611 3476 Italiam
638 3411 830 3478 venissetet
857 3412 976 3477 exercit
975 3435 1034 3478 um
1058 3408 1236 3481 Macedon'ut
1270 3409 1279 3479 ,Ν

227 3505 360 3571 oblitum
376 3506 713 3592 degenerantemque'
703 3529 767 3571 ram
789 3507 823 3571 in
844 3505 1019 3572 Persarum
1039 3531 1146 3576 mores
1165 3502 1236 3572 addu-
1265 3500 1279 3543 Ν

191 3599 335 3665 ¹ixisset.
371 3600 542 3667 referrem
565 3609 651 3665 tanto
668 3621 744 3687 rege
761 3601 849 3687 piget
867 3599 1042 3686 superbam
1061 3601 1235 3669 mutationes
1266 3597 1279 3693 ,Ν

226 3694 337 3772 vestis,
361 3703 392 3759 et
414 3695 606 3760 desideratas
628 3694 749 3759 humi'
739 3705 841 3760 racent
842 3695 908 3760 ium
930 3695 1148 3776 adulationes,
1166 3692 1233 3760 edem
1269 3696 1279 3765 ,Γ

224 3789 316 3855 victis
339 3787 571 3855 Macedonibus
593 3811 721 3876 graves,
748 3790 866 3856 nedum
893 3790 1090 3872 victoribus,
1115 3802 1145 3858 et
1165 3781 1268 3857 foedi
1261 3764 1277 3883 Ν

225 3883 381 3971 supplicia
403 3891 434 3950 et
454 3881 489 3947 in
489 3891 538 3948 ter
561 3883 716 3950 vinume
717 3884 862 3970 tepulas
890 3885 1005 3951 caedes
1034 3883 1230 3953 amicorunt
1260 3856 1273 3935 -Ν

190 3980 397 4047 cvanitatem
415 3978 631 4045 ementiendae
650 3979 764 4065 stirpis.
801 3979 921 4063 quid‘
896 4003 924 4046 sr
941 3980 1008 4045 vini
1032 4003 1124 4048 amor
1141 3970 1229 4043 india
1257 3946 1279 4092 p
