2566 4524
357 264 476 319 crasa
492 265 551 334 m,
569 265 611 320 co.
624 266 666 321 n.
687 269 725 335 [a.
735 266 766 321 c.
775 266 839 337 449]
1051 258 1113 323 181

81 426 148 494 acie
161 422 338 510 indignatio
346 422 478 506 Aequos
493 435 524 486 et
537 420 673 487 Volscos
686 423 823 502 incessit,
843 424 870 489 si
883 425 1016 492 victores
1026 449 1115 492 exer·

84 522 160 586 citus
179 519 299 584 vallum
317 517 535 603 potiusquam
553 517 652 582 virtus
670 526 702 582 et
723 541 811 583 arma
832 528 982 605 tegerent.
1018 521 1115 608 igitur

87 615 189 700 stipsi
209 612 416 700 efflagitatum
439 610 479 676 ab
502 610 634 675 ducibus
659 611 785 697 signum
806 636 932 699 pugnae
955 637 1112 701 accepere.

88 708 205 791 iamque
224 730 299 792 pars
318 727 447 792 egressa
462 704 560 789 portis
576 714 642 769 erat
654 705 864 792 deincepsque
878 708 930 772 alii
949 709 1116 774 servabant
1132 727 1148 776 s

92 803 224 866 ordinem
241 801 276 865 in
294 823 386 865 suum
403 799 538 883 quisque
555 799 659 864 locum
682 800 923 880 descendentes,
950 825 1023 867 cum
1041 826 1113 868 con·

93 897 132 961 sul
152 897 333 974 Romanus,
348 895 542 981 ,priusquam
560 893 632 959 totis
650 894 769 960 viribus
791 895 871 960 fulta
892 909 1001 962 contra
1020 907 1116 964 staret

93 989 221 1056 hostium
238 990 337 1067 acies,
363 988 469 1052 intulit
486 988 592 1074 signa3
619 988 809 1073 adortusque
831 1013 890 1056 nec
912 1014 1020 1056 omnes
1039 993 1115 1057 dum
1134 1010 1166 1060 10

94 1086 212 1150 eductos
230 1105 303 1161 nec,
332 1082 505 1167 quierant,
533 1082 609 1147 satis
628 1084 790 1169 explicatis
814 1085 990 1164 ordinibus,
1017 1108 1115 1172 prope

92 1177 286 1244 fluctuantem
304 1176 428 1243 turbam
445 1177 665 1264 trepidantium
688 1179 751 1244 huc
768 1191 863 1263 atque
883 1181 959 1246 illuc
983 1181 1116 1246 circum-

94 1274 354 1359 spectantiumque
377 1295 411 1338 se
433 1295 471 1336 ac
493 1295 566 1338 suos
593 1273 700 1337 addito
718 1273 853 1339 turbatis
877 1273 1033 1339 mentibus
1053 1274 1116 1339 cla-

91 1391 168 1434 more
186 1380 282 1452 atque
299 1367 418 1453 impetu
435 1367 563 1431 invadit.
590 1367 725 1433 retulere
744 1368 845 1453 primo
864 1369 977 1454 pedem
991 1368 1113 1448 hostes3
1133 1389 1164 1436 11

89 1463 207 1540 deinde,
226 1482 299 1527 cum
314 1461 435 1527 animos
449 1461 651 1548 collegissent
665 1473 696 1527 et
704 1462 843 1546 undique
858 1464 964 1542 duces,
982 1463 1115 1529 victisne

91 1557 202 1622 cessuri
220 1565 337 1633 essent,
354 1556 560 1642 increparent,
578 1556 751 1622 restituitur
768 1579 885 1644 pugna.

144 1650 244 1717 LXI.
273 1649 395 1716 Consul
412 1673 452 1715 ex
469 1651 567 1717 altera
582 1662 672 1737 parte
689 1652 849 1717 Romanos
869 1653 1050 1719 meminisse
1067 1654 1116 1718 iu·
1135 1673 1148 1719 1

86 1743 187 1822 bebat,
204 1743 260 1809 illo
279 1744 330 1809 die
346 1745 482 1830 primum
499 1744 614 1810 liberos
628 1767 686 1831 pro
698 1745 797 1810 libera
809 1745 887 1811 urbe
900 1747 1045 1812 Romana
1057 1770 1117 1832 pu-

84 1862 189 1928 gnare.
213 1839 339 1904 sibimet
347 1839 425 1925 ipsis
435 1840 582 1917 victuros,
601 1862 663 1904 non
674 1850 710 1904 ut
718 1841 966 1906 decemvirorum
980 1841 1114 1905 victores

83 1934 258 2021 praemium
273 1942 388 1998 essent.
425 1956 490 1998 non
506 1933 615 2020 Appio
633 1934 797 2000 ducerem
814 1935 891 2021 geri,
911 1936 967 2000 sed
985 1934 1114 2000 consule
1132 1955 1147 2002 a

83 2027 225 2107 Valerio,
254 2028 294 2093 ab
315 2027 533 2094 liberatoribus
554 2029 663 2114 populi
684 2029 821 2094 Romani
843 2041 923 2109 orto,
950 2031 1117 2096 liberatore

84 2122 167 2208 ipso.
189 2121 396 2200 ostenderent,
414 2120 569 2207 prioribus
583 2122 709 2208 proeliis
723 2145 779 2208 per
792 2125 900 2202 duces,
917 2147 980 2189 non
993 2147 1050 2210 per
1058 2124 1117 2187 mi·

85 2216 157 2284 lites
175 2217 314 2295 stetisse,
341 2239 381 2282 ne
398 2217 571 2281 vincerent:
599 2226 689 2303 turpe
708 2239 792 2295 esse,
816 2228 924 2282 eontra
941 2219 1025 2282 cives
1043 2218 1115 2303 plus
1134 2239 1149 2286 3

82 2311 180 2379 mimi
197 2311 348 2377 habuisse
389 2331 484 2395 quam
506 2321 615 2377 contra
636 2311 743 2392 hostes
767 2324 798 2375 et
819 2312 905 2376 domi
927 2334 1021 2395 quam
1039 2312 1116 2376 foris

84 2407 268 2474 servitutem
285 2405 387 2493 magis
405 2405 557 2470 timuisse.
585 2428 681 2470 unam
694 2405 877 2491 Verginiam
896 2405 1005 2482 fuisse,
1025 2406 1114 2470 cuius
1133 2425 1150 2471 4

83 2501 253 2589 pudicitiae
270 2500 303 2564 in
320 2522 399 2586 pace
415 2500 589 2586 periculum
608 2508 704 2578 esset,
732 2522 830 2563 unum
847 2499 991 2584 Appium
1014 2498 1116 2562 civem

85 2595 279 2681 periculosae
297 2594 448 2660 libidinis:
472 2603 517 2671 at,
537 2594 564 2658 si
582 2593 709 2658 fortuna
724 2593 799 2659 belli
816 2594 956 2671 inclinet,
976 2592 1116 2657 omnium

86 2686 188 2755 liberis
208 2689 248 2754 ab
267 2697 314 2752 tot
331 2688 456 2754 milibus
475 2688 614 2753 hostium
632 2687 804 2773 periculum
823 2688 899 2753 fore.
936 2687 1019 2751 nolle
1037 2685 1149 2754 omi-5

85 2783 165 2862 nari,
193 2805 276 2867 quae
298 2804 357 2846 nec
378 2783 521 2869 Iuppiter
542 2804 601 2847 nec
622 2779 712 2846 Mars
735 2792 824 2867 pater
844 2782 968 2868 passuri
991 2780 1053 2845 sint
1077 2780 1116 2846 iis

88 2876 233 2963 auspiciis
252 2876 395 2942 conditae
412 2877 483 2942 urbi
501 2876 651 2941 accidere.
679 2874 832 2939 Aventini
846 2875 988 2959 sacrique
1002 2874 1117 2939 montis

88 2970 289 3050 admonebat,
314 2980 362 3048 ut,
385 2971 439 3036 ubi
457 2971 584 3037 libertas
602 2979 692 3056 parta
713 2979 797 3034 esset
813 2970 922 3054 paucis
941 2979 1011 3033 ante
1030 2991 1117 3033 men·
1135 2986 1150 3035 6

93 3061 187 3143 sibus,
204 3087 240 3131 eo
249 3065 406 3152 inperium
416 3064 580 3129 inlibatum
592 3063 743 3128 referrent
757 3065 1025 3145 ostenderentque,
1045 3085 1119 3127 ean-

93 3156 165 3222 dem
179 3158 313 3225 indolem
336 3159 486 3224 militibus
504 3159 656 3224 Romanis
678 3168 752 3245 post
774 3167 899 3222 exactos
923 3155 1118 3220 decemviros

88 3272 173 3332 esse,
195 3276 276 3339 quae
295 3263 368 3320 ante
387 3264 507 3319 creatos
525 3253 633 3331 fuerit,
651 3275 710 3317 nec
728 3253 868 3336 aequatis
886 3251 1009 3336 legibus
1027 3248 1118 3313 inmi-

88 3357 194 3413 nutam
214 3347 359 3413 virtutem
376 3349 485 3435 populi
498 3347 635 3413 Romani
653 3370 733 3412 esse.
760 3347 839 3411 haec
856 3345 911 3410 ubi
929 3345 1009 3409 inter
1027 3343 1118 3430 signa
1136 3365 1150 3412 7

85 3441 226 3525 peditum
244 3442 328 3507 dicta
345 3442 440 3518 dedit,
460 3443 587 3507 advolat
604 3442 716 3506 deinde
735 3441 775 3505 ad
794 3440 929 3524 equites:
954 3439 1052 3525 ‘agite
1070 3439 1118 3504 iu-

86 3536 206 3615 venes}
224 3537 326 3622 inquit
345 3543 516 3624 ‘praestate
534 3537 648 3601 virtute
665 3536 817 3622 peditem,
836 3546 872 3599 ut
889 3535 1007 3599 honore
1024 3544 1118 3616 atque

88 3630 193 3696 ordine
210 3631 387 3718 praestatis.
418 3631 520 3717 primo
538 3653 693 3696 concursu
709 3629 807 3714 pedes
826 3628 966 3694 movebit
983 3627 1116 3705 hostem,
1136 3647 1152 3697 s

85 3723 212 3807 pulsum
234 3749 292 3792 vos
314 3726 452 3792 inmissis
476 3725 565 3809 equis
588 3725 704 3811 exigite
731 3747 749 3788 e
778 3746 898 3809 campo.
938 3746 1002 3788 non
1026 3722 1120 3787 susti-

85 3818 205 3885 nebunt
226 3820 393 3907 impetum,
420 3829 452 3886 et
476 3842 560 3885 nunc
586 3829 771 3884 cunctantur
792 3819 894 3905 magis
921 3840 1016 3901 quam
1041 3814 1120 3880 resi-

89 3913 192 3979 sans’
228 3915 387 3981 concitant
404 3936 503 3999 equos
521 3914 768 4001 permittuntque
785 3914 818 3977 in
840 3913 963 3978 hostem
980 3905 1118 3995 pedestri
1136 3925 1151 3974 9

85 4000 153 4075 iam
168 4011 328 4080 turbatum
344 4035 454 4101 pugna
471 4023 516 4092 et,
542 4011 699 4098 pernrptis
722 4009 882 4075 ordinibus
905 4007 976 4072 elati
1000 4003 1040 4069 ad
1061 4023 1118 4066 no·

1075 4138 1239 4256 r*
