2566 4524
131 244 175 310 24
372 254 492 309 muru
508 255 537 325 1,
555 255 648 309 area
668 259 744 324 [aa.
755 255 921 324 sao-114]

132 416 204 481 enni
225 414 348 501 rigabat
370 436 467 497 aqua:
495 435 557 497 quo
578 413 653 496 quia
675 435 709 478 se
726 435 879 499 persaepe
899 412 1007 478 Numa
1028 413 1096 478 sine
1112 436 1154 479 ar·

130 511 219 576 bitn's
238 509 324 574 velut
341 509 382 573 ad
399 531 605 594 congressum
623 508 700 572 deae
722 508 891 585 inferebat,
921 506 1073 575 Camenis
1091 532 1153 575 eum

129 605 236 669 lucum
255 603 403 680 sacrarit,
422 603 507 687 quod
524 624 632 666 earum
648 601 693 666 ibi
711 603 843 667 concilia
861 624 935 667 cmn
952 604 1089 691 coniuge
1105 626 1153 669 sua
1193 688 1196 695 1

94 699 250 785 4Egeria
266 708 382 763 essent.
418 708 449 760 et
468 696 526 761 soli
542 696 634 760 Fidei
652 697 803 763 sollemne
822 697 967 763 instituit.
1004 699 1048 764 ad
1063 698 1098 764 id
1113 720 1154 762 sa·
1194 758 1196 763 .

131 794 266 859 crarium
291 793 433 856 flamines
461 792 543 878 bigis
570 814 663 856 curru
689 802 816 857 arcuato
845 793 919 857 vehi
940 792 1034 860 iussit
1055 816 1154 858 mauu·

131 911 193 972 que
211 889 251 952 ad
269 889 384 975 digitos
402 910 503 972 usque
520 887 661 951 involuta
682 910 749 951 rem
767 888 906 952 divinam
923 888 1045 967 facere,
1069 889 1152 976 sigui·

130 985 277 1060 ficantes,
304 983 399 1047 fidem
417 983 580 1045 tutandam
599 983 767 1066 sedemque
786 983 854 1047 eius
877 982 973 1047 etiam
990 984 1023 1048 in
1045 983 1151 1049 deruis

97 1100 112 1146 5
132 1090 287 1144 sacratam
305 1099 385 1142 esse.
416 1077 515 1140 multa
533 1077 594 1140 alia
611 1077 765 1141 sacrificia
781 1078 913 1161 locaque
931 1079 1030 1146 sacris
1048 1080 1152 1146 facien-

132 1175 196 1251 dis,
224 1195 306 1258 quae
327 1172 454 1258 Argeos
476 1172 641 1257 pontifices
663 1184 791 1250 vocant,
818 1174 985 1240 dedicavit.
1024 1176 1152 1242 omniun

131 1281 238 1333 tamen
255 1269 429 1331 maximum
447 1267 515 1331 eius
533 1289 664 1352 operum
685 1266 745 1330 fuit
767 1268 865 1332 tutela
886 1291 943 1354 per
964 1292 1059 1335 omne
1076 1268 1152 1358 regni

130 1374 256 1450 tempus
274 1363 360 1427 haud
377 1363 479 1426 minor
495 1362 583 1447 pacis
601 1384 697 1446 quam
714 1363 812 1448 regni.

98 1480 113 1527 6
195 1460 247 1523 lta
268 1458 332 1521 duo
354 1457 502 1541 deinceps
524 1479 630 1542 reges
657 1457 738 1520 alius
761 1457 823 1521 alia
844 1458 909 1535 via,
936 1458 990 1523 ille
1007 1458 1092 1524 bello
1111 1458 1152 1523 bic

129 1576 218 1639 pace,
238 1553 396 1616 civitatem
413 1562 567 1614 auxerunt
572 1577 581 1628 ;
600 1551 755 1616 Romulus
770 1563 890 1638 septem
908 1562 940 1617 et
952 1553 1083 1641 triginta
1094 1576 1154 1640 reg·

129 1647 218 1713 navit
236 1669 345 1723 annos,
369 1645 475 1710 Numa
491 1655 555 1709 tres
573 1656 604 1709 et
622 1647 838 1733 quadraginta.
880 1669 953 1712 cum
969 1648 1078 1715 valida
1097 1658 1153 1714 tun

132 1752 306 1827 temperata
323 1751 355 1804 et
371 1739 446 1804 belli
464 1750 495 1804 et
512 1740 600 1825 pacis
618 1740 737 1805 artibus
757 1750 823 1805 erat
840 1742 961 1807 civitas.

97 1860 110 1903 1
194 1835 315 1900 XXII.
345 1833 469 1898 Numae
487 1844 585 1898 morte
604 1834 645 1897 ad
662 1834 875 1921 interregnum
893 1858 945 1901 res
962 1838 1066 1902 rediit.
1092 1835 1154 1902 inde
1191 1828 1196 1887 ἕ

131 1931 261 1996 Tullum
278 1928 468 2004 Hostilium,
486 1940 633 2013 nepotem
651 1928 786 2007 Hostili,
809 1931 899 1995 cuius
915 1930 950 1994 in
966 1931 1077 1997 infima
1094 1952 1154 1997 arce
1189 1942 1196 1985 ὲ

132 2024 216 2088 clara
232 2046 340 2108 pugna
358 2023 509 2086 adversus
530 2020 667 2088 Sabinos
686 2023 801 2101 suerat,
819 2046 928 2110 regem
945 2027 1082 2112 populus
1100 2025 1154 2091 ius·
1193 2026 1196 2061 ³

97 2119 186 2195 asit3
213 2127 318 2203 patres
341 2126 484 2180 auctores
507 2116 590 2180 facti.
631 2117 768 2182 hicnon
795 2118 897 2183 solum
919 2121 1068 2205 proximo
1098 2116 1155 2206 regi

133 2212 310 2287 dissimilis,
339 2211 396 2274 sed
417 2210 551 2275 ferocior
573 2212 667 2275 etiam
689 2233 785 2295 quam
802 2212 958 2279 Romulus
980 2214 1052 2280 fuit.
1079 2236 1154 2280 cum

132 2318 218 2372 aetas
236 2306 382 2389 viresque
401 2315 467 2369 tum
485 2306 570 2369 avita
591 2327 716 2390 quoque
738 2306 839 2393 gloria
859 2308 1001 2372 animum
1024 2308 1155 2374 stimulo·

130 2401 195 2466 bat.
236 2423 399 2465 senescere
417 2400 514 2486 igitur
531 2400 689 2464 cisitatem
712 2401 776 2465 otio
798 2412 885 2466 ratus
903 2402 1045 2487 undique
1066 2412 1155 2468 mate·

128 2496 209 2562 riam
227 2496 384 2561 excitandi
400 2495 476 2560 belli
494 2495 673 2578 quaerebat.

96 2613 111 2659 3
193 2591 290 2656 Forte
317 2591 435 2665 evenit,
463 2600 498 2652 ut
525 2599 665 2674 agrestes
692 2589 828 2654 Romani
855 2613 895 2654 ex
920 2589 1051 2657 Albano
1077 2612 1153 2679 agro,

96 2707 114 2752 4
130 2684 251 2750 Albani
269 2706 309 2747 ex
326 2684 472 2747 Romano
489 2683 622 2767 praedas
640 2683 776 2748 inn'eem
793 2694 932 2771 agerent.
964 2684 1154 2772 imperitabat

129 2789 198 2842 tum
217 2775 318 2842 Gaius
338 2776 472 2841 Cluilius
490 2774 603 2840 Albae.
636 2778 791 2861 utrimque
808 2778 905 2864 legati
922 2778 989 2844 fere
1007 2779 1068 2845 sub
1081 2779 1154 2844 idem

130 2882 255 2956 tempus
274 2871 315 2934 ad
332 2892 382 2935 res
400 2870 586 2955 repetendas
604 2870 702 2935 missi.
735 2871 848 2938 Tullus
865 2884 1071 2959 praeceperat
1087 2871 1152 2947 suis,

129 2987 170 3029 ne
188 2965 264 3049 quid
280 2964 368 3050 prius
387 2987 481 3048 quam
496 2964 643 3028 mandata
661 2976 804 3051 agerent3
825 2966 901 3031 satis
920 2966 1051 3045 sciebat,
1069 2988 1154 3054 nega·

96 3084 111 3130 5
130 3072 236 3126 turum
253 3060 431 3125 Albanum:
449 3061 494 3125 ita
511 3061 563 3146 pie
580 3060 698 3125 bellum
716 3062 812 3126 indici
828 3085 933 3148 posse.
966 3062 1008 3129 ab
1026 3060 1152 3129 Albanis

131 3156 291 3222 socordius
313 3178 364 3220 res
387 3166 472 3234 acta3
495 3156 618 3240 excepti
640 3155 776 3241 hospitio
802 3155 843 3220 ab
866 3156 961 3221 Tullo
987 3156 1104 3223 blande
1123 3174 1153 3219 ac

128 3251 264 3337 benigne
283 3251 367 3316 comi
384 3251 486 3315 fronte
504 3250 589 3337 regis
608 3250 787 3314 convitium
805 3249 974 3315 celebrant.
1011 3252 1153 3337 tantisper

128 3344 266 3409 Romani
283 3356 315 3409 et
331 3368 381 3409 res
399 3346 608 3430 repetiverant
625 3346 744 3429 priores
763 3354 795 3408 et
812 3344 941 3431 neganti
953 3344 1085 3412 Albano
1097 3341 1154 3410 bel·

129 3438 195 3502 lum
213 3439 247 3502 in
260 3440 451 3503 tricesimum
466 3439 550 3504 diem
564 3439 749 3503 indixerant.
772 3439 851 3503 haec
863 3440 1046 3504 renuntiant
1059 3437 1152 3505 'lulla
1183 3436 1187 3441 ’

97 3555 111 3602 6
194 3533 278 3598 Tum
296 3535 408 3620 legatis
427 3534 540 3599 Tullus
559 3534 683 3597 dicendi
699 3544 901 3618 potestatem,
925 3534 1003 3618 quid
1020 3542 1153 3620 petentes

129 3629 285 3706 venerint,
313 3629 397 3693 fecit.
437 3628 482 3693 illi
500 3629 639 3694 omnium
656 3629 758 3714 ignari
775 3628 912 3714 primum
934 3629 1101 3716 purgando
1115 3636 1153 3690 tc·

129 3731 203 3785 runt
223 3731 361 3808 tempus:
389 3746 423 3788 se
445 3724 559 3788 insitos
583 3723 765 3807 quicquam,
793 3723 878 3808 quod
904 3723 1010 3788 minus
1041 3723 1152 3810 plaoeol

130 3814 239 3894 Tullo,
258 3818 409 3896 dicturos,
434 3819 490 3883 sed
507 3819 637 3904 imperio
657 3817 774 3903 subigi:
801 3840 852 3882 res
869 3818 1040 3904 repetitum
1059 3840 1093 3883 se
1107 3834 1152 3879 ve·

97 3931 112 3980 7
129 3911 225 3990 nisse,
243 3913 277 3976 ni
294 3915 472 3991 reddantur,
491 3915 608 3980 bellum
626 3915 763 3978 indicere
780 3914 895 3979 iussos.
929 3913 972 3979 ad
989 3915 1070 3980 haec
1086 3907 1152 3978 Tul·

129 4004 180 4071 lus
204 4008 370 4073 ‘nuntiate’
392 4009 493 4095 inquit
516 4010 598 4092 ‘regi
615 4018 732 4086 vestm,
759 4030 868 4096 regem
885 4008 1069 4075 Romanum
1085 4008 1151 4073 deos
