2566 4524
147 241 211 310 350
376 268 385 306 r
401 251 517 306 LIBER
532 250 588 320 VI,
605 248 648 304 42.
667 252 706 319 [a.
715 265 743 304 u.
753 265 777 304 c.
787 248 847 304 387.
861 249 927 320 388]

97 433 130 483 10
211 411 256 477 Et
276 432 316 475 ne
337 409 365 475 is
388 409 516 493 quidem
537 407 609 472 finis
627 406 832 472 certaminum
853 405 925 471 fuit.
961 406 1035 490 quia
1053 417 1109 494 patr

147 530 182 572 se
200 515 341 572 auctores
360 505 483 570 futuros
500 501 660 591 negabant
676 523 774 588 prope
788 501 1000 568 secessionem
1013 503 1105 590 plebis

96 624 127 671 11
147 600 362 684 terribilesque
380 597 457 664 alias
474 597 576 662 minas
595 595 733 661 civilium
751 595 959 662 certaminum
981 599 1076 677 venit,
1099 620 1109 664 c

147 705 252 761 tamen
264 715 322 779 per
334 692 517 757 dictatorem
530 689 765 756 condicionibus
780 689 907 757 sedatae
921 691 1109 759 discordiaes

148 808 396 871 concessumque
417 785 458 851 ab
478 785 640 852 nobilitate
661 783 747 871 plebi
764 785 812 850 de
839 785 970 852 consule
995 786 1109 873 plebeio

147 882 239 968 plebe
256 879 410 946 nobilitati
431 879 471 944 de
492 888 634 965 praetore
656 901 732 956 uno,
760 879 816 963 qui
832 879 882 944 ius
900 880 934 944 in
957 881 1036 947 urbe
1052 881 1109 959 dice

97 997 129 1046 12
149 998 188 1041 ex
209 973 351 1060 patribus
374 973 519 1039 creando.
554 971 599 1037 ita
621 971 662 1037 ab
684 972 805 1037 diutina
825 971 872 1038 ira
898 974 1029 1039 tandem
1049 975 1109 1040 inc

149 1069 287 1135 cordiam
303 1067 439 1133 redactis
457 1065 619 1133 ordinibus
638 1087 711 1132 cum
728 1066 857 1154 dignam
875 1089 947 1133 eam
964 1091 1034 1135 rem
1052 1091 1109 1135 sena

148 1171 290 1229 censeret
316 1184 400 1241 esse,
427 1162 601 1245 meritoque
626 1161 673 1239 id,
706 1161 884 1245 siquando
910 1163 1109 1247 umquamal

148 1259 243 1323 deum
260 1256 471 1323 inmortalium
494 1253 605 1339 (causa
620 1254 755 1321 libenter
771 1254 925 1342 facturos)
949 1258 1034 1337 sore,
1061 1257 1109 1323 ut]

96 1373 129 1423 13
147 1352 277 1418 maximi
294 1350 405 1416 fierent
421 1359 454 1415 et
474 1349 542 1416 dies
564 1372 647 1414 unus
665 1349 707 1413 ad
724 1350 862 1414 triduum
879 1351 1068 1431 adiceretur,
1088 1375 1109 1416 rr

149 1445 291 1513 cantibus
312 1445 345 1510 id
362 1467 478 1511 munus
499 1443 653 1510 aedilibus
675 1442 776 1529 plebis
800 1444 1030 1510 conclamatum
1047 1469 1109 1533 apa

149 1542 205 1606 ciis
224 1548 273 1605 est
288 1538 469 1616 iuvenibus,
493 1561 527 1604 se
545 1538 579 1602 id
594 1537 722 1602 honoris
741 1538 836 1602 deum
852 1538 1065 1605 inmortalium
1082 1563 1109 1605 ca

97 1655 130 1705 14
147 1634 281 1700 libenter
302 1642 441 1711 acturos,
468 1640 504 1697 ut
525 1631 642 1698 aediles
664 1631 783 1696 fierent.
819 1633 934 1715 quibus
958 1655 1032 1698 cum
1053 1633 1109 1700 abr

148 1728 248 1794 versis
265 1727 385 1814 gratiae
403 1734 491 1793 actae
509 1735 629 1803 essent,
649 1725 768 1790 factum
786 1735 914 1792 senatus
933 1728 1106 1792 consultum

148 1823 297 1888 duoviros
323 1821 439 1888 aediles
466 1843 506 1886 ex
536 1820 677 1907 patribus
708 1820 841 1885 dictator
865 1821 1020 1907 populum
1045 1845 1109 1909 roga

148 1926 253 2004 patres
272 1925 414 1982 auctores
433 1914 577 1980 omnibus
597 1914 663 1979 eius
682 1913 756 1979 anni
774 1914 908 1980 comitiis
925 1915 1046 1982 fierent.

560 2113 769 2123 .-

446 2249 661 2330 [rnnrooun
677 2252 785 2310 amer
801 2247 884 2330 vu]
924 2293 927 2296 <

203 2383 281 2452 [Duc
292 2381 359 2435 novi
368 2380 551 2451 magistratus
562 2379 666 2435 adiecti
677 2385 755 2450 sunt,
773 2385 909 2451 praetura
919 2386 949 2436 et
963 2381 1069 2437 curulis
1084 2400 1109 2438 ae

148 2466 203 2515 tas.
220 2457 387 2530 pestilentia
397 2457 496 2512 civitas
505 2457 657 2526 laboravit,
668 2473 788 2529 eamque
797 2457 937 2527 insignem
947 2457 1018 2513 fecit
1027 2476 1100 2514 mors

149 2535 274 2604 Camilli3
294 2535 373 2590 cuius
382 2534 536 2590 remedium
546 2538 575 2589 et
583 2532 648 2587 finis
660 2551 721 2588 cum
731 2551 783 2605 per
791 2550 881 2588 novas
890 2534 1048 2604 religiones
1064 2553 1109 2607 qua

58 2602 61 2613 ’
148 2620 240 2684 retur,
261 2614 321 2667 ludi
336 2612 460 2667 scaenici
473 2618 542 2666 tunc
554 2613 676 2682 primum
690 2610 759 2666 facti
775 2618 849 2667 sunt.
877 2630 940 2667 cum
956 2614 1018 2668 dies
1028 2614 1063 2668 L.
1073 2615 1109 2668 Mc

150 2691 227 2745 dicta
236 2696 312 2746 esset
321 2707 339 2744 a
347 2689 385 2743 M.
396 2689 553 2759 Pomponio
565 2688 679 2745 tribuno
693 2688 787 2760 plebis
797 2696 915 2760 propter
930 2690 1068 2746 dilectum
1078 2709 1109 2747 ae

149 2773 244 2823 actum
253 2773 283 2823 et
291 2767 324 2820 Τ.
333 2765 470 2820 Manlium
479 2766 568 2820 filium
577 2785 625 2821 rus
638 2767 798 2838 relegatum
813 2767 872 2822 sine
886 2767 946 2822 ullo
962 2769 1094 2840 crimine,

148 2845 261 2898 lescens
270 2842 345 2912 ipse,
360 2842 438 2897 cuius
447 2843 586 2914 relegatio
596 2843 672 2914 patri
683 2844 873 2914 obiciebatur,
889 2845 968 2900 venit
977 2845 1008 2900 in
1019 2847 1109 2902 cubicr

149 2920 256 2976 tribuni
270 2920 425 2991 strictoque
439 2922 535 2992 gladio
551 2922 648 2992 coegit
660 2938 723 2976 eum
737 2922 767 2976 in
781 2922 869 2978 verba
882 2939 933 2976 sua
947 2923 1058 2996 iurare,
1079 2941 1107 2980 se

149 3004 393 3068 perseveraturum
402 2997 431 3053 in
440 2999 631 3055 accusatione.
652 3016 713 3053 cum
723 3000 833 3054 telluris
841 2999 922 3054 hiatu
930 3005 995 3057 tcta
1004 3003 1043 3058 ad
1052 3001 1109 3056 ultir

149 3073 249 3129 territa
261 3074 356 3145 patria
370 3075 459 3146 foret,
477 3083 547 3130 tunc
561 3075 655 3130 omnia
667 3076 794 3146 pretiosa
803 3076 890 3132 missa
899 3082 967 3131 sunt
977 3078 1008 3132 in
1021 3096 1109 3148 praes

148 3152 314 3223 voraginem
327 3154 406 3208 urbis
418 3153 573 3208 Romanae.
599 3153 630 3207 in
644 3169 706 3207 eam
717 3151 830 3208 Curtius
845 3160 971 3209 armatus
986 3157 1091 3211 sedens
1104 3174 1109 3209 ⁴

149 3229 361 3301 praecipitavit,
381 3236 410 3285 et
420 3231 568 3301 expletast.
596 3231 631 3284 T.
640 3229 762 3284 Manlius
777 3230 960 3301 adulescens,
981 3233 1032 3304 qui
1046 3238 1109 3303 patr

149 3307 303 3363 tribunicia
320 3308 470 3364 vexatione
488 3308 695 3377 vindicaverat,
720 3313 820 3364 contra
839 3308 954 3364 Gallum
977 3326 1109 3380 provoca

149 3384 272 3454 aliquem
283 3403 316 3441 ex
325 3387 461 3443 militibus
470 3383 606 3441 Romanis
616 3385 646 3439 in
662 3386 806 3456 singulare
822 3392 968 3440 certamen
984 3388 1109 3443 descend

150 3475 205 3530 que
216 3461 310 3516 occiso
320 3467 447 3533 torquem
457 3480 573 3533 aureum
583 3461 718 3532 detraxit,
737 3479 820 3532 quem
833 3462 895 3533 ipse
908 3469 1016 3533 postea
1030 3465 1096 3518 tulit
1108 3492 1109 3507 r

150 3551 184 3590 eo
200 3535 363 3607 Torquatus
378 3544 423 3593 est
434 3543 622 3609 nuncupatus.
650 3539 723 3592 duae
736 3538 833 3593 tribus*
843 3539 974 3610 additae,
991 3540 1109 3612 Pomptir

148 3611 283 3667 Publilia.
309 3614 436 3670 Licinius
449 3615 528 3671 Stolo
540 3617 603 3686 lege
613 3615 672 3670 lata
687 3615 836 3670 damnatus
852 3621 909 3686 est,
931 3618 1011 3686 quod
1024 3619 1109 3688 pluer

149 3690 244 3760 gentis
261 3689 407 3762 iugeribus
427 3692 488 3764 agri
506 3692 675 3762 possideret.
707 3691 745 3746 M.
759 3692 891 3748 Valerius
911 3693 1044 3748 tribunus
1062 3694 1109 3747 mil

151 3765 278 3836 Gallum,
298 3784 381 3840 aquo
391 3775 565 3839 provocatus
574 3775 648 3838 erat,
667 3767 810 3824 insidente
825 3770 926 3840 galeae
944 3787 1031 3825 corvo
1042 3776 1109 3825 etun

147 3844 203 3899 bus
212 3851 362 3917 rostroque
375 3846 487 3901 hostem
499 3846 652 3902 infestante
668 3845 774 3900 occidit
787 3853 817 3900 et
829 3863 864 3901 ex
874 3863 909 3903 ec
920 3846 1008 3903 Corvi
1021 3863 1109 3903 nomer

149 3921 225 3991 cepit
235 3925 391 3994 consulque
400 3923 528 3994 proximo
538 3940 623 3994 anno,
639 3941 701 3978 cum
711 3939 803 3979 annos
813 3923 915 3994 viginti
926 3930 986 3980 tres
996 3926 1109 3980 haberet

148 3997 280 4056 virtutem
296 4007 408 4058 creatus
419 4006 470 4058 est.
496 4001 620 4056 amicitia
639 4018 701 4078 cum
720 3997 996 4071 Carthaginensibus
1014 4001 1105 4056 iuncta
