2566 4524
346 213 465 269 LIBER
482 214 510 284 I,
530 214 572 268 20.
582 214 624 268 21.
646 217 684 282 [a.
696 212 727 269 C.
738 214 885 285 tto-672]
1087 207 1131 273 23

96 388 149 443 tur
171 373 331 447 flaminem
353 371 431 441 Iovi,¹
446 371 618 447 adsiduum¹
637 372 831 448 sacerdotem
857 374 974 439 creavit
998 374 1132 463 insigni-

95 493 158 555 que
178 491 254 541 eum
271 476 358 530 veste
378 475 411 529 et
426 465 526 530 curuli
542 466 630 553 regia
648 466 725 537 sella
747 467 919 533 adornavit.
957 467 1032 534 huic
1050 471 1130 538 d'uos

96 563 247 635 flamines,
260 560 387 638 adiecit,
405 557 509 629 Marti,
520 582 633 636 unum,
657 560 788 633 alterum
808 559 954 642 Quirino,
976 562 1131 650 virgines-
1149 593 1164 640 3

96 681 157 742 que
181 656 302 729 Vestae
328 655 423 741 legit„
445 652 532 719 Alba
557 655 724 729 oriundum
751 655 960 720 sacerdotium
987 667 1021 723 et
1043 657 1131 744 genti

99 749 374 824 conditorishaud
389 748 534 823 alienum.
561 749 610 825 iis,
629 758 664 813 ut
681 749 832 814 adsiduae
850 751 958 835 templi
976 752 1129 829 antistites

98 857 226 933 essent,
242 844 435 931 stipendium
453 845 491 909 de
509 843 636 931 publico
655 845 776 922 statuit,
801 845 979 932 virginitate
997 846 1129 931 aliisque

96 940 302 1014 caerimoniis.
315 939 509 1009 venerabiles
528 962 565 1004 ac
584 949 712 1013 sanctas
727 940 811 1005 fecit.
1089 936 1093 940 ’

160 1035 269 1109 Salios
287 1035 363 1107 item
381 1035 547 1100 duodecim
564 1033 662 1099 Marti
681 1030 822 1100 Gradivo
843 1034 921 1122 legit
942 1036 1128 1121 tunicaeque
1147 1059 1164 1104 4

97 1133 197 1219 pictae
216 1129 341 1216 insigne
364 1129 450 1195 dedit
472 1138 506 1192 et
521 1151 616 1215 super
632 1129 770 1193 tunicam
793 1151 925 1194 aeneum
947 1133 1066 1216 pectori
1083 1142 1130 1196 te-

98 1249 214 1314 gumen
233 1224 441 1307 caelestiaque
459 1247 559 1301 arma,
582 1246 663 1308 quae
681 1224 794 1288 ancilia
814 1226 1023 1311 appellantur,
1048 1227 1129 1293 ferre

99 1343 134 1387 ac
158 1344 217 1407 per
243 1319 355 1385 urbem
379 1319 425 1383 ire
452 1329 606 1391 canentes,
626 1319 765 1395 carmina
791 1342 863 1391 curn
895 1320 1039 1405 tripudiis
1067 1322 1129 1388 sol-

98 1415 255 1499 lemnique
275 1414 392 1485 saltatu
406 1413 506 1478 iussit.

158 1508 350 1575 Pontificem
367 1507 480 1573 deinde
497 1507 634 1575 Numam
652 1507 820 1587 Marcium,
838 1507 946 1580 Marci
959 1510 1068 1590 filium,
1089 1535 1129 1579 ex
1147 1530 1162 1577 5

96 1603 238 1691 patribus
261 1603 338 1689 legit
359 1603 450 1686 eique
474 1625 563 1668 sacra
589 1604 695 1668 omnia
721 1605 879 1691 exscripta
901 1605 1128 1693 exsignataque

96 1699 250 1776 attribuit,
278 1697 392 1781 quibus
411 1697 536 1776 hostiis,
564 1697 678 1782 quibus
697 1698 822 1776 diebus,
850 1699 989 1783 adquae
1012 1701 1129 1786 templa

96 1816 186 1859 sacra
202 1793 314 1856 fierent
331 1801 425 1875 atque
442 1792 525 1857 unde
543 1791 577 1857 in
595 1814 648 1857 eos
668 1802 812 1878 sumptus
831 1793 966 1877 pecunia
984 1788 1129 1880 erogare-

96 1897 154 1952 tur.
192 1896 297 1952 cetera
315 1908 438 1971 quoque
457 1886 562 1951 omnia
581 1886 710 1972 publica
731 1887 915 1972 privataque
939 1910 1028 1952 sacra
1049 1910 1129 1974 pon·
1148 1906 1162 1953 6

95 1981 189 2047 tificis
207 1980 294 2046 scitis
313 1979 459 2058 subiecit,
485 1991 521 2045 ut
539 1990 637 2059 esset,
667 2002 729 2064 quo
747 1981 926 2046 consultum
946 1980 1056 2068 plebes
1075 2004 1129 2047 ve-

96 2076 189 2154 niret,
217 2097 258 2141 ne
277 2075 353 2159 quid
370 2075 469 2139 divini
484 2074 561 2141 iuris
584 2075 781 2161 neglegendo
803 2076 920 2160 patrios
943 2076 1021 2141 ritus
1039 2099 1129 2163 pere·

94 2171 265 2258 grinosque
284 2169 488 2235 adsciscendo
507 2168 692 2247 turbaretur,
712 2192 770 2234 nec
784 2169 934 2234 caelestes
948 2171 1044 2236 modo
1058 2193 1129 2236 cae·
1148 2190 1161 2235 7

96 2265 261 2342 rimonias,
290 2263 347 2328 sed
363 2263 447 2328 iusta
464 2285 589 2348 quoque
607 2263 751 2328 funebria
768 2265 1000 2349 placandosque
1018 2288 1127 2331 manes

96 2369 129 2423 ut
153 2359 241 2425 idem
262 2357 407 2444 pontifex
432 2357 577 2423 edoceret
603 2379 746 2441 quaeque
773 2358 917 2444 prodigia
943 2358 1127 2427 fulminibus

94 2453 197 2518 aliove
223 2475 287 2537 quo
313 2453 385 2517 visu
414 2453 513 2518 missa
544 2453 776 2537 susciperentur
807 2462 903 2535 atque
935 2464 1127 2523 curarentur.

95 2547 136 2611 ad
157 2569 197 2613 ea
219 2545 373 2610 elicienda
394 2569 435 2610 ex
455 2545 613 2615 mentibus
636 2545 750 2610 divinis
769 2544 840 2610 Iovi
860 2544 965 2611 Elicio
988 2569 1075 2610 aram
1095 2547 1129 2610 in

95 2641 258 2707 Aventino
276 2641 391 2705 dicavit
408 2641 564 2725 deumque
582 2640 739 2707 consuluit
757 2639 911 2727 auguriis,
930 2663 1011 2725 quae
1030 2641 1130 2707 susci·

96 2735 213 2822 pienda
230 2744 346 2799 essent.

159 2827 264 2897 XXI.
302 2828 359 2893 Ad
378 2828 458 2896 haec
480 2829 687 2894 consultanda
704 2830 963 2914 procurandaque
985 2829 1159 2898 multitu-1

97 2923 167 2989 dine
186 2924 273 2989 omni
291 2947 311 2989 a
327 2924 363 2988 vi
377 2934 409 2990 et
425 2924 525 2990 armis.
539 2946 699 3002 conversa,
719 2933 750 2989 et
763 2925 860 2990 animi
873 2925 992 3008 aliquid
1005 2926 1128 3012 agendo

97 3019 241 3106 occupati
260 3029 349 3084 erant
366 3029 397 3084 et
414 3020 544 3085 deorum
567 3019 694 3084 assidua
710 3019 851 3084 insidens
875 3041 963 3096 cura,
991 3042 1064 3083 cum
1081 3021 1129 3084 in-

97 3124 214 3180 teresse
230 3113 327 3181 rebus
344 3114 491 3189 humanis
513 3114 647 3180 caeleste
668 3136 786 3179 numen
807 3114 979 3190 videretur,
1007 3135 1045 3178 ea
1062 3114 1129 3198 pie-

98 3218 159 3273 tate
183 3209 325 3274 omnium
350 3220 478 3297 pectora
497 3207 667 3286 imbuerat,
693 3218 729 3273 ut
750 3208 828 3273 fides
852 3229 889 3272 ac
910 3207 1127 3271 iusiurandum

98 3304 240 3388 proximo
259 3304 368 3392 legum
384 3327 423 3370 ac
439 3326 612 3390 poenarum
630 3314 717 3368 metu
734 3302 892 3367 civitatem
911 3310 1064 3388 regerent.
1096 3311 1128 3369 et
1146 3323 1161 3370 2

100 3420 166 3464 cum
184 3399 249 3485 ipsi
268 3422 302 3464 se
320 3399 464 3466 homines
481 3399 515 3463 in
532 3400 630 3486 regis,
649 3399 736 3463 velut
753 3398 837 3462 unici
856 3397 1005 3483 exempli,
1023 3419 1127 3465 mores

100 3491 276 3572 formarent,
295 3503 363 3564 tum
371 3493 504 3559 finitumi
517 3494 611 3559 etiam
623 3493 741 3579 populi,
761 3493 816 3577 qui
829 3502 921 3557 antea
935 3502 1047 3572 castra,
1064 3515 1129 3558 non

101 3586 204 3659 urbem
221 3589 361 3676 positam
377 3588 411 3654 in
427 3589 531 3659 medio
550 3591 592 3654 ad
609 3589 836 3654 sollicitandam
859 3589 997 3655 omnium
1015 3611 1128 3678 pacem

98 3685 307 3762 crediderant,
334 3684 367 3749 in
385 3706 455 3761 earn
473 3685 694 3750 verecundiam
712 3685 840 3750 adducti
858 3694 943 3762 sunt,
966 3694 1002 3749 ut
1019 3685 1128 3750 civita-

99 3785 158 3850 tem
185 3788 286 3855 totam
311 3777 491 3853 incultum
520 3801 645 3844 versam
676 3779 811 3844 deorum
837 3778 948 3844 violari
978 3778 1126 3844 ducerent

99 3872 194 3939 nefas.

158 3969 274 4035 Lucus
289 3977 369 4048 erat,
397 3991 493 4054 quem
508 3969 647 4035 medium
671 3992 711 4033 ex
732 3991 830 4054 opaco
850 3990 946 4054 specu
967 3966 1038 4031 fons
1056 3985 1159 4050 per-a
