2566 4524
299 266 417 323 arnna
434 267 520 338 vm,
539 267 580 323 aa
595 268 637 325 aa
656 272 695 339 [a.
706 267 804 326 cera
818 271 882 343 aaa]
1043 261 1108 354 427

80 451 159 516 quae
186 436 275 493 aetas
302 426 465 510 formaque
492 426 737 492 misericordiam
764 428 874 496 elicere
900 441 1034 519 poterat,
1067 435 1109 501 ad

80 525 241 592 libidinem
259 531 291 587 et
309 520 529 587 contumeliam
548 521 687 587 animum
705 524 921 590 accenderunt.
951 536 985 591 ut
997 526 1107 594 florem
1125 553 1141 604 8

82 619 188 687 aetatis
208 618 277 683 eius
295 617 433 682 fructum
451 615 662 681 adventicium
681 617 790 682 crediti
803 627 904 698 ratus,
922 621 1023 706 primo
1036 645 1108 708 per-

80 716 171 781 licere
198 712 432 778 adulescentem
459 733 602 776 sermone
628 711 750 778 incesto
777 722 826 780 est
847 725 992 797 conatus3
1024 718 1105 798 dein,

79 818 246 897 postquam
269 805 518 892 aspernabantur
539 805 694 893 flagitium
717 830 823 886 aures,
851 810 944 876 minis
967 812 1107 879 territare

82 914 171 988 atque
194 901 367 967 identidem
389 900 557 965 admonere
580 900 738 981 fortunae3
765 913 939 988 postremo,
966 929 1038 972 cum
1059 909 1141 979 in-4

80 995 247 1085 genuitatis
273 995 375 1082 magis
402 1015 497 1078 quam
523 996 697 1080 praesentis
720 996 912 1065 condicionis
935 1023 1107 1068 memorem

79 1090 344 1169 videret,'nudari
360 1088 447 1154 iubet
465 1088 658 1175 verberaque
671 1090 795 1157 adferri.
822 1092 937 1177 quibus
950 1095 1104 1162 laceratus
1124 1119 1140 1169 s

78 1186 200 1253 iuvenis
219 1207 292 1252 cum
311 1207 345 1251 se
367 1185 400 1252 in
421 1184 584 1272 publicum
605 1185 825 1272 proripuisset,
852 1187 1014 1256 libidinem
1036 1215 1106 1256 oru-

77 1280 299 1365 delitatemque
325 1301 520 1364 conquerens
548 1279 767 1360 faeneratoris,
795 1283 907 1370 ingens
929 1285 979 1352 vis
1005 1285 1138 1356 homi-6

77 1397 154 1440 num
179 1397 253 1441 cum
278 1374 390 1440 aetatis
417 1376 616 1441 miseratione
643 1384 737 1460 atque
763 1377 949 1465 indignitate
972 1379 1105 1447 iniuriae

77 1492 223 1548 accensa,
255 1477 323 1534 tum
350 1492 426 1535 suae
453 1470 644 1537 condicionis
672 1471 868 1557 liberumque
896 1496 1025 1539 suorum
1055 1498 1104 1541 re-

77 1574 201 1652 spectu,
219 1563 370 1630 inferum
385 1572 479 1648 atque
496 1565 569 1631 inde
587 1565 712 1653 agmine
730 1565 815 1633 facto
834 1567 874 1632 ad
893 1569 1011 1635 curiam
1030 1591 1104 1636 con-

77 1660 186 1739 cunit3
206 1667 250 1737 et,
270 1681 343 1724 cum
356 1659 501 1726 consules
517 1661 654 1725 tumultu
666 1661 828 1748 repentino
842 1664 942 1728 coacti
960 1673 1104 1730 senatum
1123 1687 1138 1734 s

77 1763 239 1834 vocarent,
262 1754 492 1822 introeuntibus
509 1755 542 1820 in
560 1755 679 1821 curiam
701 1755 842 1841 patribus
864 1757 1034 1823 laceratum
1056 1759 1104 1822 iu-

77 1849 165 1915 venis
187 1859 312 1936 tergum
333 1849 575 1936 procumbentes
599 1851 639 1916 ad
663 1850 858 1937 singulorum
878 1852 976 1938 pedes
999 1861 1104 1918 osten-

77 1942 194 2011 tabant
216 1945 336 2009 viotum
351 1967 388 2011 eo
403 1944 453 2011 die
467 1944 507 2010 ob
521 1946 712 2031 inpotentem
725 1945 871 2012 iniuriam
884 1946 976 2013 unius
990 1946 1103 2034 ingens
1120 1966 1137 2018 8

77 2039 236 2105 vinculum
258 2039 346 2118 fidei,
375 2040 516 2124 iussique
539 2041 682 2107 consules
705 2041 786 2107 ferre
809 2041 849 2107 ad
871 2042 1036 2129 populum,
1063 2066 1103 2111 ne

77 2135 162 2220 quis,
183 2135 248 2200 nisi
265 2135 320 2220 qui
337 2158 453 2201 noxam
469 2136 649 2215 meruisset,
673 2137 772 2201 donec
789 2160 923 2222 poenam
941 2138 1052 2218 lueret,
1071 2140 1105 2204 in

77 2227 270 2316 conpedibus
288 2229 392 2294 autin
409 2252 504 2295 nervo
524 2239 687 2308 teneretur,
705 2230 856 2314 pecuniae
871 2231 1005 2296 creditae
1019 2231 1103 2297 bona
1121 2251 1135 2300 9

77 2323 240 2400 debitoris,
272 2346 335 2389 non
361 2346 474 2411 corpus
501 2324 671 2390 obnoxium
697 2332 789 2388 esset.
829 2324 874 2388 ita
899 2324 972 2390 nexi
999 2325 1101 2402 soluti,

77 2429 267 2502 mutumque
283 2418 317 2483 in
334 2428 508 2504 posterum,
527 2410 567 2483 ne
585 2427 788 2484 necterentur.

138 2511 326 2579 XXVIIII.
361 2513 486 2580 Eodem
499 2537 581 2579 anno
595 2536 666 2578 oum
681 2512 755 2577 satis
769 2533 825 2598 per
839 2533 873 2576 se
890 2513 993 2598 ipsum
1010 2509 1102 2577 Sam·
1121 2534 1135 2580 1

77 2607 187 2673 uitium
204 2607 323 2673 bellum
342 2617 373 2672 et
390 2608 524 2674 defectio
542 2631 654 2694 repens
671 2608 873 2672 Lucanorum
896 2614 1100 2691 auctoresque

77 2700 261 2769 delectionis
275 2701 436 2768 Tarentini
451 2702 598 2768 sollicitos
612 2700 762 2768 haberent
779 2711 896 2787 patres,
916 2699 1048 2766 accessit
1065 2708 1106 2763 ut'

77 2806 109 2865 et
124 2795 277 2864 Vestinus
298 2797 434 2884 populus
459 2794 653 2864 Samnitibus
677 2819 746 2863 sese
768 2796 979 2884 coniungeret.
1019 2811 1134 2878 quaet

77 2910 127 2959 ses
156 2891 238 2957 siout
268 2913 306 2957 eo
337 2914 418 2957 anno
446 2891 640 2957 sermonibus
667 2891 769 2978 magis
795 2892 914 2977 passim
939 2889 1102 2954 hominum

77 2980 192 3053 lactata
209 3007 306 3071 quam
322 2986 357 3051 in
372 2985 499 3073 publico
516 2986 580 3051 ullo
603 2986 734 3052 concilio
757 2995 817 3065 est,
845 2986 889 3050 ita
910 2983 1102 3070 insequentis

77 3081 151 3146 mni
172 3080 368 3158 consulibus,
395 3081 437 3146 L.
460 3079 557 3146 Furio
580 3078 714 3146 Camillo
735 3080 862 3157 iterum,
889 3079 981 3145 Iunio
1002 3079 1102 3143 Bruto

77 3168 232 3255 Scaevae,
255 3175 343 3242 nulla
363 3177 448 3263 prior
464 3175 628 3262 potiorque
645 3176 714 3241 visa
732 3184 793 3253 est,
816 3175 855 3240 de
874 3196 936 3260 qua
954 3173 994 3239 ad
1013 3195 1103 3238 sena·
1223 3182 1230 3189 '

77 3272 144 3337 ium
165 3270 325 3337 referrent.
366 3279 398 3336 et
414 3292 606 3355 quamquam
623 3292 706 3336 nova
723 3292 773 3334 res
792 3278 870 3348 erat,
894 3278 998 3333 tamen
1016 3275 1134 3334 tantas

77 3378 150 3431 tura
165 3375 272 3452 patres
289 3365 432 3443 incessit,
452 3375 486 3429 ut
499 3364 616 3450 pariter
628 3386 698 3429 eam
717 3373 894 3449 susceptam
911 3361 1102 3450 neglectam-

77 3471 135 3543 {ue
153 3459 312 3538 timerent,
330 3481 371 3524 ne
389 3468 442 3524 aut
459 3459 615 3547 inpunitas
630 3480 737 3524 eorum
750 3457 879 3523 lascivia
893 3454 1101 3542 superbiaque

77 3564 127 3620 tut
144 3553 229 3621 bello
245 3575 367 3640 poenae
386 3553 541 3639 expetitae
558 3561 644 3617 metu
660 3551 835 3638 propinquo
854 3559 947 3635 atque
963 3549 1010 3614 ira
1027 3570 1102 3614 con-

77 3648 172 3715 tinent
183 3648 335 3714 finitimos
349 3648 493 3734 populos.
525 3658 556 3712 et
569 3655 634 3712 erat
647 3668 748 3732 genus
767 3666 858 3710 omne
876 3643 999 3709 abunde
1017 3640 1100 3708 bello
1116 3659 1134 3708 4

77 3732 271 3809 &samnitibus
288 3764 356 3828 par,
374 3741 477 3807 Marsi
489 3740 695 3827 Paelignique
713 3754 744 3804 et
757 3737 942 3804 Marrucini:
961 3758 1053 3820 quos,
1073 3733 1101 3798 si

77 3829 228 3905 Vestinus
240 3838 453 3925 attingeretur,
473 3859 581 3901 omnes
596 3834 756 3901 habendos
770 3834 887 3899 hostes.
909 3831 983 3896 vicit
995 3838 1099 3893 tamen
1116 3845 1133 3894 ⁵

77 3947 160 4012 aare,
178 3954 263 4018 quae
279 3933 313 3997 in
329 3931 507 4019 praesentia
524 3930 623 3995 videri
640 3930 740 4017 potuit
758 3927 882 3993 maioris
896 3922 990 3989 animi
1003 3940 1098 4013 quam

77 4027 211 4108 tonsilii3
229 4027 285 4094 sed
298 4036 427 4093 eventus
443 4025 548 4091 docuit
562 4024 659 4090 fortes
673 4023 829 4089 fortunam
842 4021 957 4084 iuvare.
979 4013 1097 4079 bellum
1115 4031 1131 4080 6
