2566 4524
302 256 421 312 11111111
436 256 610 324 ru,1o.11.
629 255 779 328 [11161.
792 258 856 328 461]
1029 249 1093 315 135

58 418 156 486 nibus
175 415 393 482 abstineretur.
423 415 457 479 id
473 414 593 480 factum
610 416 651 480 ad
668 414 892 502 inpediendam
913 417 1016 505 legem
1039 419 1092 484 tri-

59 512 136 578 buni
155 509 401 576 criminabantur
416 509 592 596 ingensque
610 510 719 574 aderat
736 520 902 576 certamen.

120 606 225 683 Ecce,
261 615 297 669 ut
326 602 410 669 idem
438 604 472 668 in
499 603 640 690 singulos
667 627 766 671 annos
792 604 877 670 orbis
904 605 1125 686 volveremus

58 698 191 766 Hernici
216 698 378 775 nuntiant,
408 696 544 764 Volscos
575 707 607 763 et
632 697 777 783 Aequos,
809 699 868 765 etsi
894 699 1015 764 accisae
1041 722 1092 769 res

59 796 136 873 sint,
156 793 288 860 reficere
306 791 476 870 exercitus,
494 792 586 858 Antii
604 815 759 857 summam
777 793 823 858 rei
839 794 990 879 positam,
1008 793 1092 859 Ece-

56 900 122 955 trae
135 887 286 953 Antiates
304 885 432 951 colonos
449 885 554 972 palam
573 887 704 951 concilia
722 886 840 965 facere,
858 888 892 953 id
909 897 1017 974 caput,
1037 911 1091 955 eas

56 984 138 1048 vires
165 981 244 1047 belli
270 1002 349 1046 esse.
384 990 420 1044 ut
445 979 523 1045 haec
549 979 632 1045 dicta
658 981 691 1047 in
714 992 825 1047 senatu
847 991 931 1059 sunt,
959 982 1124 1052 dilectuso

56 1077 201 1142 edicitur.
237 1075 382 1141 consules
403 1073 478 1139 belli
500 1075 801 1141 administrationem
821 1075 901 1140 inter
919 1099 953 1140 se
971 1077 1091 1162 disper-

55 1170 218 1247 iniussi,
237 1168 326 1234 alteri
345 1178 378 1233 ut
396 1167 520 1247 Volsci,
539 1168 628 1234 alteri
645 1179 680 1234 ut
694 1167 801 1254 Aequi
817 1170 978 1255 provincia
996 1181 1089 1236 esset.

56 1264 173 1329 tribum
207 1285 313 1328 coram
343 1263 378 1329 in
407 1262 476 1329 foro
505 1284 688 1348 personare,
724 1262 865 1328 fabulam
895 1265 1091 1350 conpositam
1110 1287 1142 1334 1o

58 1357 168 1424 Volsci
185 1357 275 1435 belli,
298 1356 455 1424 Hernicos
478 1358 519 1423 ad
539 1367 644 1443 partes
663 1366 799 1442 paratos.
836 1357 899 1423 iam
917 1381 958 1424 ne
975 1359 1089 1424 virtute

54 1453 184 1536 quidem
206 1451 308 1536 premi
328 1450 502 1517 libertatem
525 1450 634 1536 populi
651 1451 800 1530 Romani,
829 1452 885 1516 sed
906 1461 972 1516 arte
995 1451 1088 1519 eludi

57 1547 130 1630 quia
151 1545 315 1611 occidione
338 1567 437 1631 prope
460 1545 580 1610 occisos
599 1544 735 1611 Volscos
757 1555 789 1610 et
805 1541 937 1630 Aequos
960 1569 1087 1613 movere
1108 1570 1138 1616 11

54 1662 114 1705 sna
141 1649 255 1726 sponte
281 1662 367 1705 arma
392 1661 489 1724 posse
514 1639 577 1703 iam
603 1639 682 1708 fides
709 1639 833 1717 abierit,
861 1663 960 1706 novos
982 1640 1089 1707 hostes

53 1734 175 1818 quaeri,
196 1732 350 1799 coloniam
362 1732 468 1809 fidam,
487 1733 694 1819 propinquam
707 1733 858 1798 infamem
871 1734 948 1798 fieri.
972 1734 1089 1801 bellum

53 1827 192 1893 innoxiis
205 1825 387 1892 Antiatibus
404 1827 514 1905 indici,
532 1827 600 1913 geri
618 1849 691 1892 cum
708 1827 800 1913 plebe
813 1827 971 1905 Romana,
991 1850 1086 1911 quam
1105 1851 1135 1896 12

53 1931 218 1987 oneratam
245 1921 338 1987 armis
361 1943 402 1987 ex
422 1919 500 1986 urbe
521 1921 683 2008 praecipiti
705 1921 830 2008 agmine
852 1922 952 1986 acturi
973 1931 1087 2000 essent,

56 2017 152 2081 exilio
169 2025 202 2080 et
219 2015 410 2102 relegatione
428 2015 545 2083 civium
567 2015 753 2082 ulciscentes
776 2015 925 2081 tribunos.
963 2017 1023 2095 sic,
1047 2034 1087 2082 ne
1107 2040 1139 2086 13

57 2110 134 2192 qnid
150 2110 235 2177 aliud
254 2122 357 2175 actum
374 2118 499 2195 putent,
517 2111 632 2175 victam
649 2111 752 2197 legem
766 2133 851 2189 esse,
869 2111 945 2190 nisi,
965 2112 1040 2179 dum
1054 2112 1087 2178 in

56 2204 178 2290 integro
200 2227 252 2271 res
275 2205 328 2281 sit,
352 2205 428 2269 dum
446 2205 545 2282 domi,
570 2204 645 2267 dum
663 2205 762 2290 togati
779 2205 854 2280 sint,
879 2216 1024 2284 caveant,
1047 2227 1087 2271 ne

53 2299 257 2384 possessione
277 2299 364 2366 urbis
385 2298 550 2385 pellantur,
577 2320 617 2362 ne
638 2297 749 2383 iugum
771 2298 933 2382 accipiant.
971 2299 998 2365 si
1020 2298 1139 2369 ani-14

53 2415 127 2459 ruris
146 2391 201 2470 sit,
219 2415 282 2457 non
300 2392 406 2459 defore
424 2393 584 2459 auxilium.
616 2391 790 2457 consentire
805 2414 914 2457 omnes
933 2392 1085 2471 tribunos,

54 2487 179 2553 nullum
207 2495 355 2555 terrorem
380 2497 558 2564 externum,
584 2485 705 2551 nullum
727 2485 900 2570 periculum
923 2508 1007 2563 esse,
1036 2510 1087 2553 co-

54 2582 140 2649 usse
163 2581 241 2647 deos
263 2582 364 2666 priore
387 2604 482 2659 cunc,
510 2590 545 2647 ut
566 2589 634 2645 tuto
660 2580 787 2644 libertas
815 2580 942 2644 defendi
967 2591 1084 2666 posset.

54 2676 133 2742 liaeo
150 2676 276 2742 tribuni.
595 2737 597 2741 ,

116 2771 184 2837 xl.
221 2773 267 2836 At
289 2793 328 2836 ex
348 2779 437 2856 parte
460 2771 556 2837 altera
573 2769 719 2837 consules
737 2770 770 2833 in
789 2780 960 2856 conspectu
977 2793 1085 2836 eorum
1104 2793 1118 2841 1

53 2867 166 2952 positis
185 2866 270 2932 sellis
287 2865 435 2932 dilectum
452 2864 620 2935 habebant.
648 2887 685 2931 eo
700 2865 868 2931 decurrunt
881 2864 998 2930 tribuni
1011 2888 1086 2931 con-

53 2959 234 3043 tionemque
252 2983 360 3027 secum
377 2959 512 3025 trahunt.
540 2959 626 3025 citati
638 2960 744 3044 pauci,
763 2959 849 3023 velut
861 2959 907 3024 rei
921 2961 1086 3046 experiun-

54 3055 117 3118 dae
134 3076 243 3131 causa,
263 3064 294 3119 et
311 3054 417 3118 statim
433 3054 481 3118 vis
501 3062 615 3120 coorta.
642 3075 872 3137 quemcumque
886 3053 977 3117 lictor
994 3053 1084 3119 iussu
1103 3074 1118 3121 a

56 3147 192 3215 consulis
215 3148 404 3233 prandiam,
431 3148 574 3215 tribunus
596 3148 677 3215 mitti
697 3146 835 3213 iubebat.
871 3168 973 3229 neque
992 3170 1086 3212 suum

53 3243 167 3326 cuique
189 3243 238 3307 ius
261 3243 389 3307 modum
409 3242 559 3319 faciebat,
585 3243 641 3306 sed
659 3241 772 3307 virium
790 3262 850 3325 epo
868 3250 899 3304 et
916 3264 1012 3305 manu
1029 3241 1085 3305 ob-

51 3336 219 3405 tinendum
235 3345 315 3414 erat,
338 3337 423 3420 quod
439 3337 625 3402 intenderes.

117 3430 395 3514 Quemadmodum
425 3453 459 3497 se
489 3431 606 3496 tribuni
631 3431 806 3518 gessissent
831 3430 864 3495 in
889 3429 1117 3516 prohibendos

49 3525 182 3604 dilectu,
202 3525 249 3590 sio
265 3535 369 3611 patres
387 3526 420 3592 in
437 3525 523 3612 lege,
541 3548 622 3609 quae
639 3548 696 3612 per
713 3525 813 3591 omnis
833 3525 996 3591 comitialis
1015 3526 1082 3591 dies

47 3619 227 3698 ferebatur,
249 3620 437 3705 inpedienda
457 3618 616 3706 gerebant.
652 3619 776 3685 initium
799 3629 865 3693 erat
885 3620 986 3698 rixae,
1010 3642 1082 3685 cum
1100 3642 1118 3688 4

48 3714 215 3780 monim
233 3714 384 3800 populum
400 3715 567 3781 iussissent
584 3715 715 3792 tribuni,
733 3716 819 3800 quod
834 3724 941 3803 patres
960 3738 993 3781 se
1009 3715 1083 3783 sub·

48 3810 174 3877 moseri
200 3809 286 3875 haud
311 3809 465 3876 sinebant.
501 3833 560 3875 nec
585 3811 651 3875 sere
678 3810 815 3877 seniores
838 3811 884 3875 rei
904 3809 1081 3887 intererant,

50 3905 170 3992 quippe
188 3924 270 3990 quac
286 3928 352 3971 non
368 3905 498 3971 consilio
516 3906 654 3993 regenda
672 3906 729 3970 sed
744 3905 899 3991 permissa
916 3903 1080 3971 temeritat‘

47 4001 266 4085 audaciaeque
292 4009 384 4066 esset.
423 4000 559 4065 multum
584 4011 624 4067 et*
641 3999 785 4070 consules
813 4023 847 4065 se
874 3997 1117 4078 abstinebant,5
