<?xml version="1.0" encoding="UTF-8"?>
<!DOCTYPE html PUBLIC "-//W3C//DTD XHTML 1.0 Transitional//EN"
    "http://www.w3.org/TR/xhtml1/DTD/xhtml1-transitional.dtd">
<html xmlns="http://www.w3.org/1999/xhtml" xml:lang="en" lang="en">
 <head>
  <title>
</title>
<meta http-equiv="Content-Type" content="text/html;charset=utf-8" />
  <meta name='ocr-system' content='tesseract 3.04.00' />
  <meta name='ocr-capabilities' content='ocr_page ocr_carea ocr_par ocr_line ocrx_word'/>
</head>
<body>
  <div class='ocr_page' id='page_1' title='image "./titiliviaburbec01weisgoog_0458.png"; bbox 0 0 2566 4524; ppageno 0'>
   <div class='ocr_carea' id='block_1_1' title="bbox 235 268 1039 349">
    <p class='ocr_par' dir='ltr' id='par_1_1' title="bbox 235 268 1039 349">
     <span class='ocr_line' id='line_1_1' title="bbox 235 268 1039 349; baseline 0.005 -16"><span class='ocrx_word' id='word_1_1' title='bbox 235 277 354 333; x_wconf 73' lang='lat' dir='ltr'>amaa</span> <span class='ocrx_word' id='word_1_2' title='bbox 370 277 441 346; x_wconf 86' lang='lat' dir='ltr'>vn,</span> <span class='ocrx_word' id='word_1_3' title='bbox 459 278 501 332; x_wconf 80' lang='lat' dir='ltr'>ao.</span> <span class='ocrx_word' id='word_1_4' title='bbox 516 278 557 332; x_wconf 82' lang='lat'>21.</span> <span class='ocrx_word' id='word_1_5' title='bbox 577 281 614 347; x_wconf 75' lang='lat' dir='ltr'>[a.</span> <span class='ocrx_word' id='word_1_6' title='bbox 625 276 722 334; x_wconf 70' lang='lat' dir='ltr'>cess.</span> <span class='ocrx_word' id='word_1_7' title='bbox 736 278 799 349; x_wconf 79' lang='lat'>352]</span> <span class='ocrx_word' id='word_1_8' title='bbox 977 268 1039 337; x_wconf 68' lang='lat'>371</span> 
     </span>
    </p>
   </div>
   <div class='ocr_carea' id='block_1_2' title="bbox 77 433 1138 4177">
    <p class='ocr_par' dir='ltr' id='par_1_2' title="bbox 77 433 1138 4177">
     <span class='ocr_line' id='line_1_2' title="bbox 77 433 1041 524; baseline 0.004 -22"><span class='ocrx_word' id='word_1_9' title='bbox 77 460 102 503; x_wconf 83' lang='lat' dir='ltr'>rs</span> <span class='ocrx_word' id='word_1_10' title='bbox 125 435 286 514; x_wconf 86' lang='lat' dir='ltr'>meritum,</span> <span class='ocrx_word' id='word_1_11' title='bbox 315 443 349 499; x_wconf 91' lang='lat' dir='ltr'>ut</span> <span class='ocrx_word' id='word_1_12' title='bbox 370 433 516 500; x_wconf 84' lang='lat' dir='ltr'>maleficii</span> <span class='ocrx_word' id='word_1_13' title='bbox 538 457 633 520; x_wconf 90' lang='lat' dir='ltr'>quam</span> <span class='ocrx_word' id='word_1_14' title='bbox 655 436 798 502; x_wconf 84' lang='lat' dir='ltr'>beneficii</span> <span class='ocrx_word' id='word_1_15' title='bbox 819 437 924 524; x_wconf 84' lang='lat' dir='ltr'>potius</span> <span class='ocrx_word' id='word_1_16' title='bbox 941 440 1041 506; x_wconf 90' lang='lat' dir='ltr'>inme-</span> 
     </span>
     <span class='ocr_line' id='line_1_3' title="bbox 77 528 1040 621; baseline 0.003 -24"><span class='ocrx_word' id='word_1_17' title='bbox 77 551 116 597; x_wconf 82' lang='lat' dir='ltr'>es</span> <span class='ocrx_word' id='word_1_18' title='bbox 135 538 251 596; x_wconf 81' lang='lat' dir='ltr'>essent.</span> <span class='ocrx_word' id='word_1_19' title='bbox 281 528 388 613; x_wconf 85' lang='lat' dir='ltr'>itaque</span> <span class='ocrx_word' id='word_1_20' title='bbox 401 552 465 616; x_wconf 86' lang='lat' dir='ltr'>pax</span> <span class='ocrx_word' id='word_1_21' title='bbox 477 530 595 617; x_wconf 88' lang='lat' dir='ltr'>populo</span> <span class='ocrx_word' id='word_1_22' title='bbox 606 529 723 596; x_wconf 88' lang='lat' dir='ltr'>Caeriti</span> <span class='ocrx_word' id='word_1_23' title='bbox 736 531 822 610; x_wconf 79' lang='lat' dir='ltr'>data,</span> <span class='ocrx_word' id='word_1_24' title='bbox 840 531 1040 621; x_wconf 86' lang='lat' dir='ltr'>indutiasque</span> 
     </span>
     <span class='ocr_line' id='line_1_4' title="bbox 77 623 1042 715; baseline 0.008 -28"><span class='ocrx_word' id='word_1_25' title='bbox 77 635 190 692; x_wconf 85' lang='lat' dir='ltr'>:entum</span> <span class='ocrx_word' id='word_1_26' title='bbox 208 645 307 689; x_wconf 87' lang='lat' dir='ltr'>annos</span> <span class='ocrx_word' id='word_1_27' title='bbox 324 623 425 689; x_wconf 86' lang='lat' dir='ltr'>factas</span> <span class='ocrx_word' id='word_1_28' title='bbox 443 623 475 688; x_wconf 89' lang='lat' dir='ltr'>in</span> <span class='ocrx_word' id='word_1_29' title='bbox 494 633 621 691; x_wconf 87' lang='lat' dir='ltr'>senatus</span> <span class='ocrx_word' id='word_1_30' title='bbox 645 626 823 693; x_wconf 91' lang='lat' dir='ltr'>consultum</span> <span class='ocrx_word' id='word_1_31' title='bbox 842 627 952 694; x_wconf 74' lang='lat' dir='ltr'>referri</span> <span class='ocrx_word' id='word_1_32' title='bbox 973 629 1042 715; x_wconf 91' lang='lat' dir='ltr'>pla-</span> 
     </span>
     <span class='ocr_line' id='line_1_5' title="bbox 77 716 1075 795; baseline 0.008 -9"><span class='ocrx_word' id='word_1_33' title='bbox 77 769 85 786; x_wconf 90' lang='lat'><strong>.</strong></span> <span class='ocrx_word' id='word_1_34' title='bbox 117 719 152 784; x_wconf 92' lang='lat' dir='ltr'>in</span> <span class='ocrx_word' id='word_1_35' title='bbox 164 716 309 784; x_wconf 78' lang='lat' dir='ltr'><strong>Faliscos</strong></span> <span class='ocrx_word' id='word_1_36' title='bbox 327 717 437 784; x_wconf 89' lang='lat' dir='ltr'>eodem</span> <span class='ocrx_word' id='word_1_37' title='bbox 453 719 565 785; x_wconf 86' lang='lat' dir='ltr'>noxios</span> <span class='ocrx_word' id='word_1_38' title='bbox 585 720 779 788; x_wconf 71' lang='lat' dir='ltr'>crimineris</span> <span class='ocrx_word' id='word_1_39' title='bbox 797 721 872 788; x_wconf 89' lang='lat' dir='ltr'>belli</span> <span class='ocrx_word' id='word_1_40' title='bbox 890 743 1042 790; x_wconf 84' lang='lat' dir='ltr'>conversa</span> <span class='ocrx_word' id='word_1_41' title='bbox 1060 747 1075 795; x_wconf 84' lang='lat'><strong>9</strong></span> 
     </span>
     <span class='ocr_line' id='line_1_6' title="bbox 98 812 1042 905; baseline 0.004 -25"><span class='ocrx_word' id='word_1_42' title='bbox 98 814 158 880; x_wconf 86' lang='lat' dir='ltr'>sed</span> <span class='ocrx_word' id='word_1_43' title='bbox 172 812 282 879; x_wconf 86' lang='lat' dir='ltr'>hostes</span> <span class='ocrx_word' id='word_1_44' title='bbox 299 835 458 898; x_wconf 88' lang='lat' dir='ltr'>nusquam</span> <span class='ocrx_word' id='word_1_45' title='bbox 474 813 602 879; x_wconf 80' lang='lat' dir='ltr'>inventi.</span> <span class='ocrx_word' id='word_1_46' title='bbox 639 836 710 881; x_wconf 90' lang='lat' dir='ltr'>cum</span> <span class='ocrx_word' id='word_1_47' title='bbox 732 816 935 903; x_wconf 74' lang='lat' dir='ltr'>populatione</span> <span class='ocrx_word' id='word_1_48' title='bbox 950 841 1042 905; x_wconf 83' lang='lat' dir='ltr'>pera-</span> 
     </span>
     <span class='ocr_line' id='line_1_7' title="bbox 77 907 1041 998; baseline 0.003 -23"><span class='ocrx_word' id='word_1_49' title='bbox 77 911 94 975; x_wconf 89' lang='lat' dir='ltr'>i</span> <span class='ocrx_word' id='word_1_50' title='bbox 116 908 197 974; x_wconf 91' lang='lat' dir='ltr'>fines</span> <span class='ocrx_word' id='word_1_51' title='bbox 221 918 339 987; x_wconf 89' lang='lat' dir='ltr'>essent,</span> <span class='ocrx_word' id='word_1_52' title='bbox 367 907 407 973; x_wconf 91' lang='lat' dir='ltr'>ab</span> <span class='ocrx_word' id='word_1_53' title='bbox 426 909 659 995; x_wconf 80' lang='lat' dir='ltr'>oppugnatione</span> <span class='ocrx_word' id='word_1_54' title='bbox 676 909 802 976; x_wconf 88' lang='lat' dir='ltr'>urbium</span> <span class='ocrx_word' id='word_1_55' title='bbox 820 920 1041 998; x_wconf 67' lang='lat' dir='ltr'>temperatum</span> 
     </span>
     <span class='ocr_line' id='line_1_8' title="bbox 77 1001 1042 1086; baseline 0 -16"><span class='ocrx_word' id='word_1_56' title='bbox 77 1002 255 1086; x_wconf 80' lang='lat' dir='ltr'>suibusque</span> <span class='ocrx_word' id='word_1_57' title='bbox 267 1001 403 1067; x_wconf 84' lang='lat' dir='ltr'>Romam</span> <span class='ocrx_word' id='word_1_58' title='bbox 416 1002 553 1068; x_wconf 85' lang='lat' dir='ltr'>reductis</span> <span class='ocrx_word' id='word_1_59' title='bbox 581 1001 712 1068; x_wconf 87' lang='lat' dir='ltr'>relicum</span> <span class='ocrx_word' id='word_1_60' title='bbox 744 1003 818 1069; x_wconf 91' lang='lat' dir='ltr'>anni</span> <span class='ocrx_word' id='word_1_61' title='bbox 834 1005 932 1070; x_wconf 91' lang='lat' dir='ltr'>muris</span> <span class='ocrx_word' id='word_1_62' title='bbox 950 1006 1042 1070; x_wconf 87' lang='lat' dir='ltr'>turri-</span> 
     </span>
     <span class='ocr_line' id='line_1_9' title="bbox 77 1096 1042 1186; baseline 0.001 -23"><span class='ocrx_word' id='word_1_63' title='bbox 77 1119 138 1184; x_wconf 87' lang='lat' dir='ltr'>que</span> <span class='ocrx_word' id='word_1_64' title='bbox 164 1096 340 1162; x_wconf 87' lang='lat' dir='ltr'>reficiendis</span> <span class='ocrx_word' id='word_1_65' title='bbox 369 1106 588 1184; x_wconf 90' lang='lat' dir='ltr'>consumptum</span> <span class='ocrx_word' id='word_1_66' title='bbox 610 1106 642 1163; x_wconf 87' lang='lat' dir='ltr'>ct</span> <span class='ocrx_word' id='word_1_67' title='bbox 664 1098 751 1164; x_wconf 80' lang='lat' dir='ltr'>aedis</span> <span class='ocrx_word' id='word_1_68' title='bbox 773 1097 932 1186; x_wconf 85' lang='lat' dir='ltr'>Apollinis</span> <span class='ocrx_word' id='word_1_69' title='bbox 954 1100 1042 1165; x_wconf 86' lang='lat' dir='ltr'>dedi-</span> 
     </span>
     <span class='ocr_line' id='line_1_10' title="bbox 77 1201 159 1258; baseline -0.012 0"><span class='ocrx_word' id='word_1_70' title='bbox 77 1201 159 1258; x_wconf 68' lang='lat' dir='ltr'>tesi.</span> 
     </span>
     <span class='ocr_line' id='line_1_11' title="bbox 78 1284 1073 1353; baseline -0.002 -1"><span class='ocrx_word' id='word_1_71' title='bbox 78 1285 180 1352; x_wconf 88' lang='lat' dir='ltr'>XXI.</span> <span class='ocrx_word' id='word_1_72' title='bbox 225 1284 379 1350; x_wconf 80' lang='lat' dir='ltr'>Extremo</span> <span class='ocrx_word' id='word_1_73' title='bbox 411 1308 493 1351; x_wconf 88' lang='lat' dir='ltr'>anno</span> <span class='ocrx_word' id='word_1_74' title='bbox 525 1286 651 1352; x_wconf 90' lang='lat' dir='ltr'>comitia</span> <span class='ocrx_word' id='word_1_75' title='bbox 680 1286 857 1353; x_wconf 73' lang='lat' dir='ltr'>conmdaria</span> <span class='ocrx_word' id='word_1_76' title='bbox 883 1294 1040 1353; x_wconf 86' lang='lat' dir='ltr'>certamen</span> <span class='ocrx_word' id='word_1_77' title='bbox 1061 1303 1073 1350; x_wconf 96' lang='lat'>1</span> 
     </span>
     <span class='ocr_line' id='line_1_12' title="bbox 77 1378 1040 1469; baseline 0.001 -23"><span class='ocrx_word' id='word_1_78' title='bbox 77 1403 138 1446; x_wconf 81' lang='lat' dir='ltr'>‚um</span> <span class='ocrx_word' id='word_1_79' title='bbox 166 1402 203 1444; x_wconf 87' lang='lat' dir='ltr'>ac</span> <span class='ocrx_word' id='word_1_80' title='bbox 229 1378 332 1465; x_wconf 89' lang='lat' dir='ltr'>plebis</span> <span class='ocrx_word' id='word_1_81' title='bbox 358 1379 494 1458; x_wconf 85' lang='lat' dir='ltr'>diremit,</span> <span class='ocrx_word' id='word_1_82' title='bbox 523 1379 654 1447; x_wconf 88' lang='lat' dir='ltr'>tribunis</span> <span class='ocrx_word' id='word_1_83' title='bbox 676 1381 865 1469; x_wconf 75' lang='lat' dir='ltr'>negantibus</span> <span class='ocrx_word' id='word_1_84' title='bbox 890 1404 1040 1468; x_wconf 82' lang='lat' dir='ltr'>passuros</span> 
     </span>
     <span class='ocr_line' id='line_1_13' title="bbox 77 1471 1040 1564; baseline 0.001 -24"><span class='ocrx_word' id='word_1_85' title='bbox 77 1475 141 1540; x_wconf 79' lang='lat' dir='ltr'>[itia</span> <span class='ocrx_word' id='word_1_86' title='bbox 157 1471 281 1552; x_wconf 89' lang='lat' dir='ltr'>haberi,</span> <span class='ocrx_word' id='word_1_87' title='bbox 304 1473 337 1538; x_wconf 92' lang='lat' dir='ltr'>ni</span> <span class='ocrx_word' id='word_1_88' title='bbox 356 1475 529 1539; x_wconf 88' lang='lat' dir='ltr'>secundum</span> <span class='ocrx_word' id='word_1_89' title='bbox 546 1474 704 1541; x_wconf 78' lang='lat' dir='ltr'>Liciniam</span> <span class='ocrx_word' id='word_1_90' title='bbox 720 1477 826 1564; x_wconf 84' lang='lat' dir='ltr'>legem</span> <span class='ocrx_word' id='word_1_91' title='bbox 842 1475 1040 1555; x_wconf 81' lang='lat' dir='ltr'>haberentur,</span> 
     </span>
     <span class='ocr_line' id='line_1_14' title="bbox 77 1568 1042 1658; baseline 0 -23"><span class='ocrx_word' id='word_1_92' title='bbox 77 1578 165 1635; x_wconf 87' lang='lat' dir='ltr'>atore</span> <span class='ocrx_word' id='word_1_93' title='bbox 188 1568 345 1634; x_wconf 86' lang='lat' dir='ltr'>obstinato</span> <span class='ocrx_word' id='word_1_94' title='bbox 368 1568 475 1634; x_wconf 89' lang='lat' dir='ltr'>tollere</span> <span class='ocrx_word' id='word_1_95' title='bbox 496 1570 601 1657; x_wconf 90' lang='lat' dir='ltr'>potius</span> <span class='ocrx_word' id='word_1_96' title='bbox 619 1579 720 1636; x_wconf 85' lang='lat' dir='ltr'>totum</span> <span class='ocrx_word' id='word_1_97' title='bbox 738 1571 950 1658; x_wconf 85' lang='lat' dir='ltr'>erepublica</span> <span class='ocrx_word' id='word_1_98' title='bbox 968 1593 1042 1636; x_wconf 90' lang='lat' dir='ltr'>eon-</span> 
     </span>
     <span class='ocr_line' id='line_1_15' title="bbox 77 1663 1074 1753; baseline -0.002 -23"><span class='ocrx_word' id='word_1_99' title='bbox 77 1674 152 1730; x_wconf 81' lang='lat' dir='ltr'>tum</span> <span class='ocrx_word' id='word_1_100' title='bbox 171 1685 266 1747; x_wconf 89' lang='lat' dir='ltr'>quam</span> <span class='ocrx_word' id='word_1_101' title='bbox 283 1663 475 1749; x_wconf 90' lang='lat' dir='ltr'>promiscum</span> <span class='ocrx_word' id='word_1_102' title='bbox 491 1664 633 1750; x_wconf 72' lang='lat' dir='ltr'>patribus</span> <span class='ocrx_word' id='word_1_103' title='bbox 656 1686 693 1730; x_wconf 87' lang='lat' dir='ltr'>ac</span> <span class='ocrx_word' id='word_1_104' title='bbox 713 1665 799 1753; x_wconf 89' lang='lat' dir='ltr'>plebi</span> <span class='ocrx_word' id='word_1_105' title='bbox 821 1665 934 1732; x_wconf 86' lang='lat' dir='ltr'>facere.</span> <span class='ocrx_word' id='word_1_106' title='bbox 969 1682 1074 1751; x_wconf 82' lang='lat' dir='ltr'>pro-2</span> 
     </span>
     <span class='ocr_line' id='line_1_16' title="bbox 77 1756 1040 1848; baseline 0.001 -26"><span class='ocrx_word' id='word_1_107' title='bbox 77 1758 148 1823; x_wconf 85' lang='lat' dir='ltr'>ndis</span> <span class='ocrx_word' id='word_1_108' title='bbox 175 1758 272 1845; x_wconf 84' lang='lat' dir='ltr'>igitur</span> <span class='ocrx_word' id='word_1_109' title='bbox 297 1758 430 1823; x_wconf 89' lang='lat' dir='ltr'>comitiis</span> <span class='ocrx_word' id='word_1_110' title='bbox 457 1780 529 1823; x_wconf 92' lang='lat' dir='ltr'>cum</span> <span class='ocrx_word' id='word_1_111' title='bbox 551 1756 683 1824; x_wconf 84' lang='lat' dir='ltr'>dictator</span> <span class='ocrx_word' id='word_1_112' title='bbox 703 1760 890 1848; x_wconf 87' lang='lat' dir='ltr'>magistratu</span> <span class='ocrx_word' id='word_1_113' title='bbox 911 1758 1040 1837; x_wconf 85' lang='lat' dir='ltr'>abisset,</span> 
     </span>
     <span class='ocr_line' id='line_1_17' title="bbox 80 1851 1073 1941; baseline -0.002 -22"><span class='ocrx_word' id='word_1_114' title='bbox 80 1853 123 1919; x_wconf 88' lang='lat' dir='ltr'>ad</span> <span class='ocrx_word' id='word_1_115' title='bbox 139 1853 353 1940; x_wconf 71' lang='lat' dir='ltr'>interregnum</span> <span class='ocrx_word' id='word_1_116' title='bbox 371 1852 471 1917; x_wconf 87' lang='lat' dir='ltr'>rediit.</span> <span class='ocrx_word' id='word_1_117' title='bbox 503 1852 651 1920; x_wconf 79' lang='lat' dir='ltr'>infestam</span> <span class='ocrx_word' id='word_1_118' title='bbox 667 1853 740 1919; x_wconf 89' lang='lat' dir='ltr'>inde</span> <span class='ocrx_word' id='word_1_119' title='bbox 757 1853 899 1941; x_wconf 85' lang='lat' dir='ltr'>patribus</span> <span class='ocrx_word' id='word_1_120' title='bbox 915 1851 1042 1940; x_wconf 86' lang='lat' dir='ltr'>plebem</span> <span class='ocrx_word' id='word_1_121' title='bbox 1067 1875 1073 1887; x_wconf 73' lang='lat'><strong><em>¹</em></strong></span> 
     </span>
     <span class='ocr_line' id='line_1_18' title="bbox 77 1947 1041 2036; baseline -0.001 -23"><span class='ocrx_word' id='word_1_122' title='bbox 77 1969 187 2034; x_wconf 86' lang='lat' dir='ltr'>rreges</span> <span class='ocrx_word' id='word_1_123' title='bbox 206 1969 278 2012; x_wconf 89' lang='lat' dir='ltr'>cum</span> <span class='ocrx_word' id='word_1_124' title='bbox 295 1948 504 2033; x_wconf 84' lang='lat' dir='ltr'>accepissent,</span> <span class='ocrx_word' id='word_1_125' title='bbox 524 1949 564 2014; x_wconf 86' lang='lat' dir='ltr'>ad</span> <span class='ocrx_word' id='word_1_126' title='bbox 577 1947 778 2015; x_wconf 88' lang='lat' dir='ltr'>undecimum</span> <span class='ocrx_word' id='word_1_127' title='bbox 790 1948 978 2036; x_wconf 84' lang='lat' dir='ltr'>interregem</span> <span class='ocrx_word' id='word_1_128' title='bbox 992 1968 1041 2013; x_wconf 90' lang='lat' dir='ltr'>se·</span> 
     </span>
     <span class='ocr_line' id='line_1_19' title="bbox 77 2041 1075 2129; baseline 0.002 -22"><span class='ocrx_word' id='word_1_129' title='bbox 77 2041 185 2107; x_wconf 85' lang='lat' dir='ltr'>&gt;nibus</span> <span class='ocrx_word' id='word_1_130' title='bbox 205 2049 356 2106; x_wconf 84' lang='lat' dir='ltr'>certatum</span> <span class='ocrx_word' id='word_1_131' title='bbox 374 2049 430 2106; x_wconf 89' lang='lat' dir='ltr'>est.</span> <span class='ocrx_word' id='word_1_132' title='bbox 457 2041 537 2128; x_wconf 88' lang='lat' dir='ltr'>legis</span> <span class='ocrx_word' id='word_1_133' title='bbox 546 2041 690 2108; x_wconf 86' lang='lat' dir='ltr'>Liciniae</span> <span class='ocrx_word' id='word_1_134' title='bbox 703 2042 911 2129; x_wconf 86' lang='lat' dir='ltr'>patrocinium</span> <span class='ocrx_word' id='word_1_135' title='bbox 923 2041 1041 2108; x_wconf 81' lang='lat' dir='ltr'>tribuni</span> <span class='ocrx_word' id='word_1_136' title='bbox 1060 2062 1075 2109; x_wconf 82' lang='lat'><strong>3</strong></span> 
     </span>
     <span class='ocr_line' id='line_1_20' title="bbox 77 2134 1043 2224; baseline -0.001 -21"><span class='ocrx_word' id='word_1_137' title='bbox 77 2135 186 2216; x_wconf 81' lang='lat' dir='ltr'>abant3</span> <span class='ocrx_word' id='word_1_138' title='bbox 206 2136 334 2221; x_wconf 86' lang='lat' dir='ltr'>propior</span> <span class='ocrx_word' id='word_1_139' title='bbox 351 2134 440 2202; x_wconf 87' lang='lat' dir='ltr'>dolor</span> <span class='ocrx_word' id='word_1_140' title='bbox 455 2136 540 2222; x_wconf 90' lang='lat' dir='ltr'>plebi</span> <span class='ocrx_word' id='word_1_141' title='bbox 558 2137 695 2203; x_wconf 88' lang='lat' dir='ltr'>faenoris</span> <span class='ocrx_word' id='word_1_142' title='bbox 710 2137 958 2224; x_wconf 76' lang='lat' dir='ltr'>ing-rarescentis</span> <span class='ocrx_word' id='word_1_143' title='bbox 976 2145 1043 2202; x_wconf 87' lang='lat' dir='ltr'>erat</span> 
     </span>
     <span class='ocr_line' id='line_1_21' title="bbox 77 2229 1040 2316; baseline -0.004 -20"><span class='ocrx_word' id='word_1_144' title='bbox 77 2252 170 2316; x_wconf 78' lang='lat' dir='ltr'>reque</span> <span class='ocrx_word' id='word_1_145' title='bbox 191 2231 332 2314; x_wconf 78' lang='lat' dir='ltr'>privatae</span> <span class='ocrx_word' id='word_1_146' title='bbox 357 2230 391 2294; x_wconf 89' lang='lat' dir='ltr'>in</span> <span class='ocrx_word' id='word_1_147' title='bbox 417 2230 638 2296; x_wconf 88' lang='lat' dir='ltr'>certaminibus</span> <span class='ocrx_word' id='word_1_148' title='bbox 663 2229 798 2316; x_wconf 89' lang='lat' dir='ltr'>publicis</span> <span class='ocrx_word' id='word_1_149' title='bbox 826 2230 1040 2316; x_wconf 85' lang='lat' dir='ltr'>erumpebant.</span> 
     </span>
     <span class='ocr_line' id='line_1_22' title="bbox 77 2321 1076 2410; baseline 0 -20"><span class='ocrx_word' id='word_1_150' title='bbox 77 2346 148 2390; x_wconf 87' lang='lat' dir='ltr'>rum</span> <span class='ocrx_word' id='word_1_151' title='bbox 166 2325 270 2390; x_wconf 84' lang='lat' dir='ltr'>taedio</span> <span class='ocrx_word' id='word_1_152' title='bbox 287 2333 391 2410; x_wconf 90' lang='lat' dir='ltr'>patres</span> <span class='ocrx_word' id='word_1_153' title='bbox 404 2324 446 2390; x_wconf 90' lang='lat' dir='ltr'>L.</span> <span class='ocrx_word' id='word_1_154' title='bbox 458 2322 640 2390; x_wconf 87' lang='lat' dir='ltr'>Cornelium</span> <span class='ocrx_word' id='word_1_155' title='bbox 655 2321 836 2410; x_wconf 84' lang='lat' dir='ltr'>Scipionem</span> <span class='ocrx_word' id='word_1_156' title='bbox 853 2325 1041 2410; x_wconf 82' lang='lat' dir='ltr'>interregem</span> <span class='ocrx_word' id='word_1_157' title='bbox 1059 2343 1076 2390; x_wconf 83' lang='lat'>4</span> 
     </span>
     <span class='ocr_line' id='line_1_23' title="bbox 77 2416 1041 2505; baseline -0.004 -20"><span class='ocrx_word' id='word_1_158' title='bbox 77 2419 199 2485; x_wconf 84' lang='lat' dir='ltr'>cordiae</span> <span class='ocrx_word' id='word_1_159' title='bbox 218 2441 314 2485; x_wconf 89' lang='lat' dir='ltr'>causa</span> <span class='ocrx_word' id='word_1_160' title='bbox 332 2419 498 2484; x_wconf 88' lang='lat' dir='ltr'>observare</span> <span class='ocrx_word' id='word_1_161' title='bbox 514 2416 619 2505; x_wconf 88' lang='lat' dir='ltr'>legem</span> <span class='ocrx_word' id='word_1_162' title='bbox 637 2417 795 2483; x_wconf 86' lang='lat' dir='ltr'>Liciniam</span> <span class='ocrx_word' id='word_1_163' title='bbox 813 2418 948 2484; x_wconf 77' lang='lat' dir='ltr'>comitfis</span> <span class='ocrx_word' id='word_1_164' title='bbox 966 2439 1041 2482; x_wconf 89' lang='lat' dir='ltr'>con-</span> 
     </span>
     <span class='ocr_line' id='line_1_24' title="bbox 77 2510 1099 2598; baseline -0.003 -18"><span class='ocrx_word' id='word_1_165' title='bbox 77 2511 171 2580; x_wconf 80' lang='lat' dir='ltr'>uibus</span> <span class='ocrx_word' id='word_1_166' title='bbox 193 2513 322 2578; x_wconf 89' lang='lat' dir='ltr'>iussere.</span> <span class='ocrx_word' id='word_1_167' title='bbox 367 2511 405 2578; x_wconf 86' lang='lat' dir='ltr'>P.</span> <span class='ocrx_word' id='word_1_168' title='bbox 428 2511 556 2578; x_wconf 89' lang='lat' dir='ltr'>Valerio</span> <span class='ocrx_word' id='word_1_169' title='bbox 577 2510 759 2578; x_wconf 90' lang='lat' dir='ltr'>Publicolae</span> <span class='ocrx_word' id='word_1_170' title='bbox 785 2512 877 2578; x_wconf 85' lang='lat' dir='ltr'>datus</span> <span class='ocrx_word' id='word_1_171' title='bbox 904 2533 923 2578; x_wconf 89' lang='lat' dir='ltr'>e</span> <span class='ocrx_word' id='word_1_172' title='bbox 948 2510 1041 2598; x_wconf 90' lang='lat' dir='ltr'>plebe</span> <span class='ocrx_word' id='word_1_173' title='bbox 1095 2531 1099 2539; x_wconf 92' lang='lat'>·</span> 
     </span>
     <span class='ocr_line' id='line_1_25' title="bbox 77 2605 1074 2696; baseline -0.004 -22"><span class='ocrx_word' id='word_1_174' title='bbox 77 2630 136 2696; x_wconf 87' lang='lat' dir='ltr'>ega</span> <span class='ocrx_word' id='word_1_175' title='bbox 150 2605 188 2674; x_wconf 80' lang='lat' dir='ltr'>O.</span> <span class='ocrx_word' id='word_1_176' title='bbox 198 2605 339 2673; x_wconf 86' lang='lat' dir='ltr'>Marcius</span> <span class='ocrx_word' id='word_1_177' title='bbox 352 2605 489 2674; x_wconf 85' lang='lat' dir='ltr'>Rutilus.</span> <span class='ocrx_word' id='word_1_178' title='bbox 516 2605 672 2672; x_wconf 85' lang='lat' dir='ltr'>inclinatis</span> <span class='ocrx_word' id='word_1_179' title='bbox 686 2606 784 2673; x_wconf 89' lang='lat' dir='ltr'>semel</span> <span class='ocrx_word' id='word_1_180' title='bbox 795 2607 829 2671; x_wconf 90' lang='lat' dir='ltr'>in</span> <span class='ocrx_word' id='word_1_181' title='bbox 843 2605 1040 2672; x_wconf 84' lang='lat' dir='ltr'>concordiam</span> <span class='ocrx_word' id='word_1_182' title='bbox 1059 2622 1074 2670; x_wconf 86' lang='lat'><strong>5</strong></span> 
     </span>
     <span class='ocr_line' id='line_1_26' title="bbox 77 2700 1086 2788; baseline -0.002 -20"><span class='ocrx_word' id='word_1_183' title='bbox 77 2703 125 2768; x_wconf 86' lang='lat' dir='ltr'>nis</span> <span class='ocrx_word' id='word_1_184' title='bbox 140 2701 214 2767; x_wconf 91' lang='lat' dir='ltr'>novi</span> <span class='ocrx_word' id='word_1_185' title='bbox 227 2702 370 2767; x_wconf 88' lang='lat' dir='ltr'>eonsules</span> <span class='ocrx_word' id='word_1_186' title='bbox 379 2701 560 2768; x_wconf 86' lang='lat' dir='ltr'>faenebrem</span> <span class='ocrx_word' id='word_1_187' title='bbox 569 2724 694 2788; x_wconf 87' lang='lat' dir='ltr'>quoque</span> <span class='ocrx_word' id='word_1_188' title='bbox 707 2723 783 2783; x_wconf 89' lang='lat' dir='ltr'>rem,</span> <span class='ocrx_word' id='word_1_189' title='bbox 798 2723 879 2788; x_wconf 83' lang='lat' dir='ltr'>quae</span> <span class='ocrx_word' id='word_1_190' title='bbox 892 2700 1041 2767; x_wconf 78' lang='lat' dir='ltr'>distinere</span> <span class='ocrx_word' id='word_1_191' title='bbox 1084 2724 1086 2729; x_wconf 91' lang='lat'>·</span> 
     </span>
     <span class='ocr_line' id='line_1_27' title="bbox 77 2794 1040 2887; baseline -0.003 -25"><span class='ocrx_word' id='word_1_192' title='bbox 77 2797 179 2862; x_wconf 87' lang='lat' dir='ltr'>nimos</span> <span class='ocrx_word' id='word_1_193' title='bbox 195 2794 367 2874; x_wconf 88' lang='lat' dir='ltr'>videbatur,</span> <span class='ocrx_word' id='word_1_194' title='bbox 380 2795 485 2862; x_wconf 83' lang='lat' dir='ltr'>levare</span> <span class='ocrx_word' id='word_1_195' title='bbox 499 2796 641 2887; x_wconf 82' lang='lat' dir='ltr'>adgressi</span> <span class='ocrx_word' id='word_1_196' title='bbox 654 2797 840 2863; x_wconf 88' lang='lat' dir='ltr'>solutionem</span> <span class='ocrx_word' id='word_1_197' title='bbox 853 2795 948 2863; x_wconf 81' lang='lat' dir='ltr'>alieni</span> <span class='ocrx_word' id='word_1_198' title='bbox 960 2795 1040 2861; x_wconf 85' lang='lat' dir='ltr'>aeris</span> 
     </span>
     <span class='ocr_line' id='line_1_28' title="bbox 77 2889 1040 2977; baseline 0 -21"><span class='ocrx_word' id='word_1_199' title='bbox 77 2889 228 2976; x_wconf 74' lang='lat' dir='ltr'>&gt;abdicem</span> <span class='ocrx_word' id='word_1_200' title='bbox 250 2911 358 2955; x_wconf 88' lang='lat' dir='ltr'>curam</span> <span class='ocrx_word' id='word_1_201' title='bbox 383 2900 542 2956; x_wconf 82' lang='lat' dir='ltr'>verterunt</span> <span class='ocrx_word' id='word_1_202' title='bbox 567 2890 781 2977; x_wconf 84' lang='lat' dir='ltr'>quinqueviris</span> <span class='ocrx_word' id='word_1_203' title='bbox 808 2891 933 2970; x_wconf 86' lang='lat' dir='ltr'>creatis,</span> <span class='ocrx_word' id='word_1_204' title='bbox 960 2910 1040 2975; x_wconf 87' lang='lat' dir='ltr'>quos</span> 
     </span>
     <span class='ocr_line' id='line_1_29' title="bbox 77 2983 1074 3073; baseline -0.003 -21"><span class='ocrx_word' id='word_1_205' title='bbox 77 2984 187 3052; x_wconf 66' lang='lat' dir='ltr'>»serios</span> <span class='ocrx_word' id='word_1_206' title='bbox 201 2983 246 3051; x_wconf 88' lang='lat' dir='ltr'>ab</span> <span class='ocrx_word' id='word_1_207' title='bbox 264 2983 496 3072; x_wconf 86' lang='lat' dir='ltr'>dispensatione</span> <span class='ocrx_word' id='word_1_208' title='bbox 514 2987 666 3072; x_wconf 90' lang='lat' dir='ltr'>pecuniae</span> <span class='ocrx_word' id='word_1_209' title='bbox 688 2985 893 3073; x_wconf 87' lang='lat' dir='ltr'>appellarunt.</span> <span class='ocrx_word' id='word_1_210' title='bbox 939 2984 1041 3049; x_wconf 91' lang='lat' dir='ltr'>meriti</span> <span class='ocrx_word' id='word_1_211' title='bbox 1059 3001 1074 3049; x_wconf 83' lang='grc'><strong>6</strong></span> 
     </span>
     <span class='ocr_line' id='line_1_30' title="bbox 77 3080 1041 3169; baseline -0.006 -22"><span class='ocrx_word' id='word_1_212' title='bbox 77 3080 169 3147; x_wconf 79' lang='lat' dir='ltr'>ritate</span> <span class='ocrx_word' id='word_1_213' title='bbox 193 3100 329 3165; x_wconf 87' lang='lat' dir='ltr'>curaque</span> <span class='ocrx_word' id='word_1_214' title='bbox 353 3090 438 3160; x_wconf 91' lang='lat' dir='ltr'>sunt,</span> <span class='ocrx_word' id='word_1_215' title='bbox 465 3091 501 3145; x_wconf 91' lang='lat' dir='ltr'>ut</span> <span class='ocrx_word' id='word_1_216' title='bbox 520 3103 578 3169; x_wconf 89' lang='lat' dir='ltr'>per</span> <span class='ocrx_word' id='word_1_217' title='bbox 596 3080 736 3146; x_wconf 90' lang='lat' dir='ltr'>omnium</span> <span class='ocrx_word' id='word_1_218' title='bbox 753 3080 912 3145; x_wconf 86' lang='lat' dir='ltr'>annalium</span> <span class='ocrx_word' id='word_1_219' title='bbox 929 3100 1041 3143; x_wconf 89' lang='lat' dir='ltr'>monu-</span> 
     </span>
     <span class='ocr_line' id='line_1_31' title="bbox 77 3170 1038 3249; baseline -0.003 -10"><span class='ocrx_word' id='word_1_220' title='bbox 77 3183 120 3240; x_wconf 64' lang='grc' dir='ltr'>ιω</span> <span class='ocrx_word' id='word_1_221' title='bbox 130 3171 270 3241; x_wconf 87' lang='lat' dir='ltr'>celebres</span> <span class='ocrx_word' id='word_1_222' title='bbox 284 3174 464 3240; x_wconf 89' lang='lat' dir='ltr'>nominibus</span> <span class='ocrx_word' id='word_1_223' title='bbox 478 3184 592 3241; x_wconf 88' lang='lat' dir='ltr'>essent.</span> <span class='ocrx_word' id='word_1_224' title='bbox 615 3174 704 3240; x_wconf 75' lang='lat' dir='ltr'>suere</span> <span class='ocrx_word' id='word_1_225' title='bbox 717 3183 823 3240; x_wconf 85' lang='lat' dir='ltr'>autem</span> <span class='ocrx_word' id='word_1_226' title='bbox 833 3170 871 3238; x_wconf 88' lang='lat' dir='ltr'>C.</span> <span class='ocrx_word' id='word_1_227' title='bbox 880 3171 1038 3249; x_wconf 87' lang='lat' dir='ltr'>Duellius,</span> 
     </span>
     <span class='ocr_line' id='line_1_32' title="bbox 77 3264 1038 3356; baseline -0.007 -20"><span class='ocrx_word' id='word_1_228' title='bbox 77 3264 186 3336; x_wconf 68' lang='lat' dir='ltr'>&gt;eolus</span> <span class='ocrx_word' id='word_1_229' title='bbox 198 3266 291 3348; x_wconf 88' lang='lat' dir='ltr'>Mus,</span> <span class='ocrx_word' id='word_1_230' title='bbox 309 3267 357 3335; x_wconf 89' lang='lat' dir='ltr'>M.</span> <span class='ocrx_word' id='word_1_231' title='bbox 371 3268 532 3356; x_wconf 82' lang='lat' dir='ltr'>Papirius,</span> <span class='ocrx_word' id='word_1_232' title='bbox 552 3268 593 3353; x_wconf 82' lang='lat' dir='ltr'>Q.</span> <span class='ocrx_word' id='word_1_233' title='bbox 607 3267 762 3335; x_wconf 91' lang='lat' dir='ltr'>Publilius</span> <span class='ocrx_word' id='word_1_234' title='bbox 777 3275 808 3332; x_wconf 91' lang='lat' dir='ltr'>et</span> <span class='ocrx_word' id='word_1_235' title='bbox 821 3265 861 3331; x_wconf 89' lang='grc' dir='ltr'>Τ.</span> <span class='ocrx_word' id='word_1_236' title='bbox 871 3264 1038 3345; x_wconf 88' lang='lat' dir='ltr'>Aemilius,</span> 
     </span>
     <span class='ocr_line' id='line_1_33' title="bbox 84 3359 1072 3450; baseline -0.007 -19"><span class='ocrx_word' id='word_1_237' title='bbox 84 3382 156 3430; x_wconf 79' lang='lat' dir='ltr'>rem</span> <span class='ocrx_word' id='word_1_238' title='bbox 173 3360 391 3430; x_wconf 83' lang='lat' dir='ltr'>difficillimam</span> <span class='ocrx_word' id='word_1_239' title='bbox 409 3373 541 3430; x_wconf 85' lang='lat' dir='ltr'>tractatu</span> <span class='ocrx_word' id='word_1_240' title='bbox 559 3374 591 3442; x_wconf 84' lang='lat' dir='ltr'>et</span> <span class='ocrx_word' id='word_1_241' title='bbox 606 3363 790 3450; x_wconf 90' lang='lat' dir='ltr'>plerumque</span> <span class='ocrx_word' id='word_1_242' title='bbox 807 3360 889 3447; x_wconf 86' lang='lat' dir='ltr'>parti</span> <span class='ocrx_word' id='word_1_243' title='bbox 904 3359 1038 3445; x_wconf 89' lang='lat' dir='ltr'>utrique,</span> <span class='ocrx_word' id='word_1_244' title='bbox 1058 3375 1072 3422; x_wconf 80' lang='grc'><strong>7</strong></span> 
     </span>
     <span class='ocr_line' id='line_1_34' title="bbox 77 3455 1040 3547; baseline -0.005 -23"><span class='ocrx_word' id='word_1_245' title='bbox 77 3467 238 3547; x_wconf 80' lang='lat' dir='ltr'>percerte</span> <span class='ocrx_word' id='word_1_246' title='bbox 256 3458 344 3524; x_wconf 80' lang='lat' dir='ltr'>alteri</span> <span class='ocrx_word' id='word_1_247' title='bbox 361 3479 491 3546; x_wconf 88' lang='lat' dir='ltr'>gravem</span> <span class='ocrx_word' id='word_1_248' title='bbox 509 3480 581 3523; x_wconf 85' lang='lat' dir='ltr'>cunr</span> <span class='ocrx_word' id='word_1_249' title='bbox 599 3457 660 3522; x_wconf 90' lang='lat' dir='ltr'>alia</span> <span class='ocrx_word' id='word_1_250' title='bbox 677 3455 889 3522; x_wconf 86' lang='lat' dir='ltr'>moderatione</span> <span class='ocrx_word' id='word_1_251' title='bbox 907 3463 974 3520; x_wconf 89' lang='lat' dir='ltr'>tum</span> <span class='ocrx_word' id='word_1_252' title='bbox 991 3455 1040 3519; x_wconf 91' lang='lat' dir='ltr'>in-</span> 
     </span>
     <span class='ocr_line' id='line_1_35' title="bbox 77 3549 1072 3642; baseline -0.007 -22"><span class='ocrx_word' id='word_1_253' title='bbox 77 3554 128 3620; x_wconf 87' lang='lat' dir='ltr'>dio</span> <span class='ocrx_word' id='word_1_254' title='bbox 149 3552 253 3642; x_wconf 86' lang='lat' dir='ltr'>magis</span> <span class='ocrx_word' id='word_1_255' title='bbox 272 3552 402 3640; x_wconf 83' lang='lat' dir='ltr'>publico</span> <span class='ocrx_word' id='word_1_256' title='bbox 424 3574 519 3638; x_wconf 89' lang='lat' dir='ltr'>quam</span> <span class='ocrx_word' id='word_1_257' title='bbox 541 3552 661 3618; x_wconf 86' lang='lat' dir='ltr'>iactura</span> <span class='ocrx_word' id='word_1_258' title='bbox 682 3551 905 3617; x_wconf 76' lang='lat' dir='ltr'>sustinuertmt.</span> <span class='ocrx_word' id='word_1_259' title='bbox 949 3549 1038 3616; x_wconf 80' lang='lat' dir='ltr'>tarda</span> <span class='ocrx_word' id='word_1_260' title='bbox 1056 3560 1072 3610; x_wconf 90' lang='lat'>8</span> 
     </span>
     <span class='ocr_line' id='line_1_36' title="bbox 77 3643 1040 3736; baseline -0.006 -21"><span class='ocrx_word' id='word_1_261' title='bbox 77 3647 237 3716; x_wconf 84' lang='lat' dir='ltr'>nnumina</span> <span class='ocrx_word' id='word_1_262' title='bbox 245 3657 276 3714; x_wconf 86' lang='lat' dir='ltr'>et</span> <span class='ocrx_word' id='word_1_263' title='bbox 283 3646 468 3736; x_wconf 82' lang='lat' dir='ltr'>inpeditiora</span> <span class='ocrx_word' id='word_1_264' title='bbox 477 3647 587 3714; x_wconf 87' lang='lat' dir='ltr'>inertia</span> <span class='ocrx_word' id='word_1_265' title='bbox 595 3645 770 3713; x_wconf 87' lang='lat' dir='ltr'>debitorum</span> <span class='ocrx_word' id='word_1_266' title='bbox 780 3666 875 3731; x_wconf 89' lang='lat' dir='ltr'>quam</span> <span class='ocrx_word' id='word_1_267' title='bbox 883 3643 1040 3711; x_wconf 85' lang='lat' dir='ltr'>facultati-</span> 
     </span>
     <span class='ocr_line' id='line_1_37' title="bbox 88 3738 1045 3828; baseline -0.007 -19"><span class='ocrx_word' id='word_1_268' title='bbox 88 3742 315 3810; x_wconf 80' lang='lat' dir='ltr'>autaerarium</span> <span class='ocrx_word' id='word_1_269' title='bbox 329 3742 447 3808; x_wconf 86' lang='lat' dir='ltr'>mensis</span> <span class='ocrx_word' id='word_1_270' title='bbox 461 3763 535 3808; x_wconf 90' lang='lat' dir='ltr'>cum</span> <span class='ocrx_word' id='word_1_271' title='bbox 548 3763 619 3808; x_wconf 89' lang='lat' dir='ltr'>aere</span> <span class='ocrx_word' id='word_1_272' title='bbox 630 3741 666 3806; x_wconf 91' lang='lat' dir='ltr'>in</span> <span class='ocrx_word' id='word_1_273' title='bbox 677 3741 747 3806; x_wconf 80' lang='lat' dir='ltr'>foro</span> <span class='ocrx_word' id='word_1_274' title='bbox 760 3739 871 3828; x_wconf 87' lang='lat' dir='ltr'>positis</span> <span class='ocrx_word' id='word_1_275' title='bbox 885 3738 1045 3815; x_wconf 68' lang='lat' dir='ltr'>desolat,</span> 
     </span>
     <span class='ocr_line' id='line_1_38' title="bbox 77 3829 1138 3929; baseline -0.008 -26"><span class='ocrx_word' id='word_1_276' title='bbox 77 3835 178 3929; x_wconf 85' lang='lat' dir='ltr'>opolo</span> <span class='ocrx_word' id='word_1_277' title='bbox 190 3835 277 3923; x_wconf 84' lang='lat' dir='ltr'>prius</span> <span class='ocrx_word' id='word_1_278' title='bbox 291 3838 461 3916; x_wconf 79' lang='lat' dir='ltr'>caveretm,</span> <span class='ocrx_word' id='word_1_279' title='bbox 480 3845 535 3902; x_wconf 80' lang='lat' dir='ltr'>aut</span> <span class='ocrx_word' id='word_1_280' title='bbox 547 3835 721 3902; x_wconf 84' lang='lat' dir='ltr'>aestimatio</span> <span class='ocrx_word' id='word_1_281' title='bbox 734 3834 843 3920; x_wconf 81' lang='lat' dir='ltr'>eequis</span> <span class='ocrx_word' id='word_1_282' title='bbox 856 3852 1039 3917; x_wconf 82' lang='lat' dir='ltr'>rerumpre-</span> <span class='ocrx_word' id='word_1_283' title='bbox 1136 3829 1138 3832; x_wconf 73' lang='grc'>’</span> 
     </span>
     <span class='ocr_line' id='line_1_39' title="bbox 77 3925 1038 4011; baseline -0.012 -10"><span class='ocrx_word' id='word_1_284' title='bbox 77 3932 233 4010; x_wconf 78' lang='lat' dir='ltr'>liberavit,</span> <span class='ocrx_word' id='word_1_285' title='bbox 246 3940 282 3998; x_wconf 89' lang='lat' dir='ltr'>ut</span> <span class='ocrx_word' id='word_1_286' title='bbox 293 3954 358 4008; x_wconf 85' lang='lat' dir='ltr'>non</span> <span class='ocrx_word' id='word_1_287' title='bbox 370 3930 463 3998; x_wconf 89' lang='lat' dir='ltr'>modo</span> <span class='ocrx_word' id='word_1_288' title='bbox 478 3931 545 3998; x_wconf 88' lang='lat' dir='ltr'>sine</span> <span class='ocrx_word' id='word_1_289' title='bbox 552 3931 675 4010; x_wconf 86' lang='lat' dir='ltr'>iniuria,</span> <span class='ocrx_word' id='word_1_290' title='bbox 686 3931 746 3997; x_wconf 87' lang='lat' dir='ltr'>sed</span> <span class='ocrx_word' id='word_1_291' title='bbox 755 3931 848 3996; x_wconf 88' lang='lat' dir='ltr'>etiam</span> <span class='ocrx_word' id='word_1_292' title='bbox 859 3929 926 3993; x_wconf 88' lang='lat' dir='ltr'>sine</span> <span class='ocrx_word' id='word_1_293' title='bbox 935 3925 1038 4011; x_wconf 90' lang='lat' dir='ltr'>queri-</span> 
     </span>
     <span class='ocr_line' id='line_1_40' title="bbox 77 4019 1035 4118; baseline -0.011 -23"><span class='ocrx_word' id='word_1_294' title='bbox 77 4024 123 4094; x_wconf 76' lang='lat' dir='ltr'>tis</span> <span class='ocrx_word' id='word_1_295' title='bbox 135 4024 238 4118; x_wconf 79' lang='lat' dir='ltr'>partis</span> <span class='ocrx_word' id='word_1_296' title='bbox 250 4027 412 4114; x_wconf 87' lang='lat' dir='ltr'>utriusque</span> <span class='ocrx_word' id='word_1_297' title='bbox 425 4024 578 4094; x_wconf 75' lang='lat' dir='ltr'>erlhausta</span> <span class='ocrx_word' id='word_1_298' title='bbox 587 4027 638 4092; x_wconf 78' lang='lat' dir='ltr'>vis</span> <span class='ocrx_word' id='word_1_299' title='bbox 651 4027 763 4112; x_wconf 86' lang='lat' dir='ltr'>ingens</span> <span class='ocrx_word' id='word_1_300' title='bbox 777 4024 857 4090; x_wconf 85' lang='lat' dir='ltr'>aeris</span> <span class='ocrx_word' id='word_1_301' title='bbox 875 4019 968 4088; x_wconf 88' lang='lat' dir='ltr'>alieni</span> <span class='ocrx_word' id='word_1_302' title='bbox 986 4019 1035 4086; x_wconf 81' lang='lat' dir='ltr'>sit.</span> 
     </span>
     <span class='ocr_line' id='line_1_41' title="bbox 816 4121 869 4177; baseline 0 -23"><span class='ocrx_word' id='word_1_303' title='bbox 816 4121 869 4177; x_wconf 62' lang='lat'>242</span> 
     </span>
    </p>
   </div>
   <div class='ocr_carea' id='block_1_3' title="bbox 0 0 1288 4524">
    <p class='ocr_par' dir='ltr' id='par_1_3' title="bbox 0 0 1288 4524">
     <span class='ocr_line' id='line_1_42' title="bbox 0 0 1288 4524; baseline 0 0"><span class='ocrx_word' id='word_1_304' title='bbox 0 0 1288 4524; x_wconf 95' lang='lat' dir='ltr'> </span> 
     </span>
    </p>
   </div>
  </div>
 </body>
</html>
