2566 4524
132 255 197 323 378
341 264 459 321 LIBER
475 263 545 336 VII,
563 263 606 321 27.
619 264 662 320 28.
684 262 953 336 [auam-411]

133 449 206 493 cum
228 447 344 491 corona
359 423 494 489 militum
512 422 614 489 cincta
630 423 695 488 iam
712 422 805 489 scalis
825 432 991 509 caperetur
1006 422 1136 505 urbe,cd

133 529 279 604 quattuor
291 517 378 584 milia
389 516 523 583 militum
535 527 659 604 practer
674 515 909 583 multitudinem
924 517 1070 587 inbellem
1083 541 1134 587 cese

96 615 289 683 adedidere.
334 611 485 699 oppidum
507 611 645 677 dirutum
667 621 761 696 atque
782 612 949 679 incensum
964 650 1008 665 ·-
1025 613 1064 681 ab
1079 613 1135 680 aede
1173 612 1176 655 ἕ

132 719 255 774 tantum
271 707 379 773 matris
397 705 540 772 Matutae
558 706 736 773 abstinuere
753 706 860 794 ignom
877 744 936 786 -,
959 708 1075 795 praeda
1087 731 1135 774 cn·

132 803 182 867 nis
205 800 296 866 militi
317 801 400 866 data.
445 809 534 866 extra
550 801 700 886 praedam
717 810 864 885 quattuor
880 801 969 870 milia
981 802 1136 873 deditorum

133 895 255 974 habita3
282 917 336 963 eos
358 895 481 960 vinctos
504 894 615 960 consul
636 903 709 960 ante
727 916 852 961 currum
870 895 1065 982 triumphans
1078 895 1134 982 egit,
1163 924 1168 955 ι

132 989 267 1056 venditis
293 989 406 1055 deinde
433 1011 580 1074 magnam
605 988 771 1074 pecuniam
796 989 831 1054 in
851 990 1010 1055 aerarium
1029 988 1163 1075 redegit·

97 1094 208 1153 asunt
237 1084 292 1169 qui
322 1083 405 1149 hano
429 1082 661 1149 multitudinem
687 1084 844 1168 captivam
871 1105 1037 1151 servorum
1060 1083 1136 1149 iuba

134 1180 285 1259 scribant,
311 1178 407 1264 idque
428 1177 530 1264 magis
552 1178 619 1243 veri
641 1177 742 1244 simile
765 1186 814 1244 est
835 1200 931 1263 quam
958 1179 1078 1246 deditos
1097 1197 1136 1241 ve

133 1296 229 1341 mese.

100 1391 114 1436 1
196 1365 365 1433 XXVIIL
410 1364 482 1432 Hos
500 1364 645 1431 consides
664 1365 764 1431 secuti
781 1375 855 1431 sunt
871 1364 920 1432 Μ.
938 1366 1060 1434 Fabius
1074 1365 1139 1432 Dor·

134 1486 207 1542 suo,
230 1460 299 1529 Ser.
320 1460 480 1548 Sulpicius
499 1459 696 1527 Camerinus.
740 1459 930 1535 Auruncum
951 1463 1028 1529 inde
1044 1462 1141 1529 bellun

98 1577 115 1624 a
134 1556 174 1623 ab
191 1557 354 1643 repentina
374 1556 575 1642 populatione
598 1565 759 1642 coeptum,
787 1566 951 1641 metuque,
978 1580 1020 1623 ne
1041 1558 1073 1623 id
1090 1556 1141 1622 lac·

134 1661 202 1717 tum
222 1650 332 1738 populi
352 1651 459 1729 unius,
483 1650 649 1717 consilium
666 1651 768 1717 omnis
785 1651 920 1717 nominis
938 1653 1050 1719 Latini
1066 1659 1140 1737 esset,

134 1746 267 1812 dictator
287 1745 374 1812 velut
395 1746 546 1811 adversus
569 1754 723 1810 armatum
744 1745 810 1811 iam
830 1745 962 1813 Latium
985 1746 1029 1812 L.
1046 1744 1142 1812 Furius

98 1850 268 1910 screatus.
312 1840 498 1928 magistrum
520 1839 660 1924 equitum
683 1837 742 1904 Cn.
765 1837 924 1905 Manlium
945 1838 1142 1926 Capitolinum

134 1934 222 2001 dixit
267 1943 406 2012 etcum,
432 1934 518 2017 quod
537 1952 595 2018 per
615 1955 748 2020 magnos
771 1933 924 2001 tumultus
947 1933 1020 1999 lieri
1036 1933 1142 2000 solitun

134 2037 214 2106 erat,
248 2027 367 2093 iustitio
392 2027 509 2092 indicto
536 2027 668 2093 dilectus
695 2028 764 2093 sine
789 2027 1011 2095 vacationibus
1036 2026 1141 2095 habuc
1175 2068 1176 2073 κ

134 2133 233 2201 esset,
259 2122 415 2210 legiones,
444 2131 595 2206 quantum
621 2122 770 2189 maturari
793 2123 909 2209 potuit,
936 2123 970 2189 in
992 2122 1140 2191 Aurum

133 2217 255 2284 ductae.
299 2217 345 2283 ibi
369 2218 563 2304 praedonum
589 2217 692 2305 magis
717 2240 813 2303 quam
834 2217 976 2289 hostium
999 2215 1141 2287 anuniin·

98 2312 233 2392 eventi3
255 2312 358 2399 prima
374 2312 479 2396 itaque
497 2312 564 2377 acie
582 2310 772 2377 debellatum
789 2322 846 2378 est.
892 2312 1029 2380 dictator
1047 2323 1139 2386 tamea
1172 2372 1176 2384 ,

133 2407 207 2491 quia
220 2416 251 2472 et
265 2406 344 2473 ultro
357 2406 475 2473 bellum
487 2405 656 2472 intulerant
669 2415 700 2471 et
713 2407 780 2473 sine
798 2406 1026 2473 detractatione
1044 2429 1076 2474 se
1090 2425 1138 2471 cer·
1172 2413 1176 2456 7*

133 2502 243 2567 tamini
261 2501 448 2580 offerebant,
472 2503 601 2568 deorum
618 2523 743 2586 quoque
754 2494 837 2587 'opes
855 2501 1052 2568 adhibendas
1071 2508 1137 2566 ratu
1171 2510 1175 2588 f

132 2598 213 2664 inter
237 2599 339 2684 ipsam
366 2598 597 2663 dimicationem
619 2597 730 2662 aedem
751 2596 865 2662 Iunoni
887 2595 1041 2663 Monetae
1060 2594 1137 2661 vovit:
1169 2604 1176 2661 ’ξ

134 2693 222 2757 cuius
241 2693 407 2758 damnatus
424 2692 490 2757 voti
508 2714 580 2757 cum
602 2690 702 2756 victor
718 2690 855 2756 Romam
876 2693 1070 2770 revertisset,
1090 2687 1136 2753 dio·
1167 2682 1174 2725 ³

98 2795 236 2852 elatura
258 2807 292 2850 se
315 2784 480 2850 abdicavit.
526 2794 652 2851 senatus
675 2785 857 2850 duumviros
884 2785 927 2850 ad
954 2808 1026 2851 eam
1051 2782 1136 2850 aeden

133 2900 190 2964 pro
213 2878 415 2963 amplitudine
436 2879 545 2965 populi
566 2878 702 2945 Romani
725 2878 904 2945 faciendam
931 2881 1032 2945 creari
1054 2875 1135 2951 iussit
1168 2884 1176 2915 '²

133 2973 222 3037 locus
248 2971 282 3036 in
307 2995 378 3039 arce
404 2973 593 3052 destinatus,
625 2995 706 3058 quae
731 2994 805 3038 area
830 2974 959 3038 aedium
985 2973 1035 3039 M.
1058 2964 1135 3038 Mnul'
1167 3038 1169 3045 Α

98 3087 115 3134 e
137 3063 307 3152 Capitolini
328 3067 440 3134 fuerat.
485 3067 630 3134 consules
648 3067 809 3132 dictatoris
827 3067 969 3133 exercitu
987 3069 1029 3134 ad
1045 3064 1134 3134 belum
1170 3108 1175 3147 5

132 3159 286 3227 Volscum
313 3162 363 3228 usi
390 3160 503 3228 Soram
529 3184 570 3227 ex
595 3161 753 3239 hostibus,
788 3159 934 3228 incautos
960 3163 1073 3240 adorti,
1099 3175 1134 3223 ot·
1166 3167 1176 3223 t

155 3265 255 3320 erunt.
1169 3278 1172 3282 ·

131 3277 153 3340 p
196 3348 293 3415 Anno
313 3358 386 3435 post
407 3371 503 3433 quam
524 3358 599 3415 vota
621 3358 687 3415 erat
709 3349 803 3413 aedes
825 3346 980 3425 Monetae
1002 3348 1133 3415 dedicat&
1172 3380 1176 3442 Ι

135 3441 173 3507 Ο.
197 3442 320 3509 Marcio
346 3444 453 3510 Rutilo
480 3444 620 3523 tertium,
648 3442 687 3508 T.
710 3442 832 3509 Manlio
860 3441 1025 3529 Torquato
1048 3443 1133 3508 iterun
1169 3500 1176 3516 ,

98 3537 324 3604 uconsulibus.
367 3539 547 3626 prodigium
573 3537 728 3624 extemplo
755 3537 988 3603 dedicationem
1010 3541 1132 3633 semme»

134 3630 234 3696 simile
254 3641 379 3698 vetusto
397 3633 512 3699 montis
530 3631 649 3698 Albani
665 3631 824 3718 prodigio:
846 3652 986 3717 namque
1004 3639 1035 3696 et
1049 3619 1131 3726 lapid·
1169 3636 1176 3706 1

132 3724 192 3791 bue
213 3725 293 3812 pluit
315 3737 347 3793 et
367 3750 431 3793 nox
447 3726 582 3792 interdiu
599 3726 669 3792 visa
684 3726 819 3804 intendi;
841 3724 996 3812 librisque
1011 3724 1130 3808 trapam

132 3842 204 3885 cum
225 3820 320 3906 plena
340 3821 490 3908 religione
513 3821 623 3886 civitas
645 3830 743 3901 esset,
767 3819 891 3895 senatui
908 3818 1040 3906 placuit,
1059 3811 1128 3879 dia*
1169 3847 1176 3896 ³:

95 3927 231 3980 ctorem
257 3914 406 3980 feriarum
433 3915 720 3982 constituendarum
746 3936 843 3984 causa
873 3913 946 3981 dict
992 3912 1082 3979 dicu
1100 3894 1126 3963 Ρ·
1169 3920 1176 3961 ²

131 4005 278 4076 Valerius
295 4007 474 4089 Publicola,
497 4009 648 4097 magister
669 4008 810 4094 equitum
832 4008 862 4074 ei
880 4005 922 4093 Q.
939 4004 1054 4073 Fabius
1068 3994 1125 4063 A&
1165 4002 1176 4053 ἰ
