2566 4524
266 244 383 299 niusa
400 245 471 317 vu,
488 245 530 300 lo.
550 249 588 314 [a.
599 245 629 299 c.
641 245 705 315 342]
899 250 901 255 ’
937 232 1001 301 393

77 454 80 479 ,
105 404 168 469 iam
187 404 301 469 milites
319 403 475 487 utrimque
494 425 683 491 congressus
702 426 850 488 quaerere
868 406 909 471 ad
927 429 999 474 oon-

79 525 87 565 :
109 499 287 582 Quinctius,
303 521 396 582 quem
410 521 566 564 armorum
580 499 674 564 etiam
687 522 744 585 pro
757 501 858 586 patria
872 502 1000 572 satietas
1020 517 1035 563 3

77 605 101 672 t,
126 596 243 659 nedum
261 595 412 658 adversus
430 593 578 679 patriam,
599 592 770 673 Corvinus,
794 617 902 663 omnes
922 599 1002 666 cari-

77 712 136 754 .ves
154 689 321 775 praecipue
339 688 454 752 milites
473 699 504 753 et
522 698 595 753 ante
613 688 690 755 alios
714 712 807 756 suum
829 694 1000 759 exercitum

77 807 157 861 uus,
176 785 217 848 ad
235 784 436 867 conloquium
453 784 615 870 processit.
649 785 776 874 cognito
794 786 824 851 ei
842 788 998 876 extemplo
1017 799 1033 846 4

77 879 185 943 ninore
208 878 248 943 ab
271 879 459 943 adversariis
483 879 671 945 verecundia
693 902 788 964 quam
810 879 851 946 ab
872 883 938 948 suis
957 882 1000 950 si-

77 997 99 1037 n
114 973 232 1037 datum.
260 971 363 1038 ‘deos’
380 973 482 1056 inquit
501 974 709 1053 ‘inmortales,
728 975 857 1054 milites,
876 986 998 1045 vestros

77 1091 112 1133 os
131 1090 282 1152 meosque
301 1068 341 1134 ab
355 1068 433 1133 urbe
445 1068 647 1152 proficiscens
661 1070 705 1134 ita
718 1071 846 1136 adoravi
859 1072 999 1138 veniam·

77 1163 183 1248 rpplex
199 1163 344 1248 poposci,
368 1171 403 1227 ut
420 1162 498 1226 mihi
517 1163 556 1228 de
573 1163 664 1229 vobis
683 1165 868 1231 concordiae
889 1175 998 1251 partae

77 1283 114 1337 n,
142 1281 206 1323 non
227 1259 390 1324 victoriam
412 1259 531 1323 darent.
577 1259 653 1324 satis
675 1259 735 1324 fuit
757 1260 890 1345 eritque,
912 1261 997 1327 unda
1018 1271 1033 1318 5
1122 1336 1126 1343 ,

77 1354 161 1418 leous
184 1353 335 1438 pariatur:
363 1353 436 1417 hino
458 1376 522 1439 pax
546 1354 682 1438 petenda
708 1364 765 1419 est.
809 1356 894 1439 quod
920 1355 997 1422 deos

77 1448 148 1512 ales
167 1448 247 1512 inter
263 1448 474 1532 nuncupanda
487 1457 561 1512 vota
574 1449 757 1534 expoposci,
777 1448 844 1515 eius
858 1472 909 1524 me
923 1472 997 1517 oon·
1014 1461 1032 1511 o

96 1542 162 1607 voti
185 1564 241 1607 vos
265 1541 368 1606 facere
390 1542 536 1626 potestis,
560 1543 587 1607 si
604 1541 785 1608 meminisse
803 1544 910 1622 vultis,
933 1567 998 1611 non

96 1635 226 1701 Samnio
244 1636 354 1701 necin
367 1634 508 1713 Volscis,
528 1637 585 1700 sed
602 1637 635 1700 in
647 1636 791 1703 Romano
810 1637 876 1703 solo
895 1648 998 1706 castra

77 1753 99 1808 r,
124 1731 151 1794 si
168 1730 238 1795 illos
257 1729 367 1807 colles,
387 1751 466 1813 quos
486 1730 624 1808 cernitis,
643 1732 761 1816 patriae
775 1741 897 1797 vestrae
915 1755 995 1812 esse,

77 1848 107 1890 ro
133 1826 305 1890 exercitum
332 1826 447 1890 civium
474 1835 664 1903 vestrorum,
700 1826 727 1891 si
757 1849 808 1892 me
835 1827 997 1893 consulem

77 1945 120 1999 m,
140 1921 229 1985 cuius
249 1921 345 1984 ductu
364 1919 566 2006 auspicioque
584 1921 685 2006 priore
700 1943 781 1988 anno
794 1921 843 1986 bis
856 1922 996 2009 legiones

77 2016 159 2080 itium
181 2017 321 2093 fudistis,
349 2017 398 2081 bis
422 2026 524 2081 castra
545 2017 577 2081 vi
600 2017 736 2103 cepistis.
781 2039 840 2105 ego
859 2042 930 2084 sum
947 2017 995 2087 Μ.
1016 2035 1042 2094 ι

78 2133 113 2174 us
133 2110 271 2188 Corvus,
291 2111 419 2187 milites,
444 2111 531 2175 ouius
550 2134 607 2176 vos
625 2112 819 2177 nobilitatem
835 2111 997 2180 beneficiis

77 2229 136 2283 ros,
164 2230 227 2271 non
249 2207 369 2270 iniuriis
394 2207 550 2282 sensistis,
578 2207 695 2270 nullius
719 2207 872 2292 superbae
889 2210 921 2273 in
939 2232 997 2275 vos

90 2301 203 2364 nullius
228 2300 361 2364 crudelis
386 2300 485 2364 senati
508 2299 641 2363 consulti
660 2308 776 2378 auctor,
799 2299 832 2363 in
851 2301 996 2366 omnibus
1061 2311 1063 2319 ’

77 2395 203 2480 mperiis
221 2395 254 2459 in
271 2417 321 2459 me
341 2394 478 2459 severior
496 2416 591 2477 quam
608 2394 642 2457 in
659 2416 726 2458 vos.
772 2416 809 2458 ac
828 2394 855 2459 si
872 2396 924 2459 cui
940 2417 995 2482 ge-
1015 2418 1031 2466 8

77 2490 90 2553 i
108 2490 158 2554 oui
177 2513 235 2555 sua
251 2490 365 2566 virtus,
386 2489 413 2553 si
431 2489 481 2552 cui
500 2489 593 2553 etiam
610 2489 772 2567 maiestas,
793 2488 820 2553 si
834 2489 885 2554 cui
897 2488 997 2555 hono-

77 2583 167 2649 bdere
182 2584 308 2670 spiritus
322 2593 503 2668 potuerunt,
522 2584 549 2647 is
566 2605 651 2648 eram
663 2592 771 2661 natus,
789 2582 823 2647 id
837 2583 998 2668 specimen

77 2680 210 2758 ederam,
230 2702 267 2744 ea
285 2688 386 2744 aetate
405 2678 602 2744 consulatum
620 2678 752 2763 adeptus
771 2700 870 2756 eram,
888 2689 923 2743 ut
939 2699 998 2764 po·

77 2800 82 2837 ι
103 2774 158 2839 tris
177 2783 208 2838 et
226 2774 338 2860 viginti
356 2797 453 2838 annos
472 2783 565 2839 natus
584 2773 694 2837 consul
711 2773 853 2859 patribus
871 2794 997 2858 quoque

77 2891 155 2946 esse,
174 2891 238 2933 non
253 2867 355 2932 solum
368 2867 461 2953 plebi.
489 2868 574 2953 quod
587 2891 693 2932 meum
706 2868 826 2933 factum
838 2868 997 2935 dictumve
1020 2886 1036 2934 9

77 2964 107 3027 is
125 2964 253 3050 gravius
273 2985 368 3046 quam
386 2962 501 3026 tribuni
519 2963 670 3027 audistis?
688 2963 798 3026 eodem
812 2971 919 3028 tenore
934 2963 997 3031 duo
1029 2975 1032 2981 '

77 3068 169 3123 rentes
193 3057 373 3122 consulatus
396 3057 495 3143 gessi,
519 3057 629 3120 eodem
651 3055 730 3119 haec
747 3057 915 3141 imperiosa
932 3058 997 3122 dic-
1024 3091 1027 3125 ;

88 3161 224 3238 geretur,
242 3161 278 3215 ut
296 3172 398 3233 neque
416 3151 447 3214 in
465 3151 523 3216 hos
542 3172 629 3214 meos
648 3159 679 3213 et
695 3149 814 3235 patriae
831 3171 920 3214 meae
938 3149 997 3213 mi-

77 3247 161 3312 ritior
179 3268 274 3330 quam
292 3246 325 3310 in
343 3268 400 3311 vos
418 3284 460 3293 —
478 3245 589 3310 horreo
603 3245 705 3310 dicere
720 3282 761 3292 -
773 3244 885 3311 hostis.
921 3265 995 3332 ergo
1022 3255 1058 3307 10

77 3341 140 3411 rius
168 3341 200 3405 in
226 3363 278 3405 me
305 3340 490 3405 strinxeritis
517 3340 634 3405 ferrum
661 3361 756 3423 quam
781 3339 815 3404 in
836 3362 894 3407 vos
921 3362 995 3428 ego:

79 3437 171 3523 signa
189 3446 314 3514 canent,
332 3436 426 3501 istinc
444 3436 561 3501 clamor
578 3435 664 3522 prius
682 3433 809 3520 incipiet
826 3443 920 3519 atque
938 3437 998 3501 im·

93 3532 121 3598 si
134 3531 347 3595 dimicandum
365 3540 421 3595 est.
453 3530 591 3596 inducite
608 3530 641 3595 in
659 3529 812 3608 animum,
831 3530 916 3615 quod
933 3554 997 3596 non
1018 3550 1050 3597 11

77 3635 158 3691 rrrmt
182 3635 287 3712 patres
315 3626 427 3709 avique
453 3624 563 3702 vestri,
590 3647 654 3690 non
674 3624 719 3690 illi
741 3625 796 3709 qui
817 3624 997 3691 insacrum

77 3744 106 3786 m
125 3729 335 3798 secesserunt,
354 3743 418 3784 non
435 3719 483 3798 hi,
502 3720 556 3804 qui
572 3730 683 3805 postea
699 3717 895 3785 Aventinum
913 3721 997 3786 inse·

77 3841 89 3881 ι.
118 3825 307 3901 exspectate,
327 3815 402 3879 dum
415 3814 506 3881 vobis
522 3815 664 3902 singulis,
683 3823 719 3880 ut
731 3814 806 3880 olim
817 3812 994 3890 Coriolano,
1015 3830 1051 3881 12,¹

77 3935 83 3975 r
99 3909 312 3996 coniugesque
327 3909 463 3975 crinibus
475 3910 579 3997 passis
594 3910 705 3977 obviae
719 3909 759 3974 ab
767 3909 846 3974 urbe
854 3906 994 3972 veniantl

77 4005 234 4072 olscorum
247 4005 402 4092 legiones,
422 4005 496 4088 quia
508 4005 687 4072 Romanum
700 4003 859 4069 habebant
871 4002 996 4074 ducem,
