2550 4530
230 281 349 336 mena
366 281 435 352 vu,
454 280 478 335 5.
491 282 515 336 a
536 281 687 351 [scaea.
700 282 764 352 aaa]
951 270 1015 338 355

74 465 84 506 1
104 439 238 506 inimicis
262 439 329 504 eius
352 438 458 516 malle,
487 438 570 524 capit
592 439 756 505 consilium
777 440 864 506 rudis
887 440 1015 526 quidem

74 556 81 600 e
106 533 239 622 agrestis
267 533 363 598 animi
390 541 420 598 et
446 554 638 617 quamquam
660 557 723 600 non
746 535 845 601 civilis
868 534 1013 622 exempli,

74 652 91 693 n
112 629 228 715 pietate
248 626 416 692 laudabile.
452 626 658 694 inscientibus
682 630 802 695 cunctis
826 630 925 695 cultro
943 652 1014 695 suc·
1033 652 1049 701 3

74 747 106 789 us
129 744 221 787 mane
244 720 277 786 in
299 721 409 787 urbem
431 730 525 805 atque
548 732 680 809 aperta
702 724 831 790 domum
848 724 1015 791 confestim

74 818 87 882 1.
96 816 310 903 Pomponium
323 815 483 881 tribunum
494 816 612 903 pergit,
630 817 755 884 ianitori
768 842 847 907 opus
866 842 937 886 esse
955 819 1015 886 sibi

74 935 112 978 no
126 912 193 977 eius
208 919 361 976 convento
376 910 533 997 extemplo
548 911 604 977 ait:
622 912 789 993 nuntiaret,
804 914 913 980 Titum
920 913 1016 980 Man-

98 1007 141 1071 L.
158 1005 259 1070 filium
296 1026 377 1070 esse.
413 1027 488 1070 mox
509 1005 705 1073 introductus
723 1045 766 1056 —
784 1009 898 1074 etenim
915 1009 1016 1096 peroi—
1032 1030 1049 1077 4

74 1101 116 1166 ira
134 1100 168 1164 in
184 1109 307 1186 patrem
325 1121 398 1185 spes
417 1108 483 1165 erat
501 1108 556 1164 aut
574 1100 712 1167 criminis
730 1100 848 1187 aliquid
865 1103 940 1168 novi
961 1112 1016 1168 aut

74 1194 106 1259 lii
129 1194 171 1259 ad
191 1215 259 1258 rem
281 1193 438 1281 agendam
459 1193 582 1259 deferre
599 1232 657 1274 —-,
681 1194 780 1261 salute
798 1205 928 1282 accepta
944 1197 1016 1262 red-

74 1311 111 1353 ue
145 1308 216 1353 esse
234 1286 291 1364 ait,
310 1309 391 1371 quae
406 1309 478 1353 cum
492 1309 529 1353 eo
543 1311 636 1376 agere
650 1288 774 1356 arbitris
787 1291 915 1356 remotis
930 1291 1013 1357 velit.

74 1382 93 1447 rl
110 1382 184 1447 inde
202 1380 347 1447 omnibus
366 1381 452 1447 abire
470 1381 565 1448 iussis
584 1383 719 1449 cultrum
737 1385 862 1472 stringit
875 1393 907 1450 et
921 1407 1015 1472 super
1033 1405 1048 1454 5

74 1501 101 1541 m
123 1486 212 1542 stans
234 1477 318 1541 ferro
340 1475 474 1555 intento,
501 1477 562 1542 nisi
583 1477 616 1542 in
633 1499 714 1563 quae
731 1478 801 1566 ipse
819 1480 1015 1566 concepisset

74 1597 83 1638 ι
103 1573 233 1650 iuraret,
262 1593 296 1638 se
317 1571 415 1658 patris
438 1570 506 1637 eius
528 1573 700 1638 accusandi
726 1596 823 1640 causa
848 1574 1016 1640 concilium

74 1689 87 1731 s
109 1687 283 1750 numquam
305 1664 499 1744 habiturum,
523 1688 558 1731 se
576 1689 649 1734 eum
668 1667 825 1755 extemplo
848 1669 1014 1734 transfixu-

77 1762 223 1827 minatur.
258 1759 394 1846 pavidus
417 1759 576 1839 tribunus,
600 1761 717 1848 quippe
735 1763 790 1847 qui
806 1764 925 1828 ferrum
943 1771 1014 1828 ante
1034 1783 1048 1830 6

74 1881 92 1922 s
110 1855 242 1932 micare,
266 1876 300 1919 se
319 1852 422 1920 solum
439 1854 604 1933 inermem,
627 1855 717 1922 illum
733 1856 949 1942 praevalidum
966 1855 1015 1920 iu-

74 1974 97 2016 n
115 1959 160 2027 et,
180 1948 265 2034 quod
282 1948 368 2013 haud
385 1949 489 2015 minus
508 1950 682 2017 timendum
700 1960 779 2030 erat,
803 1951 915 2017 stolide
932 1951 1016 2017 fero-

79 2044 200 2110 viribus
228 2043 293 2110 suis
321 2053 475 2122 cerneret,
502 2044 625 2111 adiurat
646 2047 680 2110 in
701 2068 783 2130 quae
809 2047 940 2112 adactus
967 2055 1015 2112 est

74 2165 94 2218 ι,
114 2147 145 2204 et
162 2160 237 2225 prae
256 2159 289 2203 sc
308 2137 421 2202 deinde
439 2137 523 2214 tulit,
548 2139 636 2204 cavi
654 2139 819 2205 subactum
838 2163 872 2207 se
889 2141 1015 2226 incepto
1127 2203 1128 2206 ,
1203 2200 1207 2205 .

74 2234 154 2299 isse.
189 2254 248 2298 nec
265 2231 395 2317 perinde
414 2240 448 2296 ut
465 2232 628 2300 maluisset
644 2232 768 2319 plebes,
793 2233 853 2298 sibi
871 2234 1013 2320 suffragii
1034 2255 1048 2302 7

74 2327 164 2392 dide
181 2335 247 2391 tam
264 2324 383 2391 crudeli
401 2333 432 2391 et
450 2325 585 2412 superbo
602 2348 659 2391 reo·
669 2334 858 2413 potestatem
870 2325 951 2404 fieri,
970 2327 1015 2392 ita

74 2447 79 2486 r
96 2419 221 2500 habuit,
239 2419 339 2485 filium
355 2421 389 2485 id
405 2443 463 2507 pro
480 2430 610 2506 parente
627 2442 750 2486 ausum.
778 2442 878 2504 eoque
895 2420 929 2484 id
946 2420 1015 2485 lau-

74 2516 121 2582 ius
149 2523 228 2593 erat,
256 2515 341 2599 quod
367 2515 508 2580 animum
534 2515 601 2580 eius
628 2523 715 2580 tanta
738 2513 892 2580 acerbitas
913 2513 1015 2599 patria

80 2636 99 2678 a
116 2611 231 2697 pietate
249 2610 423 2677 avertisset.
458 2610 564 2694 itaque
585 2631 649 2674 non
670 2608 752 2696 patri
769 2608 864 2674 modo
881 2607 1048 2676 remissas

74 2728 99 2772 te
117 2705 213 2770 dictio
230 2714 292 2783 est,
312 2705 369 2770 sed
385 2704 447 2792 ipsi
465 2704 559 2770 etiam
577 2703 770 2770 adulescenti
788 2727 826 2770 ea
838 2727 889 2770 res
902 2700 1015 2769 honori

83 2809 115 2866 et
133 2822 206 2866 cum
223 2821 261 2866 eo
280 2822 362 2866 anno
379 2799 515 2885 primum
531 2797 703 2884 placuisset
720 2799 862 2867 tribunos
880 2798 1015 2864 militum
1034 2818 1048 2867 e

74 2896 193 2984 egiones
220 2894 372 2981 suffragio
397 2893 464 2959 fieri
482 2931 524 2941 —
546 2916 621 2958 nam
642 2903 674 2959 et
695 2903 801 2974 antea,
829 2895 910 2961 sicut
930 2916 1015 2960 nunc

82 2991 221 3058 Rufulos
243 2999 370 3069 vocant,
397 2990 599 3077 imperatores
621 2988 683 3076 ipsi
704 2989 863 3055 faciebant
879 3027 937 3068 -,
966 3010 1016 3054 se·

74 3110 125 3154 um
147 3087 181 3152 in
203 3109 260 3153 sex
281 3085 358 3151 locis
381 3085 494 3162 tenuit,
521 3083 615 3148 nullis
642 3083 729 3147 domi
754 3083 946 3166 militiaeque
972 3083 1014 3147 ad

74 3183 214 3248 liandam
228 3181 363 3269 gratiam
380 3179 513 3256 meritis,
531 3187 567 3244 ut
584 3176 639 3262 qui
656 3199 727 3242 rure
746 3185 778 3240 et
793 3175 904 3263 procul
922 3182 1014 3239 coetu

72 3300 149 3343 num
166 3275 327 3341 iuventam
344 3274 471 3361 egisset.

74 3370 109 3437 Ἰ.
144 3369 270 3436 Eodem
296 3391 379 3434 anno
405 3389 462 3433 seu
487 3374 576 3432 motu
603 3374 702 3431 terrae
729 3386 786 3431 seu
812 3362 931 3448 quavi
952 3361 1047 3433 alial

74 3490 90 3532 n
107 3465 248 3531 medium
264 3463 364 3529 ferme
382 3484 480 3549 specu
492 3470 583 3528 vasto
597 3459 780 3547 conlapsum
792 3458 827 3525 in
838 3459 1015 3525 inmensam

74 3561 185 3627 dinem
202 3559 324 3638 dicitur,
342 3578 444 3644 neque
462 3577 533 3621 eam
550 3554 734 3642 voraginem
746 3554 891 3621 coniectu
903 3562 1013 3632 terrae,
1033 3574 1048 3621 2

75 3678 134 3745 pro
153 3677 187 3722 se
205 3654 339 3740 quisque
355 3660 492 3741 gereret,
512 3649 638 3737 explere
654 3649 796 3737 potuisse
812 3649 900 3736 prius
918 3670 1015 3735 quam

74 3777 81 3818 ι
111 3749 234 3817 monitu
263 3749 374 3835 quaeri
399 3754 560 3833 coeptum,
591 3767 655 3830 quo
681 3745 851 3831 plurimum
876 3744 1014 3832 populus

74 3869 148 3914 anus
165 3854 289 3933 posset3
311 3844 345 3909 id
362 3842 447 3909 enim
463 3840 510 3908 illi
526 3841 597 3906 loco
619 3840 789 3905 dicandum
810 3848 899 3906 vates
922 3858 1014 3903 cane-
1031 3857 1047 3904 3

94 3941 123 4008 si
139 3962 207 4008 rem
223 3938 384 4028 publicam
400 3937 578 4004 Romanam
595 3945 781 4024 perpetuam
798 3955 869 4000 esse
887 3928 1013 3998 vellent

74 4035 119 4103 M.
139 4035 299 4118 Curtium,
316 4035 463 4102 iuvenem
479 4031 564 4100 bello
581 4029 759 4119 egregium,
777 4028 950 4182 cpppigasse
967 4024 1015 4091 fe-
