2566 4524
144 243 211 312 420
347 252 467 309 muna
482 250 569 321 vm,
588 250 630 305 21.
643 250 686 305 aa.
705 247 980 320 [anama-aar]

145 414 289 503 quidm,
316 421 347 478 et
368 411 431 476 illis
453 409 584 476 vocibus
607 408 649 474 ad
669 406 888 473 rebellandum
908 407 1035 475 incitari
1048 418 1155 496 pacatos

113 537 128 586 a
145 510 295 599 populos3
313 529 387 594 pars
404 505 514 571 melior
532 513 659 571 senatus
679 503 720 568 ad
736 503 867 570 meliora
884 525 1041 590 responsa
1056 503 1155 572 hahere

148 616 180 671 et
203 604 321 681 dicere,
348 600 409 666 viri
430 609 462 666 et
482 598 574 665 liberi
594 619 706 664 vocem
729 597 882 664 auditam:
910 621 953 664 an
974 599 1060 667 credi
1072 620 1156 687 possa

146 700 246 765 ullum
271 695 425 785 populum
450 703 506 760 aut
530 693 692 760 hominem
713 692 849 778 denique
870 691 906 759 in
928 715 970 760 aa
990 693 1155 773 condicione,

146 794 236 860 ouius
251 814 323 857 eum
336 789 508 877 paeniteat,
527 788 645 853 diutius
658 809 754 872 quam
769 808 901 855 neeesse
920 788 964 854 sit
980 786 1155 856 mensurant

115 917 129 961 7
147 886 194 954 ibi
209 907 321 973 pacem
340 906 410 950 esse
423 883 534 963 fidam,
552 881 608 948 ubi
621 882 789 948 voluntarii
802 882 908 969 pacati
926 882 1007 964 sint,
1023 906 1113 969 neque
1127 903 1155 949 eo

148 983 232 1060 loco,
259 978 314 1045 ubi
337 978 521 1045 servitutem
543 999 614 1043 esse
636 976 747 1057 velint,
773 976 869 1043 fidem
892 979 1077 1064 sperandam
1090 998 1156 1044 osae.

113 1101 129 1150 8
146 1077 181 1142 in
203 1075 285 1141 hanc
303 1074 490 1141 sententiam
507 1073 644 1139 maxime
663 1072 774 1138 consul
791 1072 859 1159 ipse
876 1073 1043 1140 inclinavit
1057 1073 1156 1140 mmor

146 1171 318 1236 identidem
336 1169 378 1234 ad
393 1169 551 1257 principes
571 1168 795 1234 sententiarum
809 1167 1010 1249 consulares,
1026 1169 1072 1236 uti
1082 1190 1156 1234 exau·

116 1266 210 1338 adiri
235 1274 342 1353 posset
369 1289 388 1330 a
413 1263 571 1351 pluribus,
604 1264 750 1343 dicendo,
778 1285 833 1330 eos
856 1263 1002 1344 demum,
1028 1264 1081 1350 qui
1098 1260 1155 1329 nihil

147 1372 368 1450 praeterquam
394 1360 434 1425 de
460 1359 603 1425 libertate
630 1358 782 1446 cogitent,
809 1359 924 1447 dignos
948 1381 1021 1426 esse
1042 1359 1093 1446 qui
1109 1358 1156 1424 Ro·

97 1476 130 1527 ιο
146 1455 232 1522 mani
253 1455 339 1521 fiant
375 1455 482 1539 itaque
502 1463 534 1519 et
555 1454 590 1519 in
611 1463 724 1519 senatu
746 1477 875 1520 oausam
902 1453 1067 1523 obtinuere
1085 1463 1113 1520 et
1126 1472 1155 1518 ex

147 1551 331 1617 auctoritate
348 1559 473 1637 patrum
490 1548 590 1615 latum
608 1549 648 1615 ad
669 1549 823 1636 populum
845 1558 908 1628 est,
934 1559 972 1615 ut
988 1545 1154 1615 Privernati·

97 1666 127 1714 11
147 1645 208 1712 bus
227 1645 337 1710 civitas
355 1645 490 1709 daretur.
527 1644 638 1711 eodem
655 1667 738 1711 anno
755 1643 871 1710 Anxur
888 1645 1023 1711 trecenti
1039 1644 1072 1710 in
1091 1642 1152 1710 colo·

147 1739 233 1805 niam
250 1738 342 1804 missi
360 1747 446 1817 sunt3
469 1737 544 1803 bina
560 1739 671 1825 iugera
688 1739 757 1826 agri
774 1749 973 1826 acceperunt

114 1857 128 1903 1
211 1833 331 1900 XXII.
369 1831 505 1899 Secutus
529 1842 577 1898 est
599 1857 700 1899 annus
723 1833 809 1898 nulla
830 1856 864 1899 re
886 1833 964 1900 belli
985 1832 1106 1901 domive
1121 1831 1153 1896 ir·

148 1927 262 2014 signis,
284 1927 323 1992 P.
341 1925 467 1993 Plautio
484 1926 635 2006 Proculo,
657 1926 696 1992 P.
717 1926 864 1994 Cornelio
885 1926 1027 2015 Scapula
1044 1923 1152 1995 oonsuli-

114 2041 130 2088 a
147 2021 224 2100 bus,
241 2030 463 2108 praeterquam
476 2022 562 2105 quod
574 2021 737 2110 Fregellas
754 2060 797 2073 -
817 2021 1032 2090 Sidicinorum
1048 2023 1077 2090 is
1092 2038 1152 2108 agot,

147 2115 262 2181 deinde
283 2114 472 2181 Volscorum
498 2115 601 2182 fuerat
626 2155 669 2166 -
696 2116 818 2183 colonia
843 2117 982 2184 deducta
1007 2126 1039 2184 et
1063 2110 1153 2207 popult

115 2211 315 2280 evisceratio
337 2212 411 2278 data
432 2236 451 2277 a
472 2211 520 2278 M.
537 2213 649 2280 Flavio
671 2215 705 2279 in
726 2214 836 2281 funere
857 2216 978 2282 matris.
1014 2206 1152 2297 erantqn‘

146 2329 205 2395 per
224 2307 365 2395 speciem
386 2308 587 2375 honorandae
608 2310 746 2396 parentis
765 2310 909 2377 meritam
926 2311 1102 2378 mercedem
1114 2328 1153 2395 po·
1190 2342 1193 2347 ·

146 2400 222 2488 pulo
249 2402 384 2469 solutam
409 2403 700 2489 interpretarentur,
737 2406 822 2490 quod
848 2428 921 2471 cum
948 2406 1002 2472 die
1030 2407 1108 2473 diota
1127 2397 1153 2466 tl
1193 2442 1198 2447 ·

147 2495 301 2563 aedilibus
333 2496 461 2563 crimine
493 2507 651 2584 stupratae
681 2498 789 2564 matris
816 2500 955 2566 familiae
983 2500 1154 2568 absolvisset
1186 2499 1192 2507 '

112 2609 129 2656 4
147 2587 220 2657 data
232 2592 399 2659 visceratio
411 2594 445 2659 in
457 2595 656 2680 praeteritam
669 2593 777 2660 iudicii
789 2596 924 2684 gratiam
941 2597 1072 2664 honoris
1085 2595 1153 2662 etim
1185 2642 1192 2653 .

147 2686 177 2751 ei
195 2710 292 2752 causa
309 2687 382 2766 fuit,
406 2688 660 2774 tribunatumque
677 2689 781 2776 plebei
798 2691 952 2776 proximis
972 2692 1104 2758 comitiis
1119 2685 1154 2754 ab

148 2802 221 2846 sens
239 2782 418 2867 petentibus
436 2784 621 2869 praefertur.

2 2939 6 2946 ,
114 2894 129 2940 o
211 2872 390 2960 Palaepolis
414 2876 474 2943 fuit
495 2877 581 2944 haud
602 2878 712 2964 procul
733 2879 821 2956 inde,
848 2877 904 2952 ubi
925 2903 1013 2946 nuno
1031 2873 1154 2966 Neapolt
1186 2932 1198 2948 .

148 2964 208 3032 sita
226 2978 283 3033 est.
316 2969 438 3036 duabus
458 2971 587 3038 urbibus
604 2974 740 3058 populus
759 2973 842 3038 idem
859 2973 1038 3042 habitabat.
1070 2968 1154 3040 caah
1187 3008 1191 3017 ·

145 3071 234 3128 erant
247 3062 383 3144 oriundi,
404 3064 541 3132 Cumani
551 3066 702 3134 Chalcide
714 3067 859 3134 Euboica
872 3070 1032 3156 originem
1045 3069 1154 3136 natant
1187 3088 1198 3140 '.

113 3177 128 3226 6
146 3155 261 3237 classe,
281 3180 344 3243 qua
357 3160 481 3227 advecti
494 3160 534 3227 ab
548 3163 642 3226 domo
656 3162 794 3240 fuerant,
813 3163 951 3229 multum
964 3166 1000 3230 in
1012 3190 1069 3233 ora
1084 3159 1154 3231 mult

146 3251 214 3318 eius
232 3253 318 3337 quod
336 3255 483 3321 accolunt
498 3266 643 3342 potuere,
661 3257 763 3344 primo
775 3258 808 3322 in
821 3257 943 3324 insulas
959 3256 1155 3327 Aenariamtl
1188 3330 1191 3337 ,

144 3343 334 3414 Pithecusas
349 3351 478 3440 egressi,
493 3351 606 3418 deinde
619 3351 652 3416 in
666 3352 876 3419 continentem
891 3354 964 3420 ausi
980 3356 1155 3422 sedestmnt·

112 3437 237 3509 nferre.
274 3442 352 3508 haec
371 3445 481 3511 civitas
500 3469 572 3511 cum
591 3446 657 3511 suis
675 3446 794 3513 viribus
813 3456 880 3512 turn
900 3446 1093 3517 Samnitium
1107 3441 1154 3513 int-

145 3532 205 3597 dae
234 3535 385 3604 adversus
411 3539 574 3606 Romanos
602 3539 744 3607 societati
769 3541 851 3607 freta
878 3543 948 3610 sive
976 3540 1153 3633 pestilentia
1195 3552 1198 3616 1

143 3647 226 3712 quae
247 3626 426 3698 Romanam
446 3633 558 3699 urbem
580 3633 689 3700 adorta
710 3633 927 3717 nuntiabatur,
956 3638 1060 3707 fidens
1080 3631 1152 3704 nuta

143 3718 270 3790 hostilia
292 3726 444 3795 adversus
462 3729 623 3796 Romanos
642 3753 753 3819 agrum
773 3728 979 3820 Campanum
996 3733 1152 3803 Palem·
1189 3722 1198 3819 ‚J

146 3837 209 3900 que
225 3818 398 3888 incolentes
417 3822 500 3888 fecit.

110 3926 126 3976 8
208 3911 311 4001 Igitur
323 3917 364 3981 L.
378 3915 524 3984 Cornelio
536 3917 685 4000 Lentulo,
706 3916 747 4005 Q.
761 3919 901 3990 Publilio
914 3922 1051 3993 Philone
1063 3922 1148 3989 turm
1186 3912 1197 3943 ³

144 4008 341 4091 consulibus,
360 4010 518 4080 fetialibus
528 4012 724 4103 Palaepolim
737 4016 779 4083 ad
792 4040 842 4084 res
856 4021 1045 4107 repetendas
1058 4012 1146 4086 missia
1184 4018 1198 4091 h
