<?xml version="1.0" encoding="UTF-8"?>
<!DOCTYPE html PUBLIC "-//W3C//DTD XHTML 1.0 Transitional//EN"
    "http://www.w3.org/TR/xhtml1/DTD/xhtml1-transitional.dtd">
<html xmlns="http://www.w3.org/1999/xhtml" xml:lang="en" lang="en">
 <head>
  <title>
</title>
<meta http-equiv="Content-Type" content="text/html;charset=utf-8" />
  <meta name='ocr-system' content='tesseract 3.04.00' />
  <meta name='ocr-capabilities' content='ocr_page ocr_carea ocr_par ocr_line ocrx_word'/>
</head>
<body>
  <div class='ocr_page' id='page_1' title='image "./titiliviaburbec01weisgoog_0415.png"; bbox 0 0 2566 4524; ppageno 0'>
   <div class='ocr_carea' id='block_1_1' title="bbox 150 234 965 364">
    <p class='ocr_par' dir='ltr' id='par_1_1' title="bbox 150 234 965 364">
     <span class='ocr_line' id='line_1_1' title="bbox 150 234 965 364; baseline -0.001 -16"><span class='ocrx_word' id='word_1_1' title='bbox 150 281 214 348; x_wconf 82' lang='lat'><strong>326</strong></span> <span class='ocrx_word' id='word_1_2' title='bbox 365 289 484 348; x_wconf 84' lang='lat' dir='ltr'><strong>LIBER</strong></span> <span class='ocrx_word' id='word_1_3' title='bbox 500 290 555 362; x_wconf 87' lang='lat' dir='ltr'><strong>VI,</strong></span> <span class='ocrx_word' id='word_1_4' title='bbox 573 290 616 346; x_wconf 75' lang='lat'><strong>20.</strong></span> <span class='ocrx_word' id='word_1_5' title='bbox 631 290 674 346; x_wconf 79' lang='lat'><strong>21.</strong></span> <span class='ocrx_word' id='word_1_6' title='bbox 693 293 768 360; x_wconf 77' lang='lat' dir='ltr'><strong>[n,u.</strong></span> <span class='ocrx_word' id='word_1_7' title='bbox 778 234 802 346; x_wconf 83' lang='lat' dir='ltr'><strong>o.</strong></span> <span class='ocrx_word' id='word_1_8' title='bbox 812 290 965 364; x_wconf 69' lang='lat' dir='ltr'><strong>suo-3731</strong></span> 
     </span>
    </p>
   </div>
   <div class='ocr_carea' id='block_1_2' title="bbox 97 449 1200 4140">
    <p class='ocr_par' dir='ltr' id='par_1_2' title="bbox 148 449 1157 631">
     <span class='ocr_line' id='line_1_2' title="bbox 148 449 1157 631; baseline 0.003 -18"><span class='ocrx_word' id='word_1_9' title='bbox 148 449 1157 631; x_wconf 58' lang='lat' dir='ltr'><strong>ttdlttffilttttttnttttltltltttlt</strong></span> 
     </span>
    </p>

    <p class='ocr_par' dir='ltr' id='par_1_3' title="bbox 148 590 1157 729">
     <span class='ocr_line' id='line_1_3' title="bbox 765 590 775 624; baseline 0 0"><span class='ocrx_word' id='word_1_10' title='bbox 765 590 775 624; x_wconf 72' lang='lat'><em>5</em></span> 
     </span>
     <span class='ocr_line' id='line_1_4' title="bbox 148 637 1157 729; baseline 0.004 -23"><span class='ocrx_word' id='word_1_11' title='bbox 148 640 275 708; x_wconf 89' lang='lat' dir='ltr'><strong>homine</strong></span> <span class='ocrx_word' id='word_1_12' title='bbox 293 650 325 706; x_wconf 90' lang='lat' dir='ltr'><strong>et</strong></span> <span class='ocrx_word' id='word_1_13' title='bbox 342 638 475 706; x_wconf 78' lang='lat' dir='ltr'><strong>eximiae</strong></span> <span class='ocrx_word' id='word_1_14' title='bbox 488 637 608 726; x_wconf 82' lang='lat' dir='ltr'><strong>gloriae</strong></span> <span class='ocrx_word' id='word_1_15' title='bbox 620 648 860 706; x_wconf 78' lang='lat' dir='ltr'><strong>monumentum</strong></span> <span class='ocrx_word' id='word_1_16' title='bbox 873 649 906 707; x_wconf 86' lang='lat' dir='ltr'><strong>et</strong></span> <span class='ocrx_word' id='word_1_17' title='bbox 916 663 1040 729; x_wconf 71' lang='lat' dir='ltr'><strong>poenoe</strong></span> <span class='ocrx_word' id='word_1_18' title='bbox 1051 641 1157 710; x_wconf 80' lang='lat' dir='ltr'><strong>ultimae</strong></span> 
     </span>
    </p>

    <p class='ocr_par' dir='ltr' id='par_1_4' title="bbox 99 733 1158 1012">
     <span class='ocr_line' id='line_1_5' title="bbox 99 733 1158 823; baseline 0.001 -19"><span class='ocrx_word' id='word_1_19' title='bbox 99 754 130 804; x_wconf 76' lang='grc' dir='ltr'><strong>ιι</strong></span> <span class='ocrx_word' id='word_1_20' title='bbox 148 734 219 801; x_wconf 76' lang='lat' dir='ltr'><strong>fuit.</strong></span> <span class='ocrx_word' id='word_1_21' title='bbox 255 735 395 801; x_wconf 79' lang='lat' dir='ltr'><strong>adiectae</strong></span> <span class='ocrx_word' id='word_1_22' title='bbox 408 743 531 800; x_wconf 88' lang='lat' dir='ltr'><strong>mortuo</strong></span> <span class='ocrx_word' id='word_1_23' title='bbox 544 742 639 799; x_wconf 79' lang='lat' dir='ltr'><strong>notae</strong></span> <span class='ocrx_word' id='word_1_24' title='bbox 653 743 740 800; x_wconf 65' lang='lat' dir='ltr'><strong>eunte</strong></span> <span class='ocrx_word' id='word_1_25' title='bbox 757 733 886 822; x_wconf 83' lang='lat' dir='ltr'><strong>publiea</strong></span> <span class='ocrx_word' id='word_1_26' title='bbox 897 758 976 815; x_wconf 83' lang='lat' dir='ltr'><strong>une,</strong></span> <span class='ocrx_word' id='word_1_27' title='bbox 994 736 1087 823; x_wconf 88' lang='lat' dir='ltr'><strong>quod,</strong></span> <span class='ocrx_word' id='word_1_28' title='bbox 1103 760 1158 805; x_wconf 87' lang='lat' dir='ltr'><strong>oun</strong></span> 
     </span>
     <span class='ocr_line' id='line_1_6' title="bbox 149 827 1158 916; baseline 0.004 -20"><span class='ocrx_word' id='word_1_29' title='bbox 149 830 262 896; x_wconf 91' lang='lat' dir='ltr'><strong>domus</strong></span> <span class='ocrx_word' id='word_1_30' title='bbox 285 830 353 895; x_wconf 91' lang='lat' dir='ltr'><strong>eius</strong></span> <span class='ocrx_word' id='word_1_31' title='bbox 371 828 498 908; x_wconf 88' lang='lat' dir='ltr'><strong>fuisset,</strong></span> <span class='ocrx_word' id='word_1_32' title='bbox 521 827 577 894; x_wconf 91' lang='lat' dir='ltr'><strong>ubi</strong></span> <span class='ocrx_word' id='word_1_33' title='bbox 594 851 679 895; x_wconf 88' lang='lat' dir='ltr'><strong>nuno</strong></span> <span class='ocrx_word' id='word_1_34' title='bbox 696 829 791 896; x_wconf 81' lang='lat' dir='ltr'><strong>aedes</strong></span> <span class='ocrx_word' id='word_1_35' title='bbox 809 839 904 916; x_wconf 82' lang='lat' dir='ltr'><strong>etque</strong></span> <span class='ocrx_word' id='word_1_36' title='bbox 921 831 1052 899; x_wconf 72' lang='lat' dir='ltr'><strong>officina</strong></span> <span class='ocrx_word' id='word_1_37' title='bbox 1066 831 1158 900; x_wconf 86' lang='lat' dir='ltr'><strong>Mone-</strong></span> 
     </span>
     <span class='ocr_line' id='line_1_7' title="bbox 148 923 1156 1012; baseline 0.005 -22"><span class='ocrx_word' id='word_1_38' title='bbox 148 932 199 990; x_wconf 76' lang='lat' dir='ltr'><strong>tae</strong></span> <span class='ocrx_word' id='word_1_39' title='bbox 216 933 279 1004; x_wconf 86' lang='lat' dir='ltr'><strong>est,</strong></span> <span class='ocrx_word' id='word_1_40' title='bbox 302 923 401 990; x_wconf 80' lang='lat' dir='ltr'><strong>lutum</strong></span> <span class='ocrx_word' id='word_1_41' title='bbox 418 925 460 989; x_wconf 80' lang='lat' dir='ltr'><strong>ad</strong></span> <span class='ocrx_word' id='word_1_42' title='bbox 476 923 630 1011; x_wconf 89' lang='lat' dir='ltr'><strong>populum</strong></span> <span class='ocrx_word' id='word_1_43' title='bbox 647 927 712 1003; x_wconf 62' lang='lat' dir='ltr'><strong>est.</strong></span> <span class='ocrx_word' id='word_1_44' title='bbox 731 946 772 990; x_wconf 91' lang='lat' dir='ltr'><strong>ne</strong></span> <span class='ocrx_word' id='word_1_45' title='bbox 789 924 861 1011; x_wconf 88' lang='lat' dir='ltr'><strong>quis</strong></span> <span class='ocrx_word' id='word_1_46' title='bbox 878 923 1032 1012; x_wconf 79' lang='lat' dir='ltr'><strong>petricius</strong></span> <span class='ocrx_word' id='word_1_47' title='bbox 1053 926 1086 994; x_wconf 91' lang='lat' dir='ltr'><strong>in</strong></span> <span class='ocrx_word' id='word_1_48' title='bbox 1101 949 1156 994; x_wconf 78' lang='lat' dir='ltr'><strong>eree</strong></span> 
     </span>
    </p>

    <p class='ocr_par' dir='ltr' id='par_1_5' title="bbox 99 1017 1157 1291">
     <span class='ocr_line' id='line_1_8' title="bbox 99 1017 1157 1110; baseline 0.002 -23"><span class='ocrx_word' id='word_1_49' title='bbox 99 1037 133 1087; x_wconf 80' lang='lat'><strong>14</strong></span> <span class='ocrx_word' id='word_1_50' title='bbox 150 1027 205 1084; x_wconf 78' lang='lat' dir='ltr'><strong>eut</strong></span> <span class='ocrx_word' id='word_1_51' title='bbox 232 1018 390 1106; x_wconf 82' lang='lat' dir='ltr'><strong>Capitolio</strong></span> <span class='ocrx_word' id='word_1_52' title='bbox 415 1017 586 1098; x_wconf 83' lang='lat' dir='ltr'><strong>habitaret3</strong></span> <span class='ocrx_word' id='word_1_53' title='bbox 620 1018 782 1106; x_wconf 82' lang='lat' dir='ltr'><strong>gentilicio.</strong></span> <span class='ocrx_word' id='word_1_54' title='bbox 811 1019 922 1100; x_wconf 76' lang='lat' dir='ltr'><strong>alters,</strong></span> <span class='ocrx_word' id='word_1_55' title='bbox 959 1022 1047 1108; x_wconf 90' lang='lat' dir='ltr'><strong>quod</strong></span> <span class='ocrx_word' id='word_1_56' title='bbox 1074 1021 1157 1110; x_wconf 83' lang='lat' dir='ltr'><strong>gentis</strong></span> 
     </span>
     <span class='ocr_line' id='line_1_9' title="bbox 147 1113 1157 1200; baseline 0.005 -20"><span class='ocrx_word' id='word_1_57' title='bbox 147 1113 288 1182; x_wconf 79' lang='lat' dir='ltr'>Manliae</span> <span class='ocrx_word' id='word_1_58' title='bbox 310 1116 437 1181; x_wconf 84' lang='lat' dir='ltr'><strong>decreto</strong></span> <span class='ocrx_word' id='word_1_59' title='bbox 459 1124 587 1181; x_wconf 81' lang='lat' dir='ltr'><strong>cautum</strong></span> <span class='ocrx_word' id='word_1_60' title='bbox 605 1123 667 1194; x_wconf 86' lang='lat' dir='ltr'><strong>est,</strong></span> <span class='ocrx_word' id='word_1_61' title='bbox 690 1119 731 1180; x_wconf 68' lang='lat' dir='ltr'><strong>nt</strong></span> <span class='ocrx_word' id='word_1_62' title='bbox 748 1114 820 1200; x_wconf 90' lang='lat' dir='ltr'><strong>quis</strong></span> <span class='ocrx_word' id='word_1_63' title='bbox 839 1115 954 1184; x_wconf 86' lang='lat' dir='ltr'><strong>deinde</strong></span> <span class='ocrx_word' id='word_1_64' title='bbox 972 1115 1021 1183; x_wconf 90' lang='lat' dir='ltr'><strong>M.</strong></span> <span class='ocrx_word' id='word_1_65' title='bbox 1039 1115 1157 1184; x_wconf 77' lang='lat' dir='ltr'><strong>Manlius</strong></span> 
     </span>
     <span class='ocr_line' id='line_1_10' title="bbox 147 1208 1157 1291; baseline 0.001 -13"><span class='ocrx_word' id='word_1_66' title='bbox 147 1220 322 1278; x_wconf 80' lang='lat' dir='ltr'><strong>vocaretur.</strong></span> <span class='ocrx_word' id='word_1_67' title='bbox 357 1210 442 1276; x_wconf 88' lang='lat' dir='ltr'><strong>huno</strong></span> <span class='ocrx_word' id='word_1_68' title='bbox 460 1209 579 1276; x_wconf 84' lang='lat' dir='ltr'><strong>exitum</strong></span> <span class='ocrx_word' id='word_1_69' title='bbox 595 1208 708 1276; x_wconf 84' lang='lat' dir='ltr'><strong>habuit</strong></span> <span class='ocrx_word' id='word_1_70' title='bbox 724 1211 782 1291; x_wconf 85' lang='lat' dir='ltr'><strong>vir,</strong></span> <span class='ocrx_word' id='word_1_71' title='bbox 805 1211 868 1278; x_wconf 88' lang='lat' dir='ltr'><strong>nisi</strong></span> <span class='ocrx_word' id='word_1_72' title='bbox 884 1212 919 1278; x_wconf 92' lang='lat' dir='ltr'><strong>in</strong></span> <span class='ocrx_word' id='word_1_73' title='bbox 935 1212 1037 1280; x_wconf 77' lang='lat' dir='ltr'><strong>libera</strong></span> <span class='ocrx_word' id='word_1_74' title='bbox 1054 1213 1157 1281; x_wconf 77' lang='lat' dir='ltr'><strong>civitate</strong></span> 
     </span>
    </p>

    <p class='ocr_par' dir='ltr' id='par_1_6' title="bbox 97 1304 1200 1661">
     <span class='ocr_line' id='line_1_11' title="bbox 97 1304 1158 1396; baseline 0.002 -26"><span class='ocrx_word' id='word_1_75' title='bbox 97 1321 130 1372; x_wconf 82' lang='lat'><strong>15</strong></span> <span class='ocrx_word' id='word_1_76' title='bbox 148 1319 240 1376; x_wconf 80' lang='lat' dir='ltr'><strong>nutus</strong></span> <span class='ocrx_word' id='word_1_77' title='bbox 259 1316 356 1386; x_wconf 84' lang='lat' dir='ltr'><strong>esset,</strong></span> <span class='ocrx_word' id='word_1_78' title='bbox 375 1304 596 1372; x_wconf 80' lang='lat' dir='ltr'><strong>memorabilis.</strong></span> <span class='ocrx_word' id='word_1_79' title='bbox 623 1305 777 1393; x_wconf 89' lang='lat' dir='ltr'><strong>populum</strong></span> <span class='ocrx_word' id='word_1_80' title='bbox 790 1305 892 1387; x_wconf 84' lang='lat' dir='ltr'><strong>brevi,</strong></span> <span class='ocrx_word' id='word_1_81' title='bbox 909 1316 1081 1395; x_wconf 78' lang='lat' dir='ltr'><strong>postquam</strong></span> <span class='ocrx_word' id='word_1_82' title='bbox 1095 1307 1158 1396; x_wconf 88' lang='lat' dir='ltr'><strong>peri·</strong></span> 
     </span>
     <span class='ocr_line' id='line_1_12' title="bbox 148 1400 1157 1488; baseline -0.006 -14"><span class='ocrx_word' id='word_1_83' title='bbox 148 1407 254 1474; x_wconf 83' lang='lat' dir='ltr'><strong>culum</strong></span> <span class='ocrx_word' id='word_1_84' title='bbox 276 1403 317 1470; x_wconf 83' lang='lat' dir='ltr'><strong>ab</strong></span> <span class='ocrx_word' id='word_1_85' title='bbox 340 1424 378 1470; x_wconf 94' lang='lat' dir='ltr'><strong>eo</strong></span> <span class='ocrx_word' id='word_1_86' title='bbox 400 1401 522 1467; x_wconf 92' lang='lat' dir='ltr'><strong>nullum</strong></span> <span class='ocrx_word' id='word_1_87' title='bbox 545 1409 626 1480; x_wconf 80' lang='lat' dir='ltr'><strong>eret,</strong></span> <span class='ocrx_word' id='word_1_88' title='bbox 648 1423 706 1488; x_wconf 89' lang='lat' dir='ltr'><strong>per</strong></span> <span class='ocrx_word' id='word_1_89' title='bbox 723 1422 759 1467; x_wconf 89' lang='lat' dir='ltr'><strong>se</strong></span> <span class='ocrx_word' id='word_1_90' title='bbox 775 1400 863 1488; x_wconf 78' lang='lat' dir='ltr'><strong>ipsas</strong></span> <span class='ocrx_word' id='word_1_91' title='bbox 880 1403 1097 1472; x_wconf 77' lang='lat' dir='ltr'><strong>recordantem</strong></span> <span class='ocrx_word' id='word_1_92' title='bbox 1111 1402 1157 1468; x_wconf 79' lang='lat' dir='ltr'><strong>vir·</strong></span> 
     </span>
     <span class='ocr_line' id='line_1_13' title="bbox 148 1495 1200 1582; baseline -0.005 -15"><span class='ocrx_word' id='word_1_93' title='bbox 148 1510 231 1567; x_wconf 91' lang='lat' dir='ltr'><strong>tutes</strong></span> <span class='ocrx_word' id='word_1_94' title='bbox 250 1496 440 1564; x_wconf 90' lang='lat' dir='ltr'><strong>desiderium</strong></span> <span class='ocrx_word' id='word_1_95' title='bbox 458 1495 526 1562; x_wconf 90' lang='lat' dir='ltr'><strong>eius</strong></span> <span class='ocrx_word' id='word_1_96' title='bbox 544 1495 653 1561; x_wconf 85' lang='lat' dir='ltr'><strong>tenuit.</strong></span> <span class='ocrx_word' id='word_1_97' title='bbox 688 1495 867 1582; x_wconf 82' lang='lat' dir='ltr'><strong>pestilentia</strong></span> <span class='ocrx_word' id='word_1_98' title='bbox 884 1497 982 1564; x_wconf 79' lang='lat' dir='ltr'><strong>etiam</strong></span> <span class='ocrx_word' id='word_1_99' title='bbox 998 1496 1087 1566; x_wconf 88' lang='lat' dir='ltr'><strong>brevi</strong></span> <span class='ocrx_word' id='word_1_100' title='bbox 1101 1519 1156 1564; x_wconf 87' lang='lat' dir='ltr'><strong>oon·</strong></span> <span class='ocrx_word' id='word_1_101' title='bbox 1174 1568 1177 1575; x_wconf 59' lang='grc'><strong>,</strong></span> <span class='ocrx_word' id='word_1_102' title='bbox 1198 1564 1200 1572; x_wconf 73' lang='grc'><em>,</em></span> 
     </span>
     <span class='ocr_line' id='line_1_14' title="bbox 148 1588 1198 1661; baseline 0 0"><span class='ocrx_word' id='word_1_103' title='bbox 148 1603 257 1661; x_wconf 74' lang='lat' dir='ltr'><strong>secute</strong></span> <span class='ocrx_word' id='word_1_104' title='bbox 269 1591 363 1658; x_wconf 85' lang='lat' dir='ltr'><strong>nullis</strong></span> <span class='ocrx_word' id='word_1_105' title='bbox 377 1588 613 1656; x_wconf 85' lang='lat' dir='ltr'><strong>occurrentibus</strong></span> <span class='ocrx_word' id='word_1_106' title='bbox 627 1597 731 1657; x_wconf 65' lang='lat' dir='ltr'><strong>Mutae</strong></span> <span class='ocrx_word' id='word_1_107' title='bbox 740 1589 839 1658; x_wconf 81' lang='lat' dir='ltr'><strong>clodis</strong></span> <span class='ocrx_word' id='word_1_108' title='bbox 849 1592 954 1659; x_wconf 81' lang='lat' dir='ltr'><strong>causis</strong></span> <span class='ocrx_word' id='word_1_109' title='bbox 966 1592 1156 1660; x_wconf 78' lang='lat' dir='ltr'><strong>exMuulinno</strong></span> <span class='ocrx_word' id='word_1_110' title='bbox 1195 1604 1198 1615; x_wconf 91' lang='lat'>&#39;</span> 
     </span>
    </p>

    <p class='ocr_par' dir='ltr' id='par_1_7' title="bbox 98 1684 1156 2038">
     <span class='ocr_line' id='line_1_15' title="bbox 98 1684 1155 1776; baseline 0.009 -30"><span class='ocrx_word' id='word_1_111' title='bbox 98 1696 130 1748; x_wconf 82' lang='lat'><strong>16</strong></span> <span class='ocrx_word' id='word_1_112' title='bbox 149 1687 303 1776; x_wconf 79' lang='lat' dir='ltr'><strong>supplicio</strong></span> <span class='ocrx_word' id='word_1_113' title='bbox 325 1707 459 1773; x_wconf 80' lang='lat' dir='ltr'><strong>magnae</strong></span> <span class='ocrx_word' id='word_1_114' title='bbox 480 1684 563 1771; x_wconf 82' lang='lat' dir='ltr'><strong>parti</strong></span> <span class='ocrx_word' id='word_1_115' title='bbox 585 1684 685 1750; x_wconf 89' lang='lat' dir='ltr'><strong>videri</strong></span> <span class='ocrx_word' id='word_1_116' title='bbox 706 1694 788 1751; x_wconf 76' lang='lat' dir='ltr'><strong>orta:</strong></span> <span class='ocrx_word' id='word_1_117' title='bbox 815 1685 969 1753; x_wconf 83' lang='lat' dir='ltr'><strong>violatum</strong></span> <span class='ocrx_word' id='word_1_118' title='bbox 987 1687 1155 1776; x_wconf 75' lang='lat' dir='ltr'><strong>Capitolium</strong></span> 
     </span>
     <span class='ocr_line' id='line_1_16' title="bbox 147 1778 1154 1870; baseline -0.002 -20"><span class='ocrx_word' id='word_1_119' title='bbox 147 1804 218 1852; x_wconf 90' lang='lat' dir='ltr'><strong>esse</strong></span> <span class='ocrx_word' id='word_1_120' title='bbox 237 1782 390 1870; x_wconf 85' lang='lat' dir='ltr'><strong>sanguine</strong></span> <span class='ocrx_word' id='word_1_121' title='bbox 410 1779 577 1846; x_wconf 83' lang='lat' dir='ltr'><strong>servatoris</strong></span> <span class='ocrx_word' id='word_1_122' title='bbox 594 1801 653 1846; x_wconf 90' lang='lat' dir='ltr'><strong>neo</strong></span> <span class='ocrx_word' id='word_1_123' title='bbox 671 1779 720 1846; x_wconf 91' lang='lat' dir='ltr'><strong>dis</strong></span> <span class='ocrx_word' id='word_1_124' title='bbox 739 1778 825 1845; x_wconf 87' lang='lat' dir='ltr'><strong>oordi</strong></span> <span class='ocrx_word' id='word_1_125' title='bbox 842 1779 943 1847; x_wconf 85' lang='lat' dir='ltr'><strong>fuisse</strong></span> <span class='ocrx_word' id='word_1_126' title='bbox 956 1804 1092 1869; x_wconf 75' lang='lat' dir='ltr'><strong>poenam</strong></span> <span class='ocrx_word' id='word_1_127' title='bbox 1105 1778 1154 1848; x_wconf 84' lang='lat' dir='ltr'><strong>einr</strong></span> 
     </span>
     <span class='ocr_line' id='line_1_17' title="bbox 148 1873 1156 1965; baseline -0.001 -20"><span class='ocrx_word' id='word_1_128' title='bbox 148 1878 286 1945; x_wconf 82' lang='lat' dir='ltr'><strong>oblatam</strong></span> <span class='ocrx_word' id='word_1_129' title='bbox 300 1898 398 1963; x_wconf 90' lang='lat' dir='ltr'><strong>prope</strong></span> <span class='ocrx_word' id='word_1_130' title='bbox 412 1873 511 1940; x_wconf 84' lang='lat' dir='ltr'><strong>oeulis</strong></span> <span class='ocrx_word' id='word_1_131' title='bbox 525 1874 606 1953; x_wconf 85' lang='lat' dir='ltr'><strong>suis,</strong></span> <span class='ocrx_word' id='word_1_132' title='bbox 625 1897 646 1940; x_wconf 84' lang='lat' dir='ltr'><strong>e</strong></span> <span class='ocrx_word' id='word_1_133' title='bbox 662 1896 725 1960; x_wconf 90' lang='lat' dir='ltr'><strong>quo</strong></span> <span class='ocrx_word' id='word_1_134' title='bbox 744 1896 802 1940; x_wconf 79' lang='lat' dir='ltr'><strong>suu</strong></span> <span class='ocrx_word' id='word_1_135' title='bbox 820 1874 938 1962; x_wconf 80' lang='lat' dir='ltr'><strong>temple</strong></span> <span class='ocrx_word' id='word_1_136' title='bbox 956 1887 1064 1965; x_wconf 78' lang='lat' dir='ltr'><strong>erepta</strong></span> <span class='ocrx_word' id='word_1_137' title='bbox 1079 1873 1156 1943; x_wconf 78' lang='lat' dir='ltr'><strong>moui·</strong></span> 
     </span>
     <span class='ocr_line' id='line_1_18' title="bbox 148 1971 498 2038; baseline -0.014 -1"><span class='ocrx_word' id='word_1_138' title='bbox 148 1971 209 2038; x_wconf 89' lang='lat' dir='ltr'><strong>bus</strong></span> <span class='ocrx_word' id='word_1_139' title='bbox 226 1971 365 2037; x_wconf 87' lang='lat' dir='ltr'><strong>hostium</strong></span> <span class='ocrx_word' id='word_1_140' title='bbox 383 1977 498 2034; x_wconf 83' lang='lat' dir='ltr'><strong>essent.</strong></span> 
     </span>
    </p>

    <p class='ocr_par' dir='ltr' id='par_1_8' title="bbox 114 2061 1161 2435">
     <span class='ocr_line' id='line_1_19' title="bbox 114 2061 1157 2154; baseline 0.006 -31"><span class='ocrx_word' id='word_1_141' title='bbox 114 2074 128 2123; x_wconf 91' lang='lat'>1</span> <span class='ocrx_word' id='word_1_142' title='bbox 211 2063 313 2130; x_wconf 86' lang='lat' dir='ltr'><strong>XXI.</strong></span> <span class='ocrx_word' id='word_1_143' title='bbox 339 2061 557 2128; x_wconf 79' lang='lat' dir='ltr'><strong>Pestilentiam</strong></span> <span class='ocrx_word' id='word_1_144' title='bbox 569 2061 676 2149; x_wconf 85' lang='lat' dir='ltr'><strong>inopia</strong></span> <span class='ocrx_word' id='word_1_145' title='bbox 688 2061 817 2151; x_wconf 83' lang='lat' dir='ltr'><strong>frugum</strong></span> <span class='ocrx_word' id='word_1_146' title='bbox 835 2073 866 2130; x_wconf 88' lang='lat' dir='ltr'><strong>et</strong></span> <span class='ocrx_word' id='word_1_147' title='bbox 884 2064 1047 2154; x_wconf 78' lang='lat' dir='ltr'><strong>volgatam</strong></span> <span class='ocrx_word' id='word_1_148' title='bbox 1064 2063 1157 2132; x_wconf 83' lang='lat' dir='ltr'><strong>utrius·</strong></span> 
     </span>
     <span class='ocr_line' id='line_1_20' title="bbox 148 2155 1160 2246; baseline 0 -22"><span class='ocrx_word' id='word_1_149' title='bbox 148 2181 209 2244; x_wconf 93' lang='lat' dir='ltr'><strong>que</strong></span> <span class='ocrx_word' id='word_1_150' title='bbox 230 2158 306 2224; x_wconf 81' lang='lat' dir='ltr'><strong>mali</strong></span> <span class='ocrx_word' id='word_1_151' title='bbox 327 2158 447 2223; x_wconf 83' lang='lat' dir='ltr'><strong>famam</strong></span> <span class='ocrx_word' id='word_1_152' title='bbox 468 2178 551 2222; x_wconf 82' lang='lat' dir='ltr'><strong>anno</strong></span> <span class='ocrx_word' id='word_1_153' title='bbox 573 2155 758 2242; x_wconf 83' lang='lat' dir='ltr'><strong>insequente</strong></span> <span class='ocrx_word' id='word_1_154' title='bbox 784 2157 950 2246; x_wconf 87' lang='lat' dir='ltr'><strong>multiplex</strong></span> <span class='ocrx_word' id='word_1_155' title='bbox 979 2158 1098 2226; x_wconf 91' lang='lat' dir='ltr'><strong>bellum</strong></span> <span class='ocrx_word' id='word_1_156' title='bbox 1118 2179 1160 2224; x_wconf 84' lang='lat' dir='ltr'><strong>ex·</strong></span> 
     </span>
     <span class='ocr_line' id='line_1_21' title="bbox 147 2248 1161 2340; baseline 0.003 -21"><span class='ocrx_word' id='word_1_157' title='bbox 147 2253 244 2340; x_wconf 89' lang='lat' dir='ltr'><strong>oepit,</strong></span> <span class='ocrx_word' id='word_1_158' title='bbox 266 2254 308 2318; x_wconf 94' lang='lat' dir='ltr'><strong>L.</strong></span> <span class='ocrx_word' id='word_1_159' title='bbox 327 2251 454 2319; x_wconf 76' lang='lat' dir='ltr'><strong>Valerio</strong></span> <span class='ocrx_word' id='word_1_160' title='bbox 472 2261 632 2336; x_wconf 78' lang='lat' dir='ltr'><strong>quartum,</strong></span> <span class='ocrx_word' id='word_1_161' title='bbox 654 2248 742 2318; x_wconf 86' lang='lat' dir='ltr'><strong>Aulo</strong></span> <span class='ocrx_word' id='word_1_162' title='bbox 759 2251 882 2319; x_wconf 79' lang='lat' dir='ltr'><strong>Manlio</strong></span> <span class='ocrx_word' id='word_1_163' title='bbox 900 2254 1044 2335; x_wconf 88' lang='lat' dir='ltr'><strong>tertium,</strong></span> <span class='ocrx_word' id='word_1_164' title='bbox 1067 2252 1161 2322; x_wconf 75' lang='lat' dir='ltr'><strong>Servio</strong></span> 
     </span>
     <span class='ocr_line' id='line_1_22' title="bbox 148 2344 1161 2435; baseline 0 -20"><span class='ocrx_word' id='word_1_165' title='bbox 148 2348 302 2435; x_wconf 78' lang='lat' dir='ltr'><strong>Sulpicio</strong></span> <span class='ocrx_word' id='word_1_166' title='bbox 318 2347 458 2426; x_wconf 88' lang='lat' dir='ltr'><strong>tertium,</strong></span> <span class='ocrx_word' id='word_1_167' title='bbox 484 2345 589 2412; x_wconf 85' lang='lat' dir='ltr'><strong>Lucio</strong></span> <span class='ocrx_word' id='word_1_168' title='bbox 615 2345 780 2427; x_wconf 84' lang='lat' dir='ltr'><strong>Lucretio,</strong></span> <span class='ocrx_word' id='word_1_169' title='bbox 807 2344 851 2413; x_wconf 90' lang='lat' dir='ltr'><strong>L.</strong></span> <span class='ocrx_word' id='word_1_170' title='bbox 873 2345 1015 2416; x_wconf 85' lang='lat' dir='ltr'><strong>Aemilio</strong></span> <span class='ocrx_word' id='word_1_171' title='bbox 1042 2348 1161 2427; x_wconf 84' lang='lat' dir='ltr'><strong>tertium,</strong></span> 
     </span>
    </p>

    <p class='ocr_par' dir='ltr' id='par_1_9' title="bbox 112 2440 1169 2903">
     <span class='ocr_line' id='line_1_23' title="bbox 112 2440 1164 2554; baseline -0.001 -45"><span class='ocrx_word' id='word_1_172' title='bbox 112 2468 127 2516; x_wconf 83' lang='lat'><em>2</em></span> <span class='ocrx_word' id='word_1_173' title='bbox 146 2443 193 2509; x_wconf 92' lang='lat' dir='ltr'><strong>M.</strong></span> <span class='ocrx_word' id='word_1_174' title='bbox 214 2441 373 2510; x_wconf 83' lang='lat' dir='ltr'><strong>Trebonio</strong></span> <span class='ocrx_word' id='word_1_175' title='bbox 392 2440 525 2507; x_wconf 88' lang='lat' dir='ltr'><strong>tribunis</strong></span> <span class='ocrx_word' id='word_1_176' title='bbox 542 2440 622 2505; x_wconf 90' lang='lat' dir='ltr'><strong>milit</strong></span> <span class='ocrx_word' id='word_1_177' title='bbox 610 2449 678 2505; x_wconf 90' lang='lat' dir='ltr'><strong>tum</strong></span> <span class='ocrx_word' id='word_1_178' title='bbox 695 2442 852 2508; x_wconf 84' lang='lat' dir='ltr'><strong>consulari</strong></span> <span class='ocrx_word' id='word_1_179' title='bbox 867 2452 1040 2554; x_wconf 42' lang='lat' dir='ltr'><strong>potestate..</strong></span> <span class='ocrx_word' id='word_1_180' title='bbox 1071 2443 1164 2510; x_wconf 80' lang='lat' dir='ltr'><strong>hostes</strong></span> 
     </span>
     <span class='ocr_line' id='line_1_24' title="bbox 145 2534 1166 2625; baseline -0.001 -20"><span class='ocrx_word' id='word_1_181' title='bbox 145 2539 220 2605; x_wconf 91' lang='lat' dir='ltr'><strong>novi</strong></span> <span class='ocrx_word' id='word_1_182' title='bbox 241 2547 331 2624; x_wconf 83' lang='lat' dir='ltr'><strong>praet</strong></span> <span class='ocrx_word' id='word_1_183' title='bbox 332 2559 366 2602; x_wconf 87' lang='lat' dir='ltr'><strong>er</strong></span> <span class='ocrx_word' id='word_1_184' title='bbox 319 2535 519 2602; x_wconf 87' lang='lat' dir='ltr'><strong>tVolseos</strong></span> <span class='ocrx_word' id='word_1_185' title='bbox 541 2534 628 2600; x_wconf 90' lang='lat' dir='ltr'><strong>velut</strong></span> <span class='ocrx_word' id='word_1_186' title='bbox 616 2543 735 2601; x_wconf 88' lang='lat' dir='ltr'><strong>tsorte</strong></span> <span class='ocrx_word' id='word_1_187' title='bbox 756 2535 894 2620; x_wconf 79' lang='lat' dir='ltr'><strong>quadem</strong></span> <span class='ocrx_word' id='word_1_188' title='bbox 910 2559 1012 2625; x_wconf 87' lang='lat' dir='ltr'><strong>prope</strong></span> <span class='ocrx_word' id='word_1_189' title='bbox 1030 2537 1064 2604; x_wconf 93' lang='lat' dir='ltr'><strong>in</strong></span> <span class='ocrx_word' id='word_1_190' title='bbox 1080 2547 1166 2604; x_wconf 78' lang='lat' dir='ltr'><strong>aeter·</strong></span> 
     </span>
     <span class='ocr_line' id='line_1_25' title="bbox 144 2629 1168 2720; baseline -0.001 -21"><span class='ocrx_word' id='word_1_191' title='bbox 144 2656 221 2699; x_wconf 91' lang='lat' dir='ltr'><strong>num</strong></span> <span class='ocrx_word' id='word_1_192' title='bbox 244 2632 418 2698; x_wconf 83' lang='lat' dir='ltr'><strong>exercendo</strong></span> <span class='ocrx_word' id='word_1_193' title='bbox 435 2631 582 2697; x_wconf 85' lang='lat' dir='ltr'><strong>Romano</strong></span> <span class='ocrx_word' id='word_1_194' title='bbox 603 2629 694 2695; x_wconf 91' lang='lat' dir='ltr'><strong>militi</strong></span> <span class='ocrx_word' id='word_1_195' title='bbox 711 2630 815 2710; x_wconf 77' lang='lat' dir='ltr'><strong>datos,</strong></span> <span class='ocrx_word' id='word_1_196' title='bbox 834 2629 1050 2720; x_wconf 83' lang='lat' dir='ltr'><strong>Cerceiosque</strong></span> <span class='ocrx_word' id='word_1_197' title='bbox 1067 2642 1098 2700; x_wconf 85' lang='lat' dir='ltr'><strong>et</strong></span> <span class='ocrx_word' id='word_1_198' title='bbox 1112 2630 1168 2700; x_wconf 83' lang='lat' dir='ltr'><strong>Ve-</strong></span> 
     </span>
     <span class='ocr_line' id='line_1_26' title="bbox 144 2723 1169 2817; baseline 0.002 -24"><span class='ocrx_word' id='word_1_199' title='bbox 144 2729 232 2793; x_wconf 82' lang='lat' dir='ltr'><strong>litres</strong></span> <span class='ocrx_word' id='word_1_200' title='bbox 255 2725 394 2791; x_wconf 79' lang='lat' dir='ltr'><strong>colonias</strong></span> <span class='ocrx_word' id='word_1_201' title='bbox 416 2725 480 2789; x_wconf 80' lang='lat' dir='ltr'><strong>iam</strong></span> <span class='ocrx_word' id='word_1_202' title='bbox 502 2725 557 2789; x_wconf 90' lang='lat' dir='ltr'><strong>diu</strong></span> <span class='ocrx_word' id='word_1_203' title='bbox 578 2723 742 2790; x_wconf 78' lang='lat' dir='ltr'><strong>molientes</strong></span> <span class='ocrx_word' id='word_1_204' title='bbox 764 2724 974 2792; x_wconf 83' lang='lat' dir='ltr'><strong>defectionem</strong></span> <span class='ocrx_word' id='word_1_205' title='bbox 996 2737 1030 2794; x_wconf 90' lang='lat' dir='ltr'><strong>et</strong></span> <span class='ocrx_word' id='word_1_206' title='bbox 1052 2747 1169 2817; x_wconf 80' lang='lat' dir='ltr'><strong>suspen·</strong></span> 
     </span>
     <span class='ocr_line' id='line_1_27' title="bbox 144 2818 1168 2903; baseline 0.003 -17"><span class='ocrx_word' id='word_1_207' title='bbox 144 2833 213 2886; x_wconf 90' lang='lat' dir='ltr'><strong>tum</strong></span> <span class='ocrx_word' id='word_1_208' title='bbox 225 2818 366 2896; x_wconf 79' lang='lat' dir='ltr'><strong>Latium,</strong></span> <span class='ocrx_word' id='word_1_209' title='bbox 385 2818 546 2883; x_wconf 84' lang='lat' dir='ltr'><strong>Lanuvini</strong></span> <span class='ocrx_word' id='word_1_210' title='bbox 560 2818 663 2896; x_wconf 81' lang='lat' dir='ltr'><strong>etiam,</strong></span> <span class='ocrx_word' id='word_1_211' title='bbox 682 2840 763 2903; x_wconf 81' lang='lat' dir='ltr'><strong>quae</strong></span> <span class='ocrx_word' id='word_1_212' title='bbox 775 2818 961 2886; x_wconf 85' lang='lat' dir='ltr'><strong>fidelissima</strong></span> <span class='ocrx_word' id='word_1_213' title='bbox 974 2821 1054 2889; x_wconf 89' lang='lat' dir='ltr'><strong>urbs</strong></span> <span class='ocrx_word' id='word_1_214' title='bbox 1067 2822 1168 2899; x_wconf 68' lang='lat' dir='ltr'><strong>fueret,</strong></span> 
     </span>
    </p>

    <p class='ocr_par' dir='ltr' id='par_1_10' title="bbox 111 2912 1170 3191">
     <span class='ocr_line' id='line_1_28' title="bbox 111 2912 1169 3022; baseline 0 -39"><span class='ocrx_word' id='word_1_215' title='bbox 111 2935 126 2983; x_wconf 84' lang='grc'>3</span> <span class='ocrx_word' id='word_1_216' title='bbox 146 2913 251 2981; x_wconf 91' lang='lat' dir='ltr'><strong>subio</strong></span> <span class='ocrx_word' id='word_1_217' title='bbox 277 2912 385 2978; x_wconf 85' lang='lat' dir='ltr'><strong>exorti.</strong></span> <span class='ocrx_word' id='word_1_218' title='bbox 421 2912 456 2977; x_wconf 93' lang='lat' dir='ltr'><strong>id</strong></span> <span class='ocrx_word' id='word_1_219' title='bbox 473 2921 586 3022; x_wconf 71' lang='lat' dir='ltr'><strong>patres</strong></span> <span class='ocrx_word' id='word_1_220' title='bbox 612 2912 673 2978; x_wconf 82' lang='lat' dir='ltr'><strong>rati</strong></span> <span class='ocrx_word' id='word_1_221' title='bbox 698 2921 772 2978; x_wconf 84' lang='lat' dir='ltr'><strong>cont</strong></span> <span class='ocrx_word' id='word_1_222' title='bbox 772 2925 880 3000; x_wconf 90' lang='lat' dir='ltr'><strong>emptu</strong></span> <span class='ocrx_word' id='word_1_223' title='bbox 845 2915 1067 2996; x_wconf 53' lang='lat' dir='ltr'><strong>taooidere‘</strong></span> <span class='ocrx_word' id='word_1_224' title='bbox 1094 2912 1169 3002; x_wconf 87' lang='lat' dir='ltr'><strong>quod</strong></span> 
     </span>
     <span class='ocr_line' id='line_1_29' title="bbox 144 3006 1169 3093; baseline 0.003 -18"><span class='ocrx_word' id='word_1_225' title='bbox 144 3007 314 3075; x_wconf 87' lang='lat' dir='ltr'><strong>Veliternis</strong></span> <span class='ocrx_word' id='word_1_226' title='bbox 341 3006 462 3074; x_wconf 85' lang='lat' dir='ltr'><strong>civibus</strong></span> <span class='ocrx_word' id='word_1_227' title='bbox 491 3007 556 3074; x_wconf 91' lang='lat' dir='ltr'><strong>suis</strong></span> <span class='ocrx_word' id='word_1_228' title='bbox 583 3016 648 3072; x_wconf 83' lang='lat' dir='ltr'><strong>tem</strong></span> <span class='ocrx_word' id='word_1_229' title='bbox 674 3006 729 3072; x_wconf 89' lang='lat' dir='ltr'><strong>diu</strong></span> <span class='ocrx_word' id='word_1_230' title='bbox 753 3007 897 3093; x_wconf 79' lang='lat' dir='ltr'><strong>inpunita</strong></span> <span class='ocrx_word' id='word_1_231' title='bbox 923 3008 1064 3077; x_wconf 81' lang='lat' dir='ltr'><strong>defectio</strong></span> <span class='ocrx_word' id='word_1_232' title='bbox 1086 3016 1169 3089; x_wconf 84' lang='lat' dir='ltr'><strong>esset,</strong></span> 
     </span>
     <span class='ocr_line' id='line_1_30' title="bbox 144 3102 1170 3191; baseline 0.002 -21"><span class='ocrx_word' id='word_1_233' title='bbox 144 3103 414 3182; x_wconf 80' lang='lat' dir='ltr'><strong>decreverunt,u</strong></span> <span class='ocrx_word' id='word_1_234' title='bbox 392 3102 549 3189; x_wconf 89' lang='lat' dir='ltr'><strong>utprimo</strong></span> <span class='ocrx_word' id='word_1_235' title='bbox 572 3123 697 3187; x_wconf 88' lang='lat' dir='ltr'><strong>quoque</strong></span> <span class='ocrx_word' id='word_1_236' title='bbox 720 3111 860 3189; x_wconf 91' lang='lat' dir='ltr'><strong>tempore</strong></span> <span class='ocrx_word' id='word_1_237' title='bbox 883 3102 924 3168; x_wconf 79' lang='lat' dir='ltr'><strong>ud</strong></span> <span class='ocrx_word' id='word_1_238' title='bbox 941 3104 1101 3191; x_wconf 90' lang='lat' dir='ltr'><strong>populum</strong></span> <span class='ocrx_word' id='word_1_239' title='bbox 1117 3104 1170 3171; x_wconf 83' lang='lat' dir='ltr'><strong>ser·</strong></span> 
     </span>
    </p>

    <p class='ocr_par' dir='ltr' id='par_1_11' title="bbox 109 3150 1170 3474">
     <span class='ocr_line' id='line_1_31' title="bbox 109 3150 1170 3288; baseline 0.001 -21"><span class='ocrx_word' id='word_1_240' title='bbox 109 3219 127 3267; x_wconf 82' lang='grc'>4</span> <span class='ocrx_word' id='word_1_241' title='bbox 143 3209 190 3266; x_wconf 90' lang='lat' dir='ltr'><strong>re</strong></span> <span class='ocrx_word' id='word_1_242' title='bbox 190 3223 229 3265; x_wconf 90' lang='lat' dir='ltr'><strong>ur</strong></span> <span class='ocrx_word' id='word_1_243' title='bbox 177 3198 285 3265; x_wconf 90' lang='lat' dir='ltr'><strong>tde</strong></span> <span class='ocrx_word' id='word_1_244' title='bbox 303 3150 431 3263; x_wconf 87' lang='lat' dir='ltr'><strong>bello</strong></span> <span class='ocrx_word' id='word_1_245' title='bbox 405 3219 450 3263; x_wconf 87' lang='lat' dir='ltr'><strong>e1s</strong></span> <span class='ocrx_word' id='word_1_246' title='bbox 468 3196 643 3262; x_wconf 85' lang='lat' dir='ltr'><strong>indicendo.</strong></span> <span class='ocrx_word' id='word_1_247' title='bbox 676 3196 829 3281; x_wconf 81' lang='lat' dir='ltr'><strong>adquam</strong></span> <span class='ocrx_word' id='word_1_248' title='bbox 847 3197 994 3264; x_wconf 82' lang='lat' dir='ltr'><strong>militiam</strong></span> <span class='ocrx_word' id='word_1_249' title='bbox 1012 3222 1079 3286; x_wconf 92' lang='lat' dir='ltr'><strong>quo</strong></span> <span class='ocrx_word' id='word_1_250' title='bbox 1091 3222 1170 3288; x_wconf 78' lang='lat' dir='ltr'><strong>pore·</strong></span> 
     </span>
     <span class='ocr_line' id='line_1_32' title="bbox 143 3289 1169 3381; baseline 0.004 -23"><span class='ocrx_word' id='word_1_251' title='bbox 143 3294 203 3360; x_wconf 88' lang='lat' dir='ltr'><strong>tior</strong></span> <span class='ocrx_word' id='word_1_252' title='bbox 223 3292 333 3379; x_wconf 88' lang='lat' dir='ltr'><strong>plebes</strong></span> <span class='ocrx_word' id='word_1_253' title='bbox 356 3301 441 3358; x_wconf 84' lang='lat' dir='ltr'><strong>esset</strong></span> <span class='ocrx_word' id='word_1_254' title='bbox 446 3339 455 3370; x_wconf 92' lang='lat'><strong><em>,</em></strong></span> <span class='ocrx_word' id='word_1_255' title='bbox 479 3291 702 3376; x_wconf 87' lang='lat' dir='ltr'><strong>quinqueviros</strong></span> <span class='ocrx_word' id='word_1_256' title='bbox 720 3289 891 3379; x_wconf 88' lang='lat' dir='ltr'><strong>Pomptino</strong></span> <span class='ocrx_word' id='word_1_257' title='bbox 908 3315 989 3381; x_wconf 84' lang='lat' dir='ltr'><strong>egro</strong></span> <span class='ocrx_word' id='word_1_258' title='bbox 1009 3293 1169 3362; x_wconf 82' lang='lat' dir='ltr'><strong>dividendo</strong></span> 
     </span>
     <span class='ocr_line' id='line_1_33' title="bbox 143 3386 1167 3474; baseline 0.004 -19"><span class='ocrx_word' id='word_1_259' title='bbox 143 3399 176 3455; x_wconf 89' lang='lat' dir='ltr'><strong>et</strong></span> <span class='ocrx_word' id='word_1_260' title='bbox 205 3387 386 3454; x_wconf 85' lang='lat' dir='ltr'><strong>triumviros</strong></span> <span class='ocrx_word' id='word_1_261' title='bbox 417 3386 538 3474; x_wconf 88' lang='lat' dir='ltr'><strong>Nepete</strong></span> <span class='ocrx_word' id='word_1_262' title='bbox 569 3386 710 3453; x_wconf 82' lang='lat' dir='ltr'><strong>coloniae</strong></span> <span class='ocrx_word' id='word_1_263' title='bbox 741 3387 945 3455; x_wconf 79' lang='lat' dir='ltr'><strong>deducendae</strong></span> <span class='ocrx_word' id='word_1_264' title='bbox 980 3396 1167 3458; x_wconf 75' lang='lat' dir='ltr'><strong>creaverunt·</strong></span> 
     </span>
    </p>

    <p class='ocr_par' dir='ltr' id='par_1_12' title="bbox 109 3479 1168 3663">
     <span class='ocr_line' id='line_1_34' title="bbox 109 3479 1168 3570; baseline -0.002 -19"><span class='ocrx_word' id='word_1_265' title='bbox 109 3491 211 3551; x_wconf 78' lang='lat' dir='ltr'><strong>otum</strong></span> <span class='ocrx_word' id='word_1_266' title='bbox 232 3491 268 3546; x_wconf 91' lang='lat' dir='ltr'><strong>ut</strong></span> <span class='ocrx_word' id='word_1_267' title='bbox 288 3479 407 3546; x_wconf 90' lang='lat' dir='ltr'><strong>bellum</strong></span> <span class='ocrx_word' id='word_1_268' title='bbox 424 3480 568 3547; x_wconf 89' lang='lat' dir='ltr'><strong>iuberent</strong></span> <span class='ocrx_word' id='word_1_269' title='bbox 583 3480 683 3547; x_wconf 84' lang='lat' dir='ltr'><strong>latum</strong></span> <span class='ocrx_word' id='word_1_270' title='bbox 701 3482 742 3548; x_wconf 85' lang='lat' dir='ltr'><strong>ad</strong></span> <span class='ocrx_word' id='word_1_271' title='bbox 758 3483 911 3569; x_wconf 91' lang='lat' dir='ltr'><strong>populum</strong></span> <span class='ocrx_word' id='word_1_272' title='bbox 930 3493 996 3564; x_wconf 88' lang='lat' dir='ltr'><strong>est,</strong></span> <span class='ocrx_word' id='word_1_273' title='bbox 1021 3495 1055 3552; x_wconf 90' lang='lat' dir='ltr'><strong>et</strong></span> <span class='ocrx_word' id='word_1_274' title='bbox 1071 3481 1168 3570; x_wconf 87' lang='lat' dir='ltr'><strong>nequi·</strong></span> 
     </span>
     <span class='ocr_line' id='line_1_35' title="bbox 143 3574 1165 3663; baseline 0.003 -23"><span class='ocrx_word' id='word_1_275' title='bbox 143 3598 239 3661; x_wconf 79' lang='lat' dir='ltr'><strong>quem</strong></span> <span class='ocrx_word' id='word_1_276' title='bbox 262 3574 518 3642; x_wconf 83' lang='lat' dir='ltr'><strong>dissuadentibus</strong></span> <span class='ocrx_word' id='word_1_277' title='bbox 537 3575 670 3642; x_wconf 85' lang='lat' dir='ltr'><strong>tribunis</strong></span> <span class='ocrx_word' id='word_1_278' title='bbox 688 3576 790 3663; x_wconf 85' lang='lat' dir='ltr'><strong>plebis</strong></span> <span class='ocrx_word' id='word_1_279' title='bbox 808 3600 918 3645; x_wconf 86' lang='lat' dir='ltr'><strong>omnes</strong></span> <span class='ocrx_word' id='word_1_280' title='bbox 937 3577 1044 3648; x_wconf 88' lang='lat' dir='ltr'><strong>tribus</strong></span> <span class='ocrx_word' id='word_1_281' title='bbox 1062 3579 1165 3647; x_wconf 82' lang='lat' dir='ltr'><strong>bellun</strong></span> 
     </span>
    </p>

    <p class='ocr_par' dir='ltr' id='par_1_13' title="bbox 109 3670 1165 4043">
     <span class='ocr_line' id='line_1_36' title="bbox 109 3670 1165 3762; baseline 0.005 -23"><span class='ocrx_word' id='word_1_282' title='bbox 109 3689 124 3739; x_wconf 78' lang='lat' dir='ltr'><strong>o</strong></span> <span class='ocrx_word' id='word_1_283' title='bbox 142 3670 311 3736; x_wconf 78' lang='lat' dir='ltr'><strong>iusserunt.</strong></span> <span class='ocrx_word' id='word_1_284' title='bbox 347 3679 533 3756; x_wconf 81' lang='lat' dir='ltr'><strong>apparatum</strong></span> <span class='ocrx_word' id='word_1_285' title='bbox 550 3693 588 3737; x_wconf 90' lang='lat' dir='ltr'><strong>eo</strong></span> <span class='ocrx_word' id='word_1_286' title='bbox 602 3693 684 3737; x_wconf 83' lang='lat' dir='ltr'><strong>enno</strong></span> <span class='ocrx_word' id='word_1_287' title='bbox 697 3670 816 3737; x_wconf 92' lang='lat' dir='ltr'><strong>bellum</strong></span> <span class='ocrx_word' id='word_1_288' title='bbox 829 3681 891 3751; x_wconf 86' lang='lat' dir='ltr'><strong>est,</strong></span> <span class='ocrx_word' id='word_1_289' title='bbox 910 3675 1073 3743; x_wconf 79' lang='lat' dir='ltr'><strong>exereitus</strong></span> <span class='ocrx_word' id='word_1_290' title='bbox 1084 3690 1165 3762; x_wconf 74' lang='lat' dir='ltr'><strong>prol)¹</strong></span> 
     </span>
     <span class='ocr_line' id='line_1_37' title="bbox 141 3762 1163 3874; baseline 0.003 -44.042"><span class='ocrx_word' id='word_1_291' title='bbox 141 3773 189 3830; x_wconf 90' lang='lat' dir='ltr'><strong>ter</strong></span> <span class='ocrx_word' id='word_1_292' title='bbox 213 3764 424 3874; x_wconf 82' lang='lat' dir='ltr'><strong>pestilentiam</strong></span> <span class='ocrx_word' id='word_1_293' title='bbox 453 3786 518 3831; x_wconf 92' lang='lat' dir='ltr'><strong>non</strong></span> <span class='ocrx_word' id='word_1_294' title='bbox 548 3765 690 3832; x_wconf 86' lang='lat' dir='ltr'><strong>ednotus</strong></span> <span class='ocrx_word' id='word_1_295' title='bbox 734 3788 835 3852; x_wconf 80' lang='lat' dir='ltr'><strong>eoque</strong></span> <span class='ocrx_word' id='word_1_296' title='bbox 865 3767 1028 3836; x_wconf 78' lang='lat' dir='ltr'><strong>cunetatio</strong></span> <span class='ocrx_word' id='word_1_297' title='bbox 1058 3762 1163 3836; x_wconf 68' lang='lat' dir='ltr'><strong>uoloni!</strong></span> 
     </span>
     <span class='ocr_line' id='line_1_38' title="bbox 142 3859 1162 3950; baseline 0.004 -26"><span class='ocrx_word' id='word_1_298' title='bbox 142 3859 279 3945; x_wconf 85' lang='lat' dir='ltr'><strong>spatium</strong></span> <span class='ocrx_word' id='word_1_299' title='bbox 296 3859 425 3926; x_wconf 81' lang='lat' dir='ltr'><strong>dederat</strong></span> <span class='ocrx_word' id='word_1_300' title='bbox 442 3859 663 3947; x_wconf 80' lang='lat' dir='ltr'><strong>deprecandi</strong></span> <span class='ocrx_word' id='word_1_301' title='bbox 649 3868 809 3940; x_wconf 78' lang='lat' dir='ltr'><strong>s3enatum</strong></span> <span class='ocrx_word' id='word_1_302' title='bbox 822 3870 860 3927; x_wconf 87' lang='lat' dir='ltr'><strong>et</strong></span> <span class='ocrx_word' id='word_1_303' title='bbox 876 3884 996 3950; x_wconf 77' lang='lat' dir='ltr'><strong>magna</strong></span> <span class='ocrx_word' id='word_1_304' title='bbox 1012 3860 1162 3930; x_wconf 75' lang='lat' dir='ltr'><strong>hemum</strong></span> 
     </span>
     <span class='ocr_line' id='line_1_39' title="bbox 139 3951 1157 4043; baseline 0.007 -24"><span class='ocrx_word' id='word_1_305' title='bbox 139 3975 213 4039; x_wconf 80' lang='lat' dir='ltr'><strong>pars</strong></span> <span class='ocrx_word' id='word_1_306' title='bbox 232 3976 284 4034; x_wconf 92' lang='lat' dir='ltr'><strong>eo,</strong></span> <span class='ocrx_word' id='word_1_307' title='bbox 306 3964 342 4020; x_wconf 86' lang='lat' dir='ltr'><strong>ut</strong></span> <span class='ocrx_word' id='word_1_308' title='bbox 359 3953 476 4043; x_wconf 77' lang='lat' dir='ltr'><strong>legatio</strong></span> <span class='ocrx_word' id='word_1_309' title='bbox 495 3954 629 4042; x_wconf 82' lang='lat' dir='ltr'><strong>supplex</strong></span> <span class='ocrx_word' id='word_1_310' title='bbox 646 3954 859 4022; x_wconf 83' lang='lat' dir='ltr'><strong>Romamt</strong></span> <span class='ocrx_word' id='word_1_311' title='bbox 800 3955 845 4021; x_wconf 91' lang='lat' dir='ltr'><strong>mi</strong></span> <span class='ocrx_word' id='word_1_312' title='bbox 845 3964 938 4023; x_wconf 88' lang='lat' dir='ltr'><strong>tttere</strong></span> <span class='ocrx_word' id='word_1_313' title='bbox 938 3979 976 4022; x_wconf 86' lang='lat' dir='ltr'><strong>ur</strong></span> <span class='ocrx_word' id='word_1_314' title='bbox 924 3951 1157 4028; x_wconf 74' lang='lat' dir='ltr'><strong>tincumtrt</strong></span> 
     </span>
    </p>

    <p class='ocr_par' dir='ltr' id='par_1_14' title="bbox 107 4047 1157 4140">
     <span class='ocr_line' id='line_1_40' title="bbox 107 4047 1157 4140; baseline 0.001 -25"><span class='ocrx_word' id='word_1_315' title='bbox 107 4047 174 4115; x_wconf 70' lang='lat' dir='ltr'><strong>sni</strong></span> <span class='ocrx_word' id='word_1_316' title='bbox 201 4049 340 4137; x_wconf 84' lang='lat' dir='ltr'><strong>privato.</strong></span> <span class='ocrx_word' id='word_1_317' title='bbox 374 4060 411 4116; x_wconf 90' lang='lat' dir='ltr'><strong>ut</strong></span> <span class='ocrx_word' id='word_1_318' title='bbox 440 4050 490 4131; x_wconf 84' lang='lat' dir='ltr'><strong>fit,</strong></span> <span class='ocrx_word' id='word_1_319' title='bbox 526 4050 666 4138; x_wconf 85' lang='lat' dir='ltr'><strong>periculo</strong></span> <span class='ocrx_word' id='word_1_320' title='bbox 695 4050 858 4140; x_wconf 83' lang='lat' dir='ltr'><strong>publicum</strong></span> <span class='ocrx_word' id='word_1_321' title='bbox 888 4049 1065 4140; x_wconf 79' lang='lat' dir='ltr'><strong>inplicitum</strong></span> <span class='ocrx_word' id='word_1_322' title='bbox 1086 4053 1157 4116; x_wconf 62' lang='lat' dir='ltr'><strong>eud</strong></span> 
     </span>
    </p>
   </div>
   <div class='ocr_carea' id='block_1_3' title="bbox 0 0 1288 4524">
    <p class='ocr_par' dir='ltr' id='par_1_15' title="bbox 0 0 1288 4524">
     <span class='ocr_line' id='line_1_41' title="bbox 0 0 1288 4524; baseline 0 0"><span class='ocrx_word' id='word_1_323' title='bbox 0 0 1288 4524; x_wconf 95' lang='lat' dir='ltr'><strong> </strong></span> 
     </span>
    </p>
   </div>
  </div>
 </body>
</html>
