2566 4524
145 226 211 304 474
384 244 619 314 arsurum,
636 245 731 302 aaa.
750 243 935 319 [auctas]

145 411 179 476 in
201 406 319 475 curiam
340 405 457 473 hortati
478 413 565 484 sunt,
587 404 634 471 uti
655 414 885 472 reverterentur
905 403 1059 487 Romam3
1083 415 1154 495 post·

5 534 8 539 ¹
130 499 242 591 *quam
271 501 403 591 perpelli
431 500 618 586 nequibant,
650 500 779 567 oonsilio
805 500 892 566 haud
923 500 1102 569 abhorrente
1122 498 1154 568 ab

112 618 128 667 s
147 598 282 687 ingeniis
303 596 466 663 hominum
489 617 544 661 eos
567 595 801 683 adgrediuntur.
840 595 893 661 die
913 595 999 663 festo
1021 596 1072 662 alii
1093 595 1155 662 alios

145 716 203 782 per
220 691 358 779 speciem
375 690 631 757 celebrandarum
649 699 743 756 cantu
761 689 924 778 epularum
937 689 1155 757 causainvitmt

147 798 178 854 et
194 788 278 866 vino,
297 786 389 853 ouius
407 785 535 850 avidum
552 784 652 852 ferme
669 806 771 873 genus
789 793 850 863 est,
875 796 1024 853 oneratos
1042 785 1156 873 sopimt,

113 891 241 967 eatque
262 881 307 946 ita
327 879 361 945 in
381 878 523 967 plaustra
540 901 651 946 somno
668 879 792 945 vinctos
810 879 970 946 coniciunt
988 902 1028 947 ao
1043 880 1157 947 Romam

147 977 321 1062 deportant.
356 996 416 1041 neo
436 975 525 1062 prius
548 996 675 1040 sensere
696 996 792 1059 quam
813 973 963 1060 plaustris
985 975 1021 1041 in
1042 971 1103 1042 foro
1119 995 1157 1040 re·

98 1089 129 1138 10
146 1071 229 1136 lictis
250 1070 361 1157 plenos
384 1068 531 1155 crapulae
553 1090 607 1134 eos
628 1067 685 1133 lux
707 1069 872 1155 oppressit.
908 1078 987 1136 tune
1009 1091 1160 1136 concursus

145 1164 255 1252 populi
276 1164 394 1243 factus,
417 1163 645 1250 impetratoque
666 1171 702 1227 ut
723 1171 897 1242 manerent,
922 1165 1049 1244 datum,
1071 1173 1102 1230 ut
1118 1163 1161 1228 tri-

48 1253 51 1259 ’
148 1260 246 1324 duum
264 1257 431 1343 quotannis
449 1257 551 1324 ornati
573 1279 646 1323 cum
664 1267 759 1324 cantu
775 1267 870 1343 atque
891 1257 968 1339 hac,
991 1275 1074 1345 quae
1092 1279 1163 1324 nunc

148 1353 308 1420 sollemnis
327 1361 388 1431 est,
410 1351 537 1418 boeotia
557 1374 615 1439 per
635 1351 746 1419 urbem
764 1363 963 1440 vagarentur,
986 1355 1163 1421 restitutum-

147 1448 260 1533 quein
272 1448 351 1514 aede
363 1446 512 1514 vescendi
529 1447 578 1512 ius
595 1448 645 1525 iis,
659 1447 715 1532 qui
732 1448 829 1513 sacris
846 1449 1074 1534 praecinerent.
1098 1449 1163 1515 haec

147 1542 227 1608 inter
243 1542 377 1608 duorum
393 1542 569 1628 ingentium
585 1540 741 1610 bellorum
759 1564 866 1607 curam
883 1543 1084 1629 gerebantur.

115 1655 129 1703 1
211 1635 350 1702 XXXI.
383 1635 539 1703 Consules
565 1637 647 1702 inter
669 1659 703 1703 se
725 1636 902 1723 provincias
929 1638 1056 1726 partiti:
1085 1639 1164 1706 Iunio

136 1728 324 1810 Samnites,
342 1729 481 1796 Aemilio
501 1753 620 1797 novum
642 1730 760 1798 bellum
783 1730 912 1797 Etruria
934 1743 1021 1798 sorte
1043 1733 1164 1801 obvenit.

114 1825 181 1893 ain
192 1824 323 1893 Samnio
333 1824 480 1892 Cluviam
498 1826 690 1912 praesidium
698 1827 889 1909 Romanum,
903 1827 979 1911 quia
997 1829 1166 1914 nequiverat

148 1921 182 1987 vi
199 1921 283 2006 capi,
303 1920 469 1987 obsessum
486 1921 571 1986 fame
589 1921 623 1985 in
639 1920 831 1988 deditionem
849 1933 1039 2009 acceperant
1056 1922 1167 1991 Samni·

148 2023 206 2091 tes,
225 2013 471 2099 verberibusque
488 2014 617 2081 foedum
634 2014 669 2080 in
680 2016 810 2081 modum
827 2014 983 2083 laceratos
1002 2019 1168 2086 occiderant

115 2114 134 2174 ε’
150 2108 283 2174 deditos.
318 2107 393 2174 huic
409 2108 553 2174 infensus
576 2108 751 2175 crudelitati
768 2109 894 2188 Iunius,
916 2111 998 2176 nihil
1021 2112 1168 2198 antiquius

149 2202 382 2290 oppugnatione
401 2197 557 2270 Cluviana
573 2213 671 2282 ratus,
689 2203 822 2294 quodie
839 2204 1013 2291 adgressus
1031 2216 1081 2273 est
1095 2227 1170 2273 moe·

114 2313 132 2362 4
148 2297 215 2377 nia,
237 2297 270 2363 vi
288 2298 370 2384 cepit
387 2308 481 2382 atque
498 2319 607 2364 omnes
628 2298 765 2385 puberes
786 2298 952 2364 interfecit.
989 2300 1066 2368 inde
1083 2301 1170 2367 victor

148 2393 303 2460 exercitus
325 2392 503 2458 Bovianum
530 2393 653 2458 ductus.
696 2402 790 2478 caput
815 2392 876 2458 hoc
902 2404 969 2459 erat
992 2394 1170 2462 Pentrorum

150 2484 340 2552 Samnitium
360 2487 455 2574 longe
473 2486 662 2552 ditissimum
680 2496 774 2571 atque
792 2486 1069 2574 opulentissimum
1087 2489 1170 2556 armis

114 2598 130 2647 5
148 2581 296 2666 virisque.
330 2581 376 2647 ibi
392 2582 468 2666 quia
483 2581 569 2646 haud
586 2591 708 2646 tantum
725 2581 842 2647 irarum
860 2591 940 2661 erat,
966 2606 1026 2670 spe
1047 2585 1172 2672 praedas

148 2676 262 2743 milites
285 2677 409 2742 accensi
431 2677 546 2763 oppido
568 2678 737 2763 potiuntur.
773 2676 876 2742 minus
898 2676 1010 2762 itaque
1029 2679 1172 2746 saevitum

147 2768 182 2834 in
199 2769 306 2835 hostes
325 2779 386 2847 est,
409 2771 544 2855 praedae
565 2769 636 2855 plus
654 2792 755 2856 paene
774 2793 868 2855 quam
886 2793 927 2836 ex
945 2773 1036 2838 omni
1054 2772 1172 2841 Samnio

114 2879 130 2927 e
148 2884 300 2946 umquam
318 2872 475 2950 egestum,
498 2863 696 2952 benigneque
719 2865 821 2930 omnis
843 2865 935 2930 militi
953 2889 1116 2933 concessa
1147 2874 1173 2931 et

148 2967 316 3043 postquam
338 2968 573 3045 praepotentem
596 2960 691 3025 armis
714 2958 894 3025 Romanum
916 2983 978 3026 neo
1002 2964 1087 3029 acies
1110 2959 1172 3027 sub·

150 3051 260 3117 sistere
278 3052 360 3118 ullae
376 3075 435 3119 nec
453 3064 555 3120 castra
572 3075 631 3119 nec
647 3054 742 3120 urbes
760 3062 917 3140 poterant,
937 3057 1084 3122 omnium
1100 3055 1173 3144 prin·

149 3147 255 3232 cipum
272 3148 306 3212 in
321 3145 451 3215 Samnio
470 3172 507 3215 eo
525 3170 619 3214 curae
637 3158 710 3215 sunt
726 3149 873 3231 intentae,
891 3160 929 3215 ut
944 3152 1073 3219 insidiis
1091 3172 1173 3238 quao-

148 3251 268 3306 reretur
284 3242 387 3321 locus,
411 3242 439 3308 si
456 3265 518 3327 qua
535 3243 661 3308 licentia
681 3243 862 3330 populando
883 3244 1010 3312 effusus
1030 3246 1172 3314 exercitus

117 3351 131 3398 7
150 3336 252 3422 excipi
261 3358 298 3402 ac
306 3336 523 3405 circumveniri
535 3347 651 3422 posset.
679 3337 861 3425 transfugae
871 3349 1017 3424 agrestes
1028 3350 1061 3406 et
1071 3336 1173 3428 captivi

150 3429 287 3512 quidam,
301 3453 375 3515 pars
389 3431 468 3497 forte
481 3455 554 3518 pars
569 3432 698 3498 consilio
712 3432 817 3509 oblati,
833 3437 1046 3519 congruentia
1058 3438 1099 3502 ad
1111 3455 1173 3501 con·

150 3516 251 3588 sulem
269 3525 459 3605 adferentes,
470 3530 563 3611 'quae
581 3537 612 3594 et
629 3550 704 3592 vera
721 3536 822 3605 erant,
845 3528 969 3612 pecoris
990 3530 1060 3596 vim
1076 3531 1173 3616 ingen-

150 3626 215 3682 tem
240 3617 274 3681 in
300 3619 414 3685 saltum
444 3621 551 3686 avium
578 3621 761 3708 conpulsam
778 3630 872 3700 esse,
899 3625 1121 3710 perpulerunt,
1143 3628 1171 3686 ut

115 3711 334 3797 apraedatum
358 3735 395 3780 eo
418 3716 582 3802 expeditae
605 3717 791 3782 ducerentur
812 3714 966 3802 legiones.
1005 3718 1052 3785 ibi
1072 3719 1169 3806 ingens

150 3806 288 3873 hostium
307 3810 461 3876 exercitus
479 3811 591 3877 itinera
608 3810 748 3877 occultus
766 3810 941 3890 insederat,
964 3821 999 3878 et
1015 3823 1168 3901 postquam

149 3899 282 3967 intrasse
300 3902 460 3969 Romanos
478 3904 558 3969 vidit
575 3905 703 3984 saltum,
725 3913 854 3991 repente
876 3916 1009 3975 exortus
1033 3930 1104 3975 cum
1118 3903 1169 3970 cla·

115 4000 134 4058 a
149 4015 237 4059 more
254 4017 291 4061 ac
309 3997 444 4063 tumultu
462 3997 604 4065 incautos
620 4000 750 4066 invadit.
782 4008 813 4063 et
829 4000 933 4086 primo
951 4025 1039 4070 nova
1053 4022 1103 4068 res
1119 4008 1168 4063 tre·
