2566 4524
286 263 406 320 amaa
421 259 822 336 x‚1a1c[s.u.ass.asr]
1009 247 1076 321 bot

61 424 192 512 ncrepari
206 422 410 512 magistratus
420 419 622 504 Samnitium,
635 421 721 508 quod
734 420 906 489 exercitum
920 421 1075 490 adversus

61 543 207 588 lucanum
224 518 349 586 hostem
366 528 571 607 conparatum
588 516 760 587 obiecerint
776 516 945 598 Romanis3
967 519 1075 604 itaque
1092 539 1111 591 ι

61 617 104 682 uis
122 614 346 700 sociorumque
362 613 483 680 viribus
500 635 691 702 consurgere
708 612 818 680 hostes
836 613 878 679 ad
895 612 1023 693 bellum,
1044 625 1076 681 et

61 711 285 796 audquaquam
300 708 370 797 pari
387 707 627 798 defungendum
644 730 716 776 esse
734 708 913 775 certamine.
944 707 996 776 hic
1014 719 1074 776 ter·
1093 729 1111 779 o

61 829 103 885 cr,
121 828 197 872 cum
214 802 362 871 inlustres
379 803 440 870 siri
456 802 656 872 consulatum
672 812 829 891 peterent,
853 826 963 871 omnes
980 804 1014 870 in
1033 802 1074 888 Q.

61 898 178 968 'abinm
194 897 374 966 Maximum
391 897 493 987 primo
509 921 575 967 non
595 905 769 986 petentem,
789 897 916 978 deinde,
935 909 971 965 ut
987 899 1077 966 incli-

61 1005 113 1063 ata
140 994 247 1062 studia
273 993 366 1073 vidit,
392 993 488 1060 etiam
512 1002 712 1061 recusantem
734 993 897 1059 convertit.
937 993 1015 1078 quid
1041 1014 1110 1064 see

61 1113 104 1158 un
121 1111 233 1158 senem
250 1110 288 1155 ac
304 1087 506 1176 perfimctum
522 1088 684 1156 laboribus
700 1087 908 1174 laborumque
925 1088 1075 1176 praemiis

61 1183 269 1253 allicitarenti
293 1205 352 1250 nec
378 1184 517 1270 corporis
542 1205 602 1251 nec
628 1182 726 1250 animi
746 1184 889 1270 vigorem
914 1205 1076 1250 remanere

61 1279 194 1359 undem,
217 1287 250 1346 et
269 1278 429 1345 fortunam
445 1276 550 1365 ipsam
567 1277 682 1358 vereri,
704 1300 745 1345 ne
763 1278 815 1344 cui
832 1278 963 1345 deorum
979 1278 1078 1344 nimia

61 1397 104 1443 un
121 1373 157 1440 iu
173 1394 210 1440 se
227 1381 259 1440 et
275 1371 477 1452 constantior,
491 1394 587 1458 quam
604 1372 702 1439 velint
718 1372 876 1439 humanae
893 1394 955 1453 res,
969 1372 1078 1439 videa·

61 1492 101 1538 ur.
137 1476 223 1535 etse
239 1466 359 1556 gloriae
377 1466 537 1536 seniorum
554 1465 768 1546 subcrevisse,
791 1477 822 1534 et
840 1468 881 1533 ad
899 1489 990 1534 suam
1007 1466 1077 1556 glo·
1096 1485 1111 1536 ι

61 1565 121 1632 lam
149 1571 375 1652 consurgentes
402 1562 481 1629 alios
510 1562 629 1630 laetum
660 1562 810 1650 aspicere.
854 1584 914 1630 nec
938 1561 1074 1630 honores

61 1679 177 1748 ragnos
206 1656 387 1725 fortissimis
417 1656 495 1723 uiris
519 1657 642 1724 Romae
672 1679 732 1726 nec
761 1657 933 1725 honoribus
964 1658 1077 1726 deesse

61 1765 142 1821 ortes
164 1751 259 1819 viros.
294 1752 428 1820 acuebat
447 1751 509 1818 hac
529 1751 743 1819 moderatione
765 1763 830 1819 tam
852 1753 936 1818 iusta
957 1753 1112 1831 studia38

61 1871 124 1936 uae
142 1847 333 1916 verecundia
348 1846 458 1936 legum
473 1848 700 1936 restinguenda
716 1858 813 1926 ratus,
832 1846 938 1936 legem
953 1846 1078 1914 recitari
1186 1847 1195 1863 ’“

61 1943 152 2023 ussit,
180 1965 245 2029 qua
268 1942 351 2009 intra
376 1942 488 2009 decem
512 1964 612 2009 annos
640 1942 775 2009 eundem
802 1941 965 2009 consulem
991 1940 1078 2008 refici

61 2061 108 2106 on
125 2036 245 2105 liceret.
281 2035 336 2102 vix
356 2058 433 2124 prae
455 2038 588 2125 strepitu
609 2037 717 2104 audita
737 2037 790 2105 lex
812 2047 876 2117 est,
898 2036 1078 2122 tribunique
1097 2054 1112 2105 9

61 2131 148 2200 labis
164 2129 245 2199 nihil
260 2128 294 2198 id
314 2131 519 2219 inpedimenti
536 2130 678 2197 futurum
696 2132 835 2200 aiebant·
864 2154 898 2199 se
916 2133 958 2198 ad
978 2153 1080 2242 popu-

61 2251 112 2296 um
138 2226 274 2307 laturos,
300 2227 348 2294 uti
372 2225 497 2316 legibus
524 2226 707 2294 solveretur.
756 2236 788 2292 et
812 2226 866 2292 ille
892 2227 1056 2311 quidem
1046 2249 1080 2291 ιιι
1099 2245 1132 2294 ιο

61 2321 221 2390 euusaudo
237 2315 411 2410 perstabat,
433 2322 511 2407 quid
532 2344 608 2434 ergo
626 2321 772 2389 attineret
792 2319 881 2408 leges
902 2319 978 2387 ferri
994 2320 1081 2407 rogi·

61 2440 131 2499 ans,
154 2414 271 2504 quibus
292 2438 349 2505 per
371 2417 500 2484 eosdem
522 2417 576 2503 qui
597 2416 744 2483 tulissent
764 2413 853 2481 fraus
875 2413 1081 2481 lieretliam
1157 2454 1167 2473 .

61 2535 114 2600 egr
101 2511 230 2601 leges,
244 2533 308 2578 non
318 2533 438 2599 regere.
465 2510 602 2599 populus
619 2509 717 2577 nihilo
729 2508 833 2575 minus
852 2507 1030 2596 suffragia'
1021 2506 1082 2572 mi-
1099 2529 1131 2579 11

61 2617 113 2688 at,
137 2616 170 2673 et
190 2615 227 2672 ut
247 2627 392 2692 quaeque
413 2606 495 2673 intro
517 2614 630 2673 vocata
651 2613 718 2671 erat
739 2603 893 2682 centuria,
917 2600 1080 2669 consulem

61 2701 132 2770 aud
150 2700 246 2768 dubie
263 2700 400 2768 Fabium
418 2700 553 2767 dicebat.
588 2710 656 2766 tum
674 2700 802 2766 demum
824 2720 982 2766 consensu
1003 2696 1132 2765 civi-12
1199 2732 1202 2737 ·

61 2798 119 2865 atis
137 2796 256 2863 victus:
280 2796 345 2863 ‘dei
362 2795 550 2883 adprobent’
567 2795 670 2882 inquit
688 2795 788 2882 ‘quod
805 2794 900 2884 agitis
917 2793 1080 2878 acturique

61 2893 134 2973 atis,
149 2889 300 2976 Quirites.
332 2900 480 2972 ceterum,
498 2892 648 2977 quoniam
663 2892 698 2958 in
714 2913 776 2971 me,
795 2891 881 2977 quod
897 2913 956 2958 vos
973 2889 1079 2969 vultis,

61 2985 162 3055 'acturi
179 2985 272 3066 estis,
294 2985 328 3052 in
345 2985 468 3074 collega
485 2986 526 3053 sit
542 3007 633 3052 meae
655 2986 741 3073 apud
763 3007 822 3053 vos
839 2986 960 3074 gratiae
975 2985 1080 3053 locus:
1214 3004 1218 3011 ·

61 3082 83 3150 Ρ.
91 3080 245 3160 Decium,
255 3090 420 3168 expertum
433 3081 512 3147 mihi
524 3079 671 3148 concordi
684 3078 818 3167 collegio
826 3079 939 3157 vnum,
948 3079 1082 3166 dignum
1100 3096 1134 3148 ιι

61 3175 154 3256 obis,
173 3175 307 3288 dignum
322 3187 453 3264 parente
470 3198 543 3287 suo,
562 3197 680 3263 quaeso
702 3195 827 3241 mecum
849 3171 1011 3241 consulem
1033 3171 1081 3238 fa-

61 3268 158 3338 iatisss
183 3269 268 3338 iusta
285 3270 514 3358 suffragatio
483 3293 562 3338 vrso.
589 3290 794 3355 omnesquae
812 3276 996 3355 supererant
1008 3287 1082 3334 cen-

61 3387 148 3434 unae
166 3363 209 3451 Q
223 3365 369 3445 Fabium,
387 3365 426 3432 P.
440 3365 579 3433 Decium
597 3365 744 3433 consules
762 3363 879 3430 dixme

110 3460 165 3528 Eo
183 3483 265 3528 anno
286 3460 445 3548 plerisque
467 3461 535 3528 dies
557 3460 642 3527 dicta
658 3457 700 3525 ab
721 3457 890 3536 aedilibus,
913 3455 988 3542 quia
1008 3455 1081 3545 plus
1100 3473 1134 3525 14

61 3577 145 3644 quam
163 3555 251 3640 quod
270 3555 343 3643 lege
359 3555 484 3622 finitum
501 3564 567 3622 erat
584 3554 653 3642 agri
674 3552 880 3641 possiderent.
914 3573 975 3619 uec
995 3552 1083 3638 quis-

61 3673 147 3738 quam
163 3648 265 3717 ferme
282 3661 332 3717 est
347 3660 516 3739 purgatus,
535 3647 784 3733 vinculumque
775 3670 888 3736 angens
905 3647 1082 3715 inmodicae

61 3743 231 3832 rupiditatis
249 3743 400 3811 iniectum
417 3754 475 3812 est.

108 3837 229 3905 XIIII.
257 3837 416 3906 Consules
434 3838 508 3906 novi
526 3835 697 3923 QFabius
706 3836 869 3905 Maximus
887 3845 1032 3922 quartum
1051 3841 1082 3898 et
1101 3853 1115 3901 1

61 3932 88 4000 ?.
105 3931 232 4000 Decius
249 3932 326 4000 Mus
349 3933 475 4001 tertium
496 3955 569 4001 cum
591 3933 672 4001 inter
694 3955 729 4000 se
751 3933 918 4021 agitarent,
941 3928 987 3994 uti
1004 3927 1083 3993 alter

61 4024 214 4096 iamnites
235 4028 358 4109 hostes,
377 4029 455 4096 alter
472 4027 627 4097 Etruscos
645 4027 810 4115 deligeret,
829 4033 1027 4111 quantaeque
1048 4022 1082 4087 in
1101 4039 1116 4087 2
