2566 4524
131 235 196 302 334
359 243 479 301 ιιιιιι
494 244 551 313 v1,
568 244 611 300 ae.
624 245 666 300 ee.
686 249 723 314 [a.
733 261 761 300 u.
771 262 795 301 ι.
803 243 863 301 ιιι.
871 246 937 319 ιιι]

115 414 199 472 erat
221 443 277 482 -,
305 402 399 468 simul
420 403 527 469 hostes
550 426 570 468 a
594 403 760 471 moenibus
785 424 945 470 recessere
972 413 1005 471 et
1028 404 1145 475 iuniores

97 499 268 573 sRomani
290 499 332 563 ad
357 497 494 564 edictum
521 497 589 563 sine
614 499 833 564 retractatione
859 521 1044 566 convenere.
1086 502 1159 573 (lun¹

132 593 338 662 conscribitur
350 592 472 659 Romae
486 594 651 672 exercitus,
671 603 774 661 castra
786 593 910 659 interim
928 594 1067 661 hostium
1077 595 1144 662 haud

130 689 240 780 procul
260 687 337 752 Alia
357 687 485 752 flumine
506 688 623 773 posita,
650 687 724 753 inde
750 710 862 775 agrum
887 687 952 755 late
978 689 1143 778 populantes

130 784 259 850 fatalem
282 804 317 848 se
338 781 409 847 urbi
430 782 594 848 Romanae
619 782 726 849 locum
752 783 873 870 cepisse
899 784 984 851 inter
1010 809 1044 852 se
1067 787 1143 852 iacta·

98 901 112 948 c
131 879 221 946 bant:
244 877 378 942 similem
395 899 547 963 pavorem
563 877 636 943 inde
654 900 692 944 ac
709 877 820 965 fugam
837 877 905 944 fore
928 901 968 946 ac
985 879 1066 947 bello
1083 878 1143 948 Gal·

131 976 192 1041 lico
210 973 313 1038 fuerit.
350 973 464 1038 etenim
483 974 511 1038 si
528 974 612 1039 diem
629 982 809 1040 contactum
826 973 980 1061 religione
993 976 1142 1064 insignem·
1160 1032 1163 1041 .

131 1091 193 1154 que
201 1067 327 1134 nomine
337 1067 404 1132 eius
417 1067 480 1133 loci
492 1067 622 1133 timeant
630 1067 775 1147 Romani,
794 1078 912 1152 quanto
925 1070 1031 1158 magis
1039 1067 1143 1136 Aliensi

131 1164 181 1228 die
199 1160 308 1227 Aliam
324 1162 440 1249 ipsam,
464 1172 702 1228 monumentum
720 1171 825 1228 tantae
844 1161 958 1243 cladis,
982 1162 1154 1230 reformida·

127 1256 237 1322 turos?
259 1256 379 1342 species
397 1254 539 1343 profecto
556 1255 606 1321 his
624 1254 669 1321 ibi
686 1265 790 1323 truces
806 1253 972 1323 Gallorum
990 1274 1143 1344 sonumque

81 1339 113 1422 ἰ
132 1351 219 1417 vocis
241 1349 274 1415 in
297 1350 397 1416 oculis
420 1359 515 1435 atque
538 1349 666 1416 auribus
689 1350 766 1417 fore.
810 1351 869 1417 has
890 1351 1036 1419 inanium
1061 1371 1152 1418 rerun-

130 1447 240 1512 inanes
263 1445 348 1532 ipsas
370 1445 498 1510 volvent
485 1454 533 1511 tes
555 1444 760 1532 cogitationes
786 1445 933 1512 fortunae
954 1447 1016 1513 loci
1039 1447 1144 1534 delege'

130 1549 241 1606 verant
258 1562 330 1625 spes
349 1563 432 1605 suas.
468 1539 605 1605 Romani
629 1550 703 1605 cont
703 1562 751 1619 ra,
779 1539 973 1644 ubicumque
996 1552 1079 1609 esset
1093 1543 1142 1608 Ie·

131 1635 216 1698 tinus
233 1633 316 1698 host
294 1643 348 1712 trs,
369 1643 417 1699 sat
417 1634 445 1698 is
464 1635 553 1712 scire,
573 1656 647 1699 eum
665 1656 750 1714 esse,
769 1640 864 1719 quem
882 1635 922 1700 ad
939 1635 1098 1724 Regillum
1109 1635 1151 1700 le.

131 1751 203 1794 cum
226 1727 330 1793 deviet
317 1737 384 1792 tum
406 1737 532 1793 centum
555 1750 708 1794 annorum
732 1751 811 1814 pace
835 1728 973 1795 obnoxia
999 1731 1144 1796 tenue‘
1142 1758 1147 1765 ·
1179 1803 1182 1807 ,

98 1847 113 1895 8
131 1825 262 1891 locum
253 1824 410 1912 insignem
427 1824 579 1890 memoria
600 1823 698 1890 cladis
719 1823 917 1890 inritaturum
942 1847 978 1891 se
999 1827 1099 1914 potius

31 1973 33 1977 .
133 1920 299 1984 delendam
322 1918 506 1983 memoriam
528 1918 689 1984 dedecoris
716 1940 811 2003 quam
833 1926 868 1984 ut
890 1919 1076 1986 timorems
1103 1919 1111 1935 '
1137 1938 1140 1943 ·

100 2034 173 2080 ene
200 2035 262 2096 qua
288 2022 369 2077 terra
396 2013 436 2077 sit
461 2011 585 2078 nefasta
610 2012 759 2079 victoriae
783 2035 867 2079 suae.
913 2014 992 2100 quin
1014 2014 1074 2102 ipsi
1096 2034 1118 2079 ιι

133 2106 219 2174 Galli
236 2108 263 2173 si
281 2107 452 2172 offerantur
468 2107 522 2173 illo
539 2108 623 2188 loco,
643 2131 677 2174 se
694 2108 739 2175 ita
755 2117 966 2196 pugnaturos,
979 2119 1026 2189 ut
1042 2109 1139 2176 Romae
1178 2168 1182 2176 .

130 2202 339 2290 pugnaverint
359 2202 393 2268 in
414 2203 584 2289 repetenda
604 2203 718 2290 patria,
750 2212 786 2268 ut
806 2211 934 2291 postero
961 2204 1013 2270 die
1035 2205 1074 2270 ad
1131 2216 1140 2225 ·“

130 2297 210 2377 bios,
230 2306 305 2363 tunc
323 2318 396 2362 cum
414 2297 583 2376 effecerint,
602 2321 643 2363 ne
662 2297 732 2383 quis
751 2297 866 2377 hostis,
885 2299 941 2383 qui
958 2300 1080 2365 moenia

130 2416 225 2458 mana
246 2393 406 2470 intrasset,
434 2393 578 2458 nuntium
600 2392 760 2471 secundae
782 2392 998 2479 adversaeque
1020 2393 1147 2459 fortunat·-

131 2487 259 2552 domum
277 2487 438 2573 perferret.

98 2604 110 2649 1
194 2581 381 2647 XXVIIII.
405 2581 468 2647 His
486 2582 642 2668 utrimque
656 2581 768 2646 animis
782 2581 824 2647 ad
836 2579 945 2646 Aliam
961 2585 1137 2648 ventumst

131 2676 227 2741 dictat
183 2685 263 2741 ttor
274 2675 448 2754 Romanus,
466 2699 525 2763 pos
527 2686 635 2760 tquam
652 2676 686 2740 in
703 2685 851 2787 conspect
852 2699 874 2740 u
839 2677 1002 2743 thostes
1017 2674 1138 2743 emutir-

132 2769 241 2834 structi
257 2770 443 2853 intentique·
468 2770 610 2835 ‘videsne
629 2768 686 2849 tu,'
708 2770 810 2853 inquit
829 2769 886 2835 &A
906 2767 1082 2858 Semproni,
1097 2761 1138 2834 lod

130 2863 193 2927 fort
181 2875 257 2928 tuna
277 2863 348 2928 illos
371 2865 432 2930 fret
419 2874 468 2930 tos
491 2865 533 2930 ad
549 2865 658 2930 Aliam
680 2865 794 2931 constit
782 2864 878 2930 tisse?
898 2888 960 2931 nec
981 2866 1043 2932 illis
1065 2862 1138 2930 diiu·
1168 2871 1179 2881 '

130 2957 277 3023 mortales
300 2959 438 3024 certioris
466 2961 634 3045 quicquam
655 2959 789 3025 fiduciae
815 2959 984 3027 maiorisve
1011 2950 1139 3046 quodsi

97 3052 239 3122 eauxilii
260 3053 410 3119 dederint.
447 3063 480 3121 at
500 3064 536 3119 tn
557 3055 656 3120 fretus
679 3055 774 3120 armis
798 3055 975 3139 animisque
1002 3047 1138 3122 condar

3 3168 7 3175 ·
131 3147 220 3232 equis
237 3147 351 3214 invade
368 3148 505 3214 mediam
527 3149 641 3228 aciem3
668 3170 729 3236 ego
750 3171 822 3214 cum
843 3147 1026 3236 legionibus
1047 3148 1080 3215 in
1094 3155 1137 3212 ιιι·

130 3243 221 3309 batos
239 3244 492 3331 trepidantesque
509 3243 644 3308 inseram
663 3243 763 3330 signa.
790 3242 899 3309 adeste
917 3243 964 3309 dii
981 3252 1078 3310 testes
1092 3239 1138 3307 loe·
1175 3249 1176 3258 ’

132 3338 214 3403 deris
232 3349 264 3403 et
285 3340 421 3425 expetite
442 3360 561 3426 poenas
584 3336 706 3403 debitas
729 3337 823 3403 simul
844 3337 936 3404 vobis
960 3337 1084 3405 violatis
1100 3352 1139 3400 nc·
1175 3328 1178 3338 ’

98 3430 243 3514 ahisque
259 3454 317 3518 per
333 3443 474 3498 vestrum
494 3430 613 3498 numen
635 3432 795 3517 deceptis?
834 3454 899 3498 non
921 3432 1076 3518 equitem,
1095 3444 1139 3496 net
1175 3427 1181 3497 ’.

131 3524 268 3611 peditem
287 3528 462 3593 sustinuere
479 3526 686 3593 Praenestini.
712 3526 814 3614 primo
830 3526 954 3613 impetu
971 3550 1010 3594 ac
1027 3530 1139 3596 elamet
1178 3549 1179 3556 ¹

133 3620 275 3707 dissipati
289 3621 413 3687 ordines
427 3632 514 3702 sunt3
532 3623 614 3702 dein,
632 3630 801 3732 postquam
814 3620 902 3687 nullo
913 3621 988 3689 loco
1001 3616 1139 3688 00an
1175 3706 1178 3717 Ι

132 3714 225 3793 acies,
244 3724 333 3803 terga
349 3728 474 3783 vertunt
491 3717 677 3783 consternat
669 3739 741 3801 rque
759 3726 791 3782 et
807 3725 932 3803 praeter
946 3726 1051 3783 castra
1067 3712 1137 3780 etia!
1180 3758 1182 3799 :

133 3832 190 3877 sua
206 3832 323 3896 pavore
339 3810 470 3897 praelati
487 3835 552 3877 non
568 3811 655 3898 prius
679 3832 714 3876 se
737 3810 777 3877 ab
801 3810 905 3877 effuso
928 3833 1024 3878 cursu
1046 3804 1137 3876 ustus

97 3926 227 3988 equam
243 3905 277 3970 in
302 3917 472 3991 conspectu
489 3905 661 3972 Praeneste
683 3905 752 3971 fuit.
788 3904 834 3971 ibi
855 3928 896 3972 ex
917 3904 999 3994 fuga
1018 3888 1136 3987 discipul
1178 3920 1179 3937 ¹

132 3998 246 4081 locum,
264 4019 358 4088 quem
370 4000 572 4067 tumultuario
589 4022 683 4087 opere
697 4000 935 4080 communirent,
955 3998 1084 4086 capiunt,
1099 4008 1133 4062 ιι
