2566 4524
132 216 197 284 346
420 225 539 279 omna
555 224 611 294 vr,
629 222 672 277 40.
691 227 766 292 [au.
777 223 878 292 aesc]

100 405 115 456 2
133 387 206 453 inde
224 393 344 451 ceteros
357 391 482 469 patrum
495 380 669 460 defixisset,
688 378 751 466 Ap.
768 378 923 446 Claudius
939 379 1092 462 Crassus,
1108 405 1151 450 ne·

132 505 191 569 pos
213 478 395 556 decemviri,
423 476 536 541 dicitur
558 476 630 542 odio
652 476 755 562 magis
781 474 892 560 iraque
917 497 1018 561 quam
1043 501 1097 565 spe
1116 474 1147 547 ed

134 574 381 640 dissuadendum
403 569 596 657 processisse
614 578 645 634 et
662 569 786 634 locutus
803 570 837 633 in
854 569 940 636 hanc
957 571 1025 638 sere
1042 581 1147 639 sanun·

99 691 116 739 a
134 671 209 735 tiam
228 691 312 734 esse:
333 672 448 750 ‘neque
460 687 579 730 novum
592 685 695 749 neque
707 664 905 751 inopinatum
918 665 999 731 mihi
1012 666 1064 746 sit,
1083 665 1145 751 Qui-
1161 658 1164 663 ¹

133 765 223 840 rhea,
243 762 283 839 si,
303 761 387 844 quod
400 782 499 823 unum
512 758 649 823 familiae
661 768 788 823 nostrae
801 781 927 846 semper
941 758 1095 828 obiectum
1107 770 1143 830 est

135 857 175 922 ab
194 855 350 920 seditiosis
369 853 516 932 tribunis,
534 854 569 917 id
586 874 669 918 nunc
688 874 747 939 ego
765 874 891 938 quoque
906 855 1048 934 audiam,
1065 854 1141 922 Clau·

135 951 205 1015 diae
222 949 311 1037 genti
327 949 390 1013 iam
407 948 481 1012 inde
499 946 539 1013 ab
557 947 645 1013 initio
662 947 740 1012 nihil
757 947 916 1031 antiquius
935 947 971 1013 in
987 971 1023 1014 re
1038 947 1139 1035 publiea

133 1055 258 1132 patrum
280 1043 443 1108 maiestate
461 1042 574 1120 fuisse,
599 1064 724 1127 semper
740 1041 842 1128 plebis
860 1044 1037 1109 commodis
1053 1044 1140 1109 adver·

100 1161 118 1206 4
135 1150 220 1205 satos
235 1161 314 1204 esse.
342 1160 476 1222 quorum
493 1136 626 1201 alterum
642 1159 745 1220 neque
761 1158 844 1224 nego
862 1158 967 1220 neque
984 1138 1093 1202 infitias
1105 1158 1139 1215 co,

134 1256 207 1312 nos,
235 1255 276 1298 ex
296 1254 360 1317 quo
382 1231 494 1296 adsciti
516 1253 625 1296 sumus
648 1230 742 1296 simul
763 1230 797 1294 in
818 1230 979 1296 civitatem
1001 1241 1033 1296 et
1048 1240 1140 1318 patrer,
1163 1236 1166 1241 '

136 1329 226 1394 enixe
249 1349 377 1413 operam
398 1325 538 1403 dedisse,
564 1334 601 1389 ut
621 1347 679 1411 per
695 1346 753 1390 nos
771 1333 864 1390 aucta
880 1325 988 1411 potius
1006 1347 1097 1410 quam
1108 1324 1141 1389 in·

134 1423 256 1488 minuta
277 1421 425 1486 maiestas
444 1442 552 1485 earum
569 1420 726 1507 gentium,
747 1419 829 1485 inter
846 1443 926 1504 quas
943 1443 1004 1487 nos
1023 1443 1089 1487 esse
1102 1441 1141 1485 vc·

102 1517 252 1594 aluistis,
271 1515 334 1581 dici
348 1537 424 1599 yere
436 1524 553 1601 posset.
589 1514 667 1580 illud
685 1515 817 1580 alterum
834 1537 892 1602 pro
909 1538 962 1581 me
980 1516 1144 1583 maioribus·

136 1634 197 1697 que
215 1610 294 1675 meis
313 1611 500 1675 contendere
518 1607 634 1687 ausim,
654 1607 808 1692 Quirites,
827 1609 902 1688 nisi,
921 1633 1005 1695 quae
1021 1633 1077 1698 pro
1092 1609 1143 1676 uni·

135 1728 227 1771 versa
247 1726 282 1769 re
304 1703 432 1791 publica
454 1703 544 1781 fiant,
568 1725 606 1768 ea
622 1702 708 1789 plebi
726 1713 886 1788 tamquam
904 1704 1000 1769 aliam
1017 1701 1143 1770 incolenti
1160 1784 1166 1795 ι

135 1799 246 1865 urbem
260 1799 393 1864 adversa
406 1797 477 1882 quis
490 1805 593 1884 putet,
612 1796 690 1861 nihil
707 1818 765 1862 nos
784 1819 886 1882 neque
904 1797 1045 1885 privatos
1062 1816 1143 1882 neque

134 1896 168 1959 in
185 1893 435 1980 magistratibus,
455 1893 540 1976 quod
556 1891 791 1957 incommodum
807 1891 894 1978 plebi
911 1902 1010 1972 esset,
1031 1893 1144 1959 scientes
1163 1936 1169 1955 .

135 1988 250 2053 fecisse
267 2009 326 2051 nec
343 1985 441 2049 ullum
460 1985 579 2049 factum
597 1985 755 2050 dictumve
772 1994 915 2051 nostrum
927 1997 1038 2055 contra
1050 1986 1146 2053 utilia

136 2092 200 2168 tqm
213 2089 359 2157 vestram,
379 2079 438 2143 etsi
451 2080 605 2163 quaedam
620 2089 727 2146 contra
740 2079 934 2146 voluntatem
947 2081 1073 2160 fuerint,
1090 2099 1147 2146 vere

103 2198 117 2246 6
135 2174 245 2241 referri
266 2195 370 2259 posse.
406 2196 447 2237 au
469 2172 543 2252 hoc,
567 2174 595 2238 si
613 2173 766 2240 Claudiae
788 2174 926 2239 familiae
946 2197 1014 2241 non
1030 2176 1089 2242 sim
1104 2191 1148 2238 nec

136 2293 176 2335 ex
196 2267 328 2356 patricio
352 2268 505 2355 sanguine
528 2277 629 2347 ortus,
657 2269 818 2335 sedunus
842 2267 1003 2352 Quiritum
1026 2267 1148 2355 quilibet,

136 2363 191 2448 qui
213 2363 307 2428 modo
328 2385 379 2428 me
402 2361 526 2427 duobus
549 2363 694 2449 ingenuis
718 2372 821 2428 ortum
844 2372 875 2427 et
892 2363 1000 2429 vivere
1018 2364 1052 2428 in
1068 2363 1151 2428 libera
1185 2402 1187 2411 =

103 2477 117 2523 7
137 2458 261 2523 civitate
283 2457 396 2536 sciam,
422 2456 552 2521 reticere
573 2456 709 2543 possim,
731 2456 773 2523 L.
796 2456 886 2521 illum
905 2454 1053 2523 Sextium
1075 2466 1105 2522 et
1121 2453 1151 2520 Ο.

135 2552 309 2630 Licinium,
332 2560 516 2638 perpetuos,
541 2551 568 2617 si
586 2551 646 2615 diis
664 2551 780 2636 placet,
804 2551 961 2629 tribunos,
986 2561 1107 2618 tantum
1125 2549 1153 2613 li·

136 2646 255 2710 centiae
277 2667 391 2710 novem
414 2644 504 2710 annis
526 2644 641 2730 quibus
658 2654 792 2731 regnant
810 2646 999 2731 sumpsisse,
1022 2655 1058 2710 ut
1075 2643 1153 2710 vobis

134 2749 251 2826 negent
272 2748 460 2824 potestatem
481 2739 613 2806 liberam
635 2739 779 2826 suffragii
799 2762 862 2805 non
879 2741 913 2804 in
931 2739 1081 2817 comitiis,
1102 2759 1155 2802 non

101 2849 117 2897 8
135 2834 169 2898 in
186 2832 309 2920 legibus
322 2833 472 2924 iubendis·
482 2856 516 2899 se
529 2834 737 2921 permissuros
752 2835 842 2900 esse?
860 2833 945 2900 “sub
958 2830 1155 2900 condicione”

135 2928 237 3013 inquit
261 2934 344 2994 “nos
365 2929 510 2995 reficietis
533 2931 691 2996 decimum
713 2930 883 2996 tribunos.''
919 2932 997 3015 quid
1015 2941 1064 2998 est
1081 2928 1156 2996 aliud

136 3023 254 3087 dicere:
283 3024 394 3107 “quod
413 3034 525 3111 petunt
547 3025 613 3103 alii,
640 3048 699 3092 nos
721 3026 801 3091 adeo
822 3025 1017 3104 fastidimus,
1042 3035 1078 3090 ut
1099 3024 1156 3090 sine

102 3135 117 3183 a
136 3117 279 3183 mercede
301 3141 418 3206 magna
440 3142 504 3185 non
526 3119 758 3205 accipiamus?'’
785 3121 842 3185 sed
860 3141 941 3204 quae
960 3120 1089 3184 tandem
1105 3119 1157 3182 ista

135 3235 255 3279 merces
279 3222 341 3292 est,
369 3236 433 3299 qua
455 3236 512 3278 vos
536 3235 660 3299 semper
681 3212 823 3278 tribunos
845 3213 947 3299 plebis
973 3208 1156 3279 habeamus?

138 3313 192 3372 “ut
204 3307 407 3394 rogationes’'
424 3307 526 3393 inquit
541 3313 694 3386 “nostras,
710 3331 767 3373 seu
779 3307 904 3394 placent
918 3329 975 3372 seu
989 3307 1156 3394 displicent,

137 3423 194 3466 seu
210 3401 302 3466 utiles
322 3424 379 3467 seu
396 3402 522 3467 inutiles
541 3411 628 3481 sunt,
648 3425 756 3468 omnes
771 3401 962 3468 coniunctim
975 3396 1156 3488 accipiatis.”

86 3512 119 3559 10
137 3493 268 3559 obsecro
281 3516 348 3573 vos,
368 3495 532 3580 Tarquinii
545 3495 661 3561 tribuni
673 3495 785 3583 plebis,
803 3506 921 3582 putate,
942 3518 994 3561 me
1009 3518 1050 3561 ex
1062 3493 1157 3560 media

136 3587 280 3653 contione
301 3611 400 3654 unum
423 3591 525 3656 civem
547 3590 739 3657 succlamare
762 3589 871 3657 “bona
892 3591 985 3656 venia
1008 3598 1111 3656 vestra
1125 3585 1157 3650 li·

137 3690 206 3747 ceat
224 3702 265 3746 ex
280 3681 331 3748 his
348 3684 565 3772 rogationibus
582 3684 701 3772 legere,
725 3707 804 3770 quas
823 3683 965 3751 salubres
983 3682 1075 3750 nobis
1093 3703 1156 3747 oen·

87 3795 118 3842 11
138 3800 244 3843 semus
258 3799 343 3857 esse,
361 3781 524 3865 antiquare
537 3781 643 3848 alias.'’
671 3781 778 3846 “non’'
796 3781 897 3865 inquit
912 3779 1053 3845 “licebit
1080 3775 1156 3843 tude

40 3911 43 3918 ,
136 3871 264 3938 faenore
277 3881 372 3958 atque
386 3875 480 3962 agris,
495 3877 581 3959 quod
594 3876 634 3940 ad
648 3899 705 3942 vos
720 3898 828 3942 omnes
842 3875 987 3961 pertinet,
1000 3871 1116 3948 iubeas,
1129 3875 1155 3933 et

136 3962 197 4030 hoc
212 3968 348 4052 portenti
365 3991 429 4034 non
446 3968 500 4034 fiat
517 3970 551 4034 in
568 3969 646 4036 urbe
658 3971 816 4049 Romana,
836 3970 881 4034 uti
894 3971 936 4034 L.
954 3967 1098 4035 Sextium
1114 3970 1154 4028 at-
