2566 4524
149 253 214 321 218
399 265 517 319 smne
534 264 606 335 1111,
625 265 666 319 ac.
679 265 721 320 ιι.
741 265 926 336 [amsans]

148 424 266 490 tamine
283 424 317 487 in
335 422 473 488 consiliis
492 422 637 487 omnibus
656 422 821 487 terrebant.
855 430 930 487 sunt
946 422 1003 508 qui
1023 423 1104 491 male
1117 446 1164 513 pu·

150 533 281 605 gnatum
299 516 339 582 ab
357 517 406 581 his
421 516 602 581 consulibus
616 517 650 580 in
663 516 783 602 Algido
796 525 941 583 auctores
955 518 1029 596 sint,
1048 539 1164 603 eamque

116 634 279 682 scansam
301 611 460 675 dictatoris
484 611 611 675 creandi
632 610 741 676 fuisse.
777 611 856 675 illud
874 610 951 676 sutis
975 622 1110 691 constat,
1132 610 1165 677 ad

148 707 209 771 adia
231 706 391 770 discordes
414 704 447 768 in
468 727 532 769 uno
559 706 710 770 adversus
736 715 860 790 patrum
888 704 1083 771 voluntatem
1106 727 1166 771 con·

149 800 296 877 sensisse,
314 821 354 863 ne
373 800 512 863 dicerent
528 800 726 878 dictatorem3
745 800 854 877 donec,
874 822 947 864 cum
960 800 1023 865 alia
1036 800 1105 866 aliis
1116 810 1166 867 ter·

146 893 286 958 ribiliora
308 893 504 959 adferrentur
528 915 587 957 nec
613 893 646 957 in
673 894 856 958 auctoritate
879 905 1008 959 senatus
1036 893 1165 961 eonsules

150 997 269 1065 essent,
298 985 339 1069 Q.
365 985 516 1053 Servilius
539 987 668 1052 Priscus
695 987 827 1052 summis
853 987 1027 1053 honoribus
1055 988 1166 1076 egregio

112 1101 226 1150 susus
251 1081 347 1159 ‘vos,’
373 1081 475 1165 inquit
502 1081 631 1146 ‘tribuni
656 1081 773 1167 plebis,
800 1082 949 1165 quoniam
977 1083 1167 1149 adextrant
1196 1156 1199 1165 .

147 1189 277 1241 ventum
299 1186 361 1254 est,
388 1184 516 1240 senatus
540 1176 733 1261 appellat‚ut
758 1176 792 1239 in
817 1186 904 1241 tanto
873 1177 1112 1242 tdiscrimine
1127 1174 1166 1243 rei
1194 1216 1199 1249 ,ι

146 1271 292 1357 publicae
314 1271 411 1335 dictat
399 1281 497 1336 torem
519 1271 623 1335 dicere
645 1269 789 1334 consules
812 1292 870 1356 pro
891 1280 1051 1356 potestate
1076 1280 1199 1341 verm
1192 1274 1199 1323 i

114 1387 129 1434 9
150 1365 290 1451 cogatis?
324 1387 388 1448 qua
405 1387 482 1429 voce
500 1365 607 1428 audita
624 1364 822 1429 occasionem
839 1363 979 1429 oblatam
992 1366 1054 1431 rati
1066 1360 1166 1431 tribuni
1191 1344 1199 1419 i

147 1483 212 1546 aug
191 1460 384 1524 oentdae
329 1460 492 1545 potestatis
511 1460 661 1524 secedunt
678 1481 798 1545 proque
816 1459 949 1546 collegio
967 1459 1165 1547 pronuntiant,
1191 1478 1199 1539 'g

146 1554 270 1640 placere
289 1553 433 1618 consules
453 1564 541 1617 senat
542 1577 574 1617 ur
529 1554 675 1618 tdicto
693 1554 855 1619 audientes
873 1576 960 1633 esse3
983 1578 1012 1620 sr
1001 1556 1165 1621 adversor

148 1668 339 1712 consensum
358 1646 543 1731 amplissimi
561 1648 678 1712 ordinis
697 1647 779 1712 ultra
796 1648 941 1726 tendant,
967 1649 1002 1713 in
1026 1647 1122 1714 vincla
1134 1665 1165 1711 sc

98 1761 130 1809 10
149 1742 222 1806 duci
244 1766 297 1807 eos
319 1743 470 1806 iussuros.
508 1742 652 1806 consules
675 1742 715 1807 ab
738 1742 870 1807 tribunis
893 1764 989 1826 quam
1011 1742 1055 1809 ab
1072 1748 1165 1809 senatu

146 1837 231 1900 vinci
249 1837 438 1911 maluerunt,
465 1837 624 1921 proditum
646 1860 666 1900 a
682 1837 825 1922 patribus
847 1837 964 1902 summi
986 1838 1109 1924 imperii
1124 1835 1164 1901 int

149 1932 320 2013 datumque
339 1929 398 1994 sub
417 1931 526 2015 iugum
545 1930 728 1995 tribuniciae
741 1933 889 2017 potestati
902 1933 1101 1998 consulatum
1112 1950 1165 1995 me·

87 2102 91 2107 Δ
148 2036 315 2100 morantes,
336 2025 363 2088 si
381 2024 508 2106 quidem
527 2025 598 2110 cogi
616 2025 734 2108 aliquid
750 2049 807 2110 pro
825 2036 982 2112 potestate
1000 2026 1043 2093 ab
1056 2026 1163 2092 tribunt

148 2117 292 2183 eonsules
303 2127 335 2181 et
347 2156 389 2165 —
403 2140 465 2200 quo
476 2118 551 2201 quid
564 2119 693 2184 ulterius
707 2120 829 2206 privato
839 2121 1015 2186 timendum
1031 2119 1163 2187 foret?-

98 2232 129 2279 11
148 2211 182 2276 in
199 2211 303 2276 vincla
325 2211 418 2276 etiarn
441 2214 513 2277 duci
535 2224 673 2298 possent.
710 2237 778 2280 sors
797 2227 832 2279 ut
849 2216 1036 2282 dictatorem
1054 2217 1169 2289 diocia,

148 2330 222 2371 nam
239 2329 279 2371 ne
296 2307 330 2371 id
347 2308 474 2390 quidem
491 2307 573 2371 inter
590 2307 728 2393 collegas
747 2320 950 2388 convenerat,
970 2309 1011 2376 Τ.
1032 2304 1172 2394 Quinctio}

149 2404 260 2467 evenit.
295 2404 324 2469 is
346 2403 388 2468 A.
408 2403 608 2468 Postumium
630 2403 806 2468 Tubertum
829 2427 974 2470 socerum
998 2429 1104 2484 suum,
1125 2422 1163 2467 ee·

148 2497 303 2562 verissimi
320 2498 443 2583 imperii
461 2498 572 2574 virum,
591 2497 774 2562 dictatorem
792 2499 880 2563 dixit
908 2498 948 2564 ab
968 2521 1006 2565 eo
1025 2500 1068 2565 L.
1082 2494 1162 2563 Iulius

99 2609 129 2656 12
148 2591 298 2677 magister
320 2593 460 2674 equitum
483 2603 531 2656 est
553 2591 665 2655 dictus.
703 2591 796 2654 simul
819 2591 951 2656 edicitur
973 2603 1006 2657 et
1028 2591 1171 2659 iustitium

148 2708 250 2767 neque
269 2685 353 2748 aliud
371 2696 436 2749 tota
453 2685 531 2750 urbe
550 2685 602 2770 agi
620 2707 713 2767 quam
728 2684 846 2749 bellum
860 2686 1016 2770 apparari.
1045 2680 1175 2775 cognitit¹

148 2779 327 2842 vacantium
346 2778 473 2841 militiae
491 2801 620 2842 munere
637 2790 711 2864 post
727 2778 844 2843 bellum
868 2780 1023 2845 differtur.
1064 2781 1107 2845 ita
1119 2776 1163 2841 du·

149 2870 193 2935 bii
216 2893 340 2954 quoque
362 2872 512 2936 inclinant
534 2873 574 2936 ad
597 2872 725 2937 nomina
747 2875 860 2939 danda.
898 2883 929 2938 et
947 2873 1098 2939 Hernicis
1113 2871 1162 2935 nr

148 2964 285 3047 tinisque
303 2965 417 3030 milites
430 2966 582 3051 imperati.
611 2967 766 3049 utrimque
781 2968 871 3032 enixe
884 2967 1071 3033 oboeditum
1086 2967 1163 3033 dieu·

150 3058 210 3123 tori
227 3070 284 3124 est.

115 3173 129 3221 1
212 3154 363 3220 XXVIL
387 3154 478 3220 Haec
487 3156 592 3221 omnia
601 3156 759 3220 celeritate
771 3155 892 3241 ingenti
906 3166 993 3236 aota3
1010 3158 1160 3239 relictoqu

150 3247 210 3315 Cn.
220 3250 302 3315 Iulio
321 3250 450 3314 consule
468 3251 508 3314 ad
526 3251 716 3335 praesidium
730 3250 817 3315 urbis
832 3262 863 3315 et
875 3250 917 3315 L.
930 3250 1017 3316 Iulio
1031 3252 1160 3339 magistr·

148 3344 289 3426 equitum
308 3344 348 3408 ad
366 3343 470 3408 subita
487 3344 561 3409 belli
579 3344 760 3421 ministeria,
780 3367 820 3408 ne
838 3366 901 3428 qua
918 3367 980 3422 res,
999 3368 1066 3431 qua
1077 3343 1170 3432 epm·-

149 3436 268 3500 sentin
286 3437 409 3514 castris,
428 3450 613 3514 moraretur,
633 3438 765 3502 dictator
781 3449 951 3523 praeeunte
969 3438 1014 3504 A.
1035 3434 1159 3506 Corneto

114 3551 130 3598 2
148 3530 293 3616 pontifice
311 3531 449 3595 maximo
466 3532 557 3596 ludos
572 3555 703 3618 magnos
718 3532 870 3596 tumultus
884 3555 982 3598 causa
995 3535 1093 3613 vovit,
1107 3550 1159 3619 pn·

148 3626 313 3708 sectusque
335 3625 375 3690 ab
397 3626 475 3692 urbe
498 3627 599 3691 diviso
621 3649 693 3691 eum
717 3625 866 3709 Quinctio
889 3629 1019 3694 consule
1042 3624 1157 3695 exercit!

114 3739 130 3787 3
149 3719 190 3783 ad
207 3718 313 3784 hostes
331 3721 481 3805 pervenit.
519 3721 599 3785 sicut
617 3720 690 3785 bina
709 3733 811 3785 castra
828 3721 967 3787 hostium
985 3745 1083 3809 parvo
1098 3722 1161 3786 inte¹

149 3836 184 3879 se
202 3813 303 3899 spatio
322 3814 470 3879 distantia
487 3815 641 3890 viderant,
664 3815 726 3899 ipsi
743 3837 869 3899 quoque
886 3816 973 3881 mille
991 3818 1089 3882 ferme
1102 3830 1156 3901 μ·

149 3931 203 3974 sus
222 3907 262 3972 ab
284 3907 388 3986 hoste,
412 3909 543 3973 dictator
565 3908 720 3987 Tusculo,
748 3909 860 3973 consul
881 3910 1031 3976 Lanuvio
1051 3904 1153 3997 propit·

114 4022 131 4068 4
148 4024 215 4066 rem
232 4003 337 4068 locum
350 4002 461 4067 castris
475 4012 632 4089 ceperunt.
659 4003 703 4068 ita
717 4013 865 4088 quattuor
876 4004 1033 4070 exereitus
1047 4000 1151 4091 totid!¹
