2566 4524
206 229 272 299 466
439 237 736 309 mecummet.
755 236 1009 311 [acassam]

209 399 338 479 caedes,
360 421 426 466 non
448 397 526 486 fuga
547 396 675 463 alterins
695 396 810 485 partis,
834 397 891 463 sed
911 421 978 465 nox
992 397 1144 481 incertos,
1163 399 1225 469 vieti

175 517 192 568 t
209 497 386 564 victoresne
404 502 518 573 essent,
537 491 671 559 diremit.
701 492 827 559 invenio
845 494 931 580 apud
948 495 1115 580 quosdam,
1132 497 1227 564 adua·
1275 508 1277 515 '

210 613 281 660 som
301 611 373 658 eam
393 610 535 676 pugnam
556 585 709 654 Romanis
730 586 831 656 fuisse
853 596 948 674 atque
969 589 1005 655 in
1027 611 1066 657 ea
1092 591 1228 659 cecidisse

175 708 192 760 e
211 683 253 770 Q.
270 684 405 752 Aulium
421 683 609 770 magistrum
626 683 777 768 equitum.
813 682 966 750 suffectus
987 684 1149 753 inlocum
1163 685 1230 753 Auli

210 780 250 848 0.
263 779 384 846 Fabius
402 778 554 865 magister
571 777 713 863 equitnm
729 799 803 844 cum
821 779 961 846 exercitu
976 803 1066 847 novo
1083 779 1126 849 ab
1141 781 1230 849 Roma

212 874 340 942 advenit
357 882 389 939 et
405 895 462 961 per
482 872 673 960 praemissos
690 874 817 940 nuntios
835 873 979 941 consulto
998 875 1165 956 dictatore,
1185 876 1233 943 ubi

211 967 397 1037 subsisteret
414 989 517 1053 quove
535 976 675 1054 tempore
693 976 725 1033 et
741 989 806 1053 qua
821 990 863 1034 ex
878 978 966 1056 parte
989 970 1121 1038 hostem
1134 971 1232 1060 adgre-

210 1065 343 1142 deretur,
363 1061 502 1130 substitit
518 1061 659 1129 occultus
678 1061 719 1128 ad
736 1062 843 1130 omnia
859 1064 936 1131 satis
949 1065 1127 1152 exploratis
1143 1065 1234 1134 oonsi-

177 1179 192 1228 ι
211 1160 272 1226 liis.
304 1159 437 1226 dictator
449 1179 523 1225 cum
535 1179 592 1244 per
604 1157 724 1244 aliquot
737 1158 804 1225 dies
821 1168 895 1246 post
910 1180 1056 1246 pugnam
1075 1161 1235 1229 continuis·

213 1263 261 1320 set
274 1275 349 1320 suos
361 1252 444 1318 intra
455 1251 583 1330 vallum,
593 1250 717 1317 obsessi
730 1251 833 1340 magis
846 1274 942 1338 quam
951 1252 1131 1323 obsidentis
1143 1255 1236 1334 modo,
1275 1300 1277 1315 .

174 1347 338 1435 teignum
358 1355 487 1433 repente
508 1367 634 1433 pugnae
655 1346 820 1433 proposuit
840 1355 886 1425 et,
908 1346 1074 1416 efficacius
1097 1359 1183 1417 ratus
1200 1350 1236 1416 ad
1273 1362 1277 1399 ι

211 1443 428 1510 accendendos
445 1442 584 1508 virorum
601 1440 730 1507 fortium
750 1441 887 1522 animos,
909 1441 1031 1508 nullam
1053 1443 1133 1512 alibi
1152 1466 1237 1531 quam

210 1538 244 1604 in
262 1546 362 1604 semet
378 1537 448 1623 ipso
470 1536 617 1621 cuiquam
638 1534 779 1602 relictam
801 1558 904 1623 spem,
927 1537 968 1603 de
986 1537 1144 1625 magistro
1160 1537 1237 1624 equi·

177 1647 192 1696 9
212 1641 280 1697 ιιιιιι
301 1652 458 1715 novoque·
470 1630 609 1696 exercitu
626 1630 757 1696 militem
775 1630 888 1696 celavit
904 1640 949 1710 et,
972 1641 1140 1718 tamquam
1159 1632 1236 1700 nuh

209 1725 273 1792 uisi
289 1725 323 1791 in
340 1724 504 1812 eruptione
521 1747 595 1812 spes
613 1733 711 1805 esset:
740 1724 845 1791 ‘locis'
865 1725 967 1812 inquit
991 1729 1167 1816 ‘angustia
1185 1726 1236 1794 mi·

210 1818 297 1898 liter,
320 1818 521 1906 deprehensi,
543 1818 606 1886 nisi
627 1841 722 1904 quam
739 1819 869 1886 victoria
887 1820 1136 1907 patefecerimus
1152 1822 1235 1900 viam.

160 1933 193 1983 10
210 1914 329 1981 nullam
342 1913 506 1980 habemus.
534 1913 648 1980 stativa
659 1922 767 1980 nostra
779 1913 973 1981 munimento
988 1917 1068 1983 satis
1083 1926 1153 1985 tuta
1163 1924 1235 1995 aunt,

213 2009 270 2073 sed
286 2007 393 2094 inopia
411 2007 522 2072 eadem
538 2007 668 2075 infesta:
686 2031 760 2074 nam
777 2016 809 2074 et
827 2009 910 2075 circa
927 2010 1035 2076 omnia
1053 2012 1237 2089 defecerunt,

211 2100 296 2166 unde
318 2099 453 2167 subvehi
474 2109 668 2168 commeatus
685 2110 843 2189 poterant,
865 2112 910 2182 et,
929 2127 957 2170 ει
946 2103 1151 2175 'homines
1139 2124 1236 2174 unvero

161 2215 192 2263 ιι
210 2194 353 2274 velints
344 2195 452 2280 minua
472 2194 543 2262 loca
565 2205 648 2262 sunt
687 2197 794 2282 itaque
819 2202 885 2263 non
905 2197 1087 2268 frustrabor
1108 2223 1168 2290 ego
1186 2220 1235 2267 vot

211 2298 315 2355 castra
331 2288 384 2355 hic
400 2289 647 2375 relinquendo,
636 2313 671 2356 m
688 2311 769 2374 quae
785 2290 903 2357 infecta
919 2291 1067 2374 victoria,
1088 2295 1171 2363 sicut
1183 2292 1236 2382 pri·

210 2383 292 2448 stino
305 2383 366 2462 die,
381 2405 438 2450 vos
452 2383 623 2471 recipiatis.
652 2385 747 2449 armis
768 2386 972 2466 munimenta,
986 2409 1054 2454 non
1070 2389 1235 2455 munimen·

158 2477 249 2546 1atis
272 2501 361 2544 arma
385 2487 453 2547 tuta
479 2499 550 2545 esse
577 2477 701 2544 debent
746 2488 849 2545 castra
873 2479 1012 2547 habeant
1037 2492 1233 2571 repetantque

210 2573 324 2657 quibus
347 2581 492 2661 operaest
516 2572 639 2639 trahere
660 2572 792 2639 bellum:
818 2596 877 2640 nos
900 2575 1044 2642 omnium
1066 2600 1174 2645 rerum
1195 2597 1234 2644 re·

158 2689 191 2737 ιι
210 2677 353 2753 spectum
378 2675 597 2754 praeterquam
622 2667 772 2734 victoriae
797 2667 889 2735 nobis
910 2668 1128 2740 abscidamus
1167 2671 1235 2738 late

210 2762 302 2847 signa
314 2762 347 2825 in
359 2760 498 2827 hostem:
516 2761 571 2827 ubi
585 2770 673 2827 extra
685 2761 803 2827 vallum
817 2785 932 2850 agmen
945 2766 1131 2846 excesserit,
1144 2774 1234 2834 casm

209 2854 325 2938 quibus
346 2854 534 2940 imperatum
557 2865 606 2921 est
626 2856 803 2922 incendant
840 2857 957 2923 damna
974 2869 1099 2941 vestra,
1121 2860 1234 2937 milites,

210 2947 351 3013 omnium
373 2947 456 3014 circa
477 2949 532 3035 qui
554 2949 736 3016 defecerunt
757 2951 945 3064 populorum
966 2955 1092 3039 praeda
1113 2954 1235 3022 sarcien-

158 3042 279 3113 14ur.'t
305 3052 337 3109 et
350 3043 489 3110 oratione
502 3043 673 3123 dictatoris,
688 3065 770 3131 quae
786 3046 984 3113 necessitatis
1001 3047 1138 3117 ultimae
1153 3046 1233 3117 into

208 3148 288 3218 erat,
311 3139 426 3206 milites
444 3139 571 3207 accensi
588 3141 734 3206 vadunt
695 3149 758 3206 tm
775 3141 915 3221 hostem,
938 3151 970 3208 et
983 3155 1157 3232 respectus
1175 3144 1234 3233 ipso

208 3233 384 3300 ardentium
402 3244 590 3314 οιειιοιιιιιι,
613 3257 804 3320 quamquam
826 3234 980 3323 proximis
997 3245 1129 3307 tantum
1143 3276 1186 3291 -
1197 3236 1232 3305 iu

208 3328 292 3394 enim
308 3330 444 3396 iusserat
462 3329 654 3397 dictator-
610 3330 754 3418 -ignis
772 3338 821 3396 est
839 3329 996 3410 subditus,
1013 3329 1100 3401 haut
1115 3350 1232 3441 parvm

157 3442 189 3491 15
207 3421 298 3487 fuit
288 3425 533 3491 mritamentum.
568 3425 675 3510 1taque
682 3425 769 3491 velu
777 3424 946 3492 vaecordes
962 3424 1106 3495 inlati
1077 3451 1171 3518 srgna
1181 3422 1234 3516 μὶ·

206 3539 260 3582 mo
277 3519 398 3604 impetu
413 3520 553 3586 hostium
570 3518 710 3599 turbant,
734 3519 791 3585 et
781 3543 816 3584 m
832 3528 988 3606 tempore,
1005 3533 1182 3612 postquam
1194 3540 1234 3589 t·

206 3611 313 3677 dentis
330 3615 439 3722 procul
456 3615 535 3680 vidit
552 3623 669 3694 castra,
687 3613 839 3701 magister
856 3614 1067 3700 equitum-
1017 3619 1121 3686 -id
1135 3634 1233 3687 convo

206 3715 296 3771 neret
318 3707 504 3794 signum—
462 3709 661 3776 —hostium
684 3717 773 3796 terga
793 3707 923 3775 invadit.
967 3709 1016 3777 ita
1039 3704 1232 3781 oircunffl

208 3796 382 3880 Samnites,
402 3824 466 3887 qua
481 3813 537 3889 pot
537 3812 586 3871 est
603 3804 752 3888 quisque,
773 3803 886 3890 fugam
902 3823 961 3891 per
978 3803 1114 3876 diversa
1127 3806 1230 3919 petunt·

155 3914 189 3964 16
206 3895 318 3983 ingens
333 3897 522 3964 multitudo'
513 3922 548 3964 m
559 3921 658 3964 unum
671 3908 758 3964 metu
770 3897 961 3986 conglobata
974 3919 1015 3967 ao
1028 3910 1133 3970 semet
1144 3901 1230 3989 ipsi!

155 4006 188 4056 ιι
206 3989 299 4057 turba
323 3991 523 4078 inpediens
513 4017 547 4059 m
572 3993 677 4059 medio
700 4014 802 4060 caesa
852 4001 959 4061 casua
984 3993 1130 4064 hostium
1154 3994 1228 4077 oq*
