2566 4524
135 251 198 315 140
393 258 512 313 mess
528 258 586 328 111,
605 258 647 313 rs.
657 259 699 313 17.
719 256 903 327 [saeros]

101 443 116 491 r
136 419 326 488 Sabinorum
347 418 380 482 id
403 416 567 482 consilium
591 425 675 480 esset
698 415 807 480 timere
825 423 871 493 et,
899 436 973 479 cum
994 416 1150 481 tantumin
1188 444 1190 451 ·

132 515 211 581 urbe
232 514 371 580 hostium
394 522 491 589 esset,
519 533 594 576 mox
618 508 755 576 Sabinae
777 509 997 595 Etruscaeque
1023 510 1150 598 legiones
1188 510 1190 517 '

133 633 174 676 ex
191 609 364 695 composito
383 608 539 684 adessent,
559 618 625 670 tum
643 605 761 670 aeterni
778 605 902 684 hostes,
919 604 1036 671 Volsci
1054 616 1086 671 et
1099 605 1151 671 Ae-

132 706 201 789 qui,
219 726 283 768 non
301 703 341 767 ad
359 701 570 787 populandos,
590 710 728 777 utente,
751 699 845 778 fines,
867 700 926 764 sed
944 700 986 764 ad
1003 699 1113 766 urbem
1124 708 1152 765 ut

99 821 174 868 sex
190 807 278 883 parte
297 806 435 882 captam,
462 795 612 859 venirent.
649 795 740 858 multi
762 803 793 859 et
810 794 889 858 varii
910 794 1053 860 timores.
1088 794 1152 859 inter

134 904 254 957 ceteros
269 890 425 956 eminebat
438 899 537 954 terror
550 888 681 966 servilis,
700 911 740 952 ne
755 911 832 953 suus
847 887 961 972 cuique
970 888 1061 953 domi
1068 888 1152 953 hostis

135 995 232 1063 esset,
252 986 302 1049 cui
319 1007 379 1048 nec
397 984 523 1049 credere
540 1005 599 1047 nec
616 1006 679 1047 non
698 983 867 1060 credendo,
891 1004 932 1046 ne
949 981 1096 1048 infestior
1109 982 1153 1047 fio·

98 1101 116 1148 4
133 1089 194 1156 ret,
222 1079 317 1143 fidem
336 1077 501 1164 abrogare,
530 1078 606 1142 satis
630 1087 696 1142 erat
716 1086 828 1140 tutum.
864 1076 982 1160 vixque
1000 1075 1154 1142 concordis

134 1174 202 1239 sisti
219 1172 385 1238 videbatur
405 1194 510 1258 posse.
548 1181 668 1235 tantum
694 1170 915 1257 superantibus
937 1169 1010 1236 aliis
1032 1192 1072 1236 ac
1087 1192 1155 1235 mer·
1185 1164 1190 1231 l

133 1267 280 1354 gentibus
298 1266 389 1331 malis
407 1288 500 1331 nemo
517 1265 658 1329 tribunos
682 1275 736 1329 aut
757 1263 882 1350 plebem
904 1263 1053 1331 timebat:
1079 1286 1154 1329 mon·
1181 1260 1190 1351 Ι

133 1371 257 1427 suetum
274 1361 307 1425 id
325 1361 442 1424 malum
465 1370 496 1424 et
517 1383 574 1445 per
595 1359 727 1424 aliorum
749 1359 887 1442 quietem
907 1359 1067 1425 malorum
1083 1381 1155 1425 sem·
1187 1364 1190 1445 j

132 1477 189 1541 per
207 1455 349 1518 exoriens
368 1465 497 1537 tumque
516 1476 586 1519 esse
603 1454 768 1539 peregrino
786 1463 903 1518 terrore
921 1454 1064 1538 sopitum
1079 1453 1155 1519 vide·
1188 1504 1190 1511 .

99 1549 236 1619 sbatur.
281 1557 313 1612 at
343 1546 376 1610 id
407 1569 505 1632 prope
523 1570 620 1610 unum
637 1547 773 1611 maxime
790 1546 946 1612 inclinetis
964 1547 1063 1613 rebus
1079 1547 1156 1612 incu-
1184 1538 1190 1613 l

132 1641 210 1708 buit.
246 1650 352 1707 tantus
375 1643 458 1705 enim
480 1640 621 1705 tribunos
644 1642 732 1706 furor
753 1640 866 1719 tenuit,
892 1650 1016 1706 utnon
1037 1640 1153 1717 bellum,
1184 1616 1190 1657 ⁸

134 1739 190 1804 sed
212 1760 326 1802 vanam
347 1737 518 1824 imaginem
543 1736 618 1801 belli
639 1738 680 1801 ad
707 1737 892 1802 avertendos
919 1735 960 1802 ab
986 1736 1070 1824 legis
1090 1758 1155 1802 curu

132 1833 234 1919 plebis
253 1834 373 1898 animos
388 1832 577 1917 Capitolium
595 1832 750 1897 insedisse
764 1833 1002 1910 contenderent;
1020 1831 1155 1919 panicio·

132 1952 203 1992 rum
224 1927 364 2012 hospites
388 1927 593 2010 clientesque,
622 1927 649 1990 si
672 1926 791 2011 perlata
812 1926 882 2012 lege
904 1925 1025 1992 frustra
1051 1924 1154 1992 tumul·

134 2031 236 2087 tuatos
254 2044 325 2086 esse
344 2044 378 2085 se
397 2022 540 2098 sentiant,
558 2021 676 2086 maiore
694 2044 789 2104 quam
802 2021 945 2087 venerint
959 2022 1086 2088 silentio
1097 2019 1154 2086 abi-

102 2135 116 2181 6
135 2126 231 2180 turos.
268 2115 433 2179 concilium
450 2115 524 2179 inde
541 2115 605 2202 legi
626 2115 829 2200 perferendae
851 2113 982 2194 habere,
1010 2116 1153 2181 advocato

132 2209 250 2294 populo
268 2208 307 2274 ab
326 2210 430 2274 armis.
467 2219 610 2274 senatum
631 2209 756 2274 interim
778 2209 923 2275 consules
940 2208 1075 2289 hubent,
1100 2206 1152 2273 elio

133 2325 168 2368 se
190 2304 308 2369 maiore
331 2303 371 2370 ab
393 2304 526 2370 tribunis
546 2315 632 2369 metu
654 2305 837 2370 ostendente
859 2327 955 2389 quam
977 2326 1074 2389 quem
1090 2322 1152 2369 uoo-

131 2407 242 2463 tumus
259 2399 360 2464 hostis
378 2400 534 2465 intulerat.

99 2513 112 2560 1
194 2493 308 2559 XVII.
343 2493 519 2577 Postquam
537 2517 624 2558 arma
640 2493 715 2578 poni
734 2503 765 2557 et
782 2493 942 2557 discedere
960 2492 1103 2557 homines
1117 2487 1151 2555 ol

131 2588 318 2654 stationibus
339 2589 517 2653 nuntiatum
539 2598 600 2665 est,
627 2587 666 2651 P.
685 2585 830 2652 Valerius
873 2587 997 2672 collega
1020 2595 1151 2650 senatum

130 2683 283 2746 retinente
317 2704 352 2746 se
370 2703 410 2746 ex
427 2682 514 2745 curia
530 2681 673 2767 proripit,
696 2681 768 2745 inde
786 2681 819 2744 in
836 2680 989 2767 templum
1006 2680 1051 2745 ad
1068 2678 1150 2743 tribu·

98 2795 113 2841 2
131 2797 189 2840 nos
206 2775 302 2839 venit.
331 2775 423 2857 ‘quid
440 2775 500 2839 hoc
517 2775 563 2838 rei
581 2774 649 2852 est‚'
666 2774 768 2857 inquit
787 2773 936 2839 ‘tribunii
960 2772 1064 2860 Appii
1080 2770 1150 2837 Her·

131 2868 217 2933 donii
234 2868 331 2931 ductu
349 2877 380 2931 et
397 2868 536 2953 auspicio
553 2891 620 2932 rem
637 2867 796 2954 publicam
815 2868 954 2933 eversuri
975 2867 1073 2933 estis?
1096 2875 1147 2930 un

131 2962 208 3026 felix
229 2960 320 3026 vobis
343 2963 578 3048 corrumpendis
596 2963 670 3040 fuit,
694 2963 748 3046 qui
766 2962 893 3028 servitia
909 2984 976 3026 non
993 2956 1147 3027 commovit

131 3056 256 3121 auctor?
286 3078 358 3120 cum
379 3057 486 3122 hostes
509 3080 605 3143 supra
627 3066 721 3142 caput
743 3056 819 3134 sint,
850 3056 971 3120 discedi
997 3055 1039 3121 ab
1065 3050 1146 3120 armis

96 3172 111 3220 3
129 3150 279 3237 legesque
288 3151 362 3215 ferri
371 3151 505 3237 placet?'
526 3152 600 3216 inde
609 3152 650 3216 ad
660 3150 891 3215 multitudinem
900 3150 1042 3215 oratione
1055 3163 1145 3214 versut

129 3245 172 3310 ‘si
189 3269 246 3311 vos
265 3244 368 3324 urbis,
388 3244 542 3328 Quirites,
562 3245 704 3310 sivestri
721 3244 807 3309 nulla
825 3266 900 3308 cura
917 3243 1034 3330 tangit,
1053 3252 1085 3307 at
1098 3256 1144 3305 rot

129 3340 279 3403 veremini
296 3341 373 3405 deos
390 3353 512 3405 vestros
535 3338 575 3404 ab
597 3338 742 3404 hostibus
765 3347 883 3424 captos.
918 3336 1064 3422 Iuppiter
1080 3330 1143 3421 opti·

129 3453 200 3496 mus
218 3433 388 3510 maximus,
415 3434 497 3499 Iuno
515 3433 625 3520 regina
642 3442 673 3498 et
690 3433 850 3510 Minerva,
877 3430 930 3496 alii
953 3431 1000 3495 dii
1020 3431 1143 3511 deaequ

130 3523 320 3590 obsidentur.
356 3537 459 3591 castra
477 3551 638 3593 servorum
655 3526 799 3612 publicos
821 3535 943 3590 vestros
966 3535 1095 3610 penates
1110 3528 1144 3585 o·

95 3628 213 3684 4nent.
249 3618 328 3684 haec
349 3620 440 3686 vobis
463 3622 564 3687 forma
586 3644 681 3687 senae
709 3621 842 3686 civitatis
868 3619 1013 3684 videtur?
1038 3626 1143 3684 tantun

128 3710 266 3776 hostium
282 3735 346 3778 non
363 3714 465 3780 solum
482 3716 564 3781 intra
581 3739 688 3782 muros
707 3725 764 3793 est,
784 3713 890 3780 sedin
907 3735 981 3779 arce
999 3734 1093 3799 supro
1106 3706 1143 3773 fo·

128 3828 199 3871 rum
217 3807 411 3892 curiamque3
438 3810 563 3875 comitia
579 3811 704 3875 interim
721 3811 755 3875 in
771 3809 841 3874 foro
864 3817 952 3886 sunt,
980 3799 1143 3874 senatorio

128 3901 216 3968 curia
236 3910 299 3979 est3
326 3902 413 3967 velut
435 3925 506 3968 cum
533 3905 632 3968 otium
654 3912 795 3989 superat,
823 3912 950 3968 senator
971 3896 1143 3967 sententiam

95 4013 112 4063 o
128 3992 216 4074 dicit,
244 3994 297 4060 alii
316 3993 454 4078 Quirites
474 3997 661 4085 suffragium
678 3999 796 4063 ineunt.
831 4019 909 4076 non,
932 3994 1086 4081 quidquid
1098 4010 1144 4079 pv
