2566 4524
319 248 627 324 emsav1,ar.2a
647 249 799 323 [acceo]
1013 242 1078 309 333

65 407 212 493 cuiusque,
231 406 311 492 quia·
322 406 422 473 nolint
440 407 580 496 conspici
596 431 753 475 summam
770 410 851 476 aeris
869 407 976 492 alieni,
994 434 1077 498 quae

65 503 219 591 rdicatura
241 502 295 582 sit,
323 502 499 569 demersam
524 513 646 591 partem
673 515 801 590 aparte
828 504 976 588 civitatis,
1004 530 1078 576 cum

65 598 168 666 rterim
186 596 366 664 macramm
382 596 509 684 plebem
527 597 677 664 obiectari
694 599 764 665 aliis
782 609 877 685 atque
894 600 964 668 aliis
976 601 1078 669 hosti-

65 719 111 762 us.-
153 693 276 782 passim
302 693 365 758 iam
389 693 457 759 sine
482 692 547 760 ullo
574 694 753 760 discrimine
779 693 862 761 bella
887 697 1008 782 quaeri:
1035 695 1076 764 ab
1095 718 1111 766 r
1209 774 1222 785 ,

65 789 141 856 ntio
162 786 335 867 Satricum,
363 785 404 852 ab
424 784 547 854 Satrico
565 786 717 868 Velitras,
744 789 818 855 inde
835 789 1012 857 Tusculum
1032 792 1078 859 le-

65 889 153 952 ssones
172 883 295 948 ductas.
330 880 465 960 Latinis,
485 881 644 960 Hernicis,
663 881 877 950 Praenestinis
895 885 959 950 iam
976 885 1079 951 inten-

66 979 95 1045 ri
120 999 214 1044 mma
230 974 347 1041 civium
368 975 470 1063 magis
493 998 589 1062 quam
605 975 745 1042 hostium
762 977 848 1056 odio,
875 988 910 1044 ut
931 979 965 1044 in
982 981 1077 1047 armis

66 1082 142 1141 rant
159 1071 287 1159 plebem
305 1092 364 1136 neo
384 1070 538 1158 respirare
560 1071 594 1136 in
615 1071 692 1138 urbe
715 1080 769 1137 aut
790 1095 847 1160 per
868 1074 967 1138 otium
983 1073 1078 1140 liber-

66 1170 111 1235 tis
132 1166 317 1233 meminisse
335 1166 439 1231 sinant
456 1175 510 1231 aut
528 1167 698 1233 consistere
715 1167 748 1231 in
767 1167 925 1245 contione,
949 1166 1004 1233 ubi
1021 1167 1078 1232 ali-

66 1261 171 1329 rando
193 1261 322 1326 audiant
342 1281 453 1326 vocem
470 1259 670 1328 tribuniciam
692 1261 731 1327 de
748 1262 882 1328 levando
900 1261 1027 1328 faenore
1047 1271 1078 1327 et

66 1381 105 1426 re
123 1357 256 1424 aliarum
273 1356 455 1422 iniuriarum
474 1365 630 1445 agentem.
659 1358 745 1443 quod
759 1358 788 1425 si
801 1359 841 1424 sit
854 1359 978 1424 animus
992 1356 1078 1444 plebi
1096 1349 1130 1425 δ’

66 1474 163 1520 emor
181 1460 307 1539 patrum
324 1450 491 1529 libertatis,
519 1473 553 1518 se
571 1473 630 1519 nec
648 1452 752 1517 addici
769 1474 959 1539 quemquam
977 1453 1079 1518 civem

66 1569 224 1616 amanum
243 1546 283 1613 ob
302 1545 454 1612 creditam
466 1547 634 1633 pecuniam
646 1569 797 1633 passuros
810 1569 915 1633 neque
929 1547 1079 1613 dilectum

66 1641 165 1720 dreni,
195 1640 296 1706 donec
316 1640 458 1726 inspecto
485 1663 556 1706 aere
583 1640 685 1730 alieno
711 1642 850 1726 initaque
875 1641 995 1708 ratione
1021 1641 1081 1707 mi·

66 1735 161 1804 rendi
179 1734 249 1800 eius
268 1734 346 1800 sciat
363 1757 445 1800 unus
464 1734 611 1821 quisque,
638 1736 715 1821 quid
733 1736 797 1816 sui,
821 1735 899 1820 quid
916 1734 1009 1802 alieni
1027 1736 1077 1814 sit,

66 1829 182 1919 apersit
206 1827 267 1894 sibi
284 1827 422 1914 ,liberum
445 1851 559 1915 eorpus
581 1853 622 1894 an
643 1830 677 1894 id
698 1851 823 1916 quoque
846 1852 942 1895 nervo
965 1829 1079 1895 debea-

67 1949 98 1991 ι.
136 1943 261 1989 merces
280 1922 441 1989 seditionis
458 1923 619 2011 proposita
636 1923 802 1991 confestim
820 1923 1005 1990 seditionem
1024 1944 1078 1988 en·
1097 1943 1111 1991 a

67 2016 161 2084 tavit.
199 2039 274 2082 nam
296 2026 327 2082 et
345 2016 574 2084 addicebantur
595 2019 686 2084 multi
703 2028 735 2084 et
756 2018 798 2085 ad
814 2016 1013 2085 Praenestini
1030 2017 1079 2084 sa-

67 2137 128 2181 am
150 2111 227 2178 belli
248 2133 346 2187 novas
373 2112 513 2200 legiones
542 2112 722 2180 scribendas
748 2122 854 2201 patres
881 2121 1077 2180 censuerant.

67 2229 123 2274 uae
145 2215 281 2290 utraque
304 2205 397 2272 simul
419 2207 536 2273 auxilio
558 2207 725 2273 tribunicio
748 2217 779 2273 et
797 2229 953 2273 consensu
974 2206 1077 2292 plebis

67 2301 178 2390 spediri
196 2309 321 2387 coepta3
339 2325 413 2368 nam
429 2325 532 2387 neque
542 2302 623 2368 duci
640 2302 782 2368 addictos
797 2300 915 2367 tribuni
932 2301 1078 2368 sinebant
1097 2322 1129 2370 1o

67 2418 148 2482 eque
163 2395 302 2461 iuniores
320 2398 447 2463 nomina
464 2396 591 2463 dabant.
619 2418 693 2461 cum
709 2394 851 2483 patribus
869 2395 972 2461 minor
988 2417 1080 2480 prae-

67 2511 116 2558 ens
136 2512 214 2557 cura
231 2490 367 2557 creditae
383 2492 536 2578 pecuniae
554 2491 630 2557 iuris
653 2489 848 2576 exsequendi
870 2510 965 2575 quam
983 2489 1080 2554 dilec-

67 2605 103 2652 us
116 2595 202 2653 meet
223 2621 267 2635 -—
288 2586 405 2674 quippe
427 2587 491 2653 iam
512 2610 532 2652 a
549 2584 721 2652 Praeneste
742 2585 901 2673 profectos
923 2584 1024 2652 hostis
1045 2585 1080 2649 in

67 2698 124 2767 tgro
140 2678 270 2748 Gabino
287 2681 469 2749 consedisse
491 2680 695 2748 nuntiabatur
710 2718 767 2759 -,
788 2679 913 2746 interim
935 2678 1077 2746 tribunos
1098 2699 1130 2747 11

68 2771 147 2844 tlebis
164 2777 309 2844 samace
325 2778 396 2865 ipsa
416 2778 598 2844 inritaverat
619 2777 723 2865 magis
745 2776 787 2842 ad
809 2784 993 2864 susceptum
1013 2797 1080 2842 cer-

68 2889 152 2938 emon
169 2894 268 2958 quam
289 2873 495 2953 deterruerat,
521 2894 625 2958 neque
646 2871 732 2939 aliud
754 2872 797 2938 ad
819 2871 1004 2938 seditionem
1026 2893 1081 2937 ex-

68 2958 256 3054 tgasndam
275 2967 310 3033 in
330 2967 409 3034 urbe
430 2988 526 3053 quam
547 2989 650 3055 prope
667 2965 799 3032 inlatum
820 2965 985 3033 moenibus
1002 2965 1081 3052 ipsis
1187 2986 1191 2994 ¹

68 3061 168 3128 allum
184 3061 295 3128 valuit.

114 3154 283 3223 xxm
305 3154 388 3222 Nam
401 3177 474 3222 cum
487 3163 572 3223 esset
579 3153 793 3222 Praenestinis
807 3153 995 3230 nuntiatum,
1013 3151 1082 3216 nul-
1102 3174 1115 3219 1

68 3241 117 3317 bna
134 3251 307 3317 exercitum
324 3248 538 3337 conscriptum
550 3248 683 3329 Romae,
700 3247 823 3314 nullum
835 3245 949 3311 ducem
963 3253 1081 3310 eertum

68 3358 128 3424 tuse,
146 3353 255 3433 patrer
272 3366 311 3412 ac
326 3344 454 3433 plebem
469 3345 621 3412 insemet
636 3344 726 3432 ipsos
744 3363 864 3422 versos,
883 3341 1082 3406 occasionem
1100 3360 1115 3406 a

68 3441 110 3508 ad
129 3440 239 3507 duces-
253 3462 365 3508 eorum
383 3440 499 3528 raptim
521 3440 649 3528 agrariae
668 3449 756 3518 acto,
781 3435 969 3524 pervastatis
987 3434 1084 3523 proti-

68 3534 283 3624 mgrioad
299 3544 423 3624 portam
440 3534 602 3603 Collinam
621 3535 714 3623 signa
735 3531 878 3600 intulere.
915 3530 1028 3619 ingens
1050 3531 1085 3596 in
1102 3551 1117 3599 3

68 3629 132 3699 aba·
143 3629 318 3716 trepidatio
330 3629 400 3696 fluit.
428 3629 667 3697 conclamatum¹
675 3629 717 3707 ad
733 3650 822 3695 arma
833 3647 1084 3711 concursumque

68 3733 324 3811 muros-atque
339 3733 447 3812 portas
464 3733 523 3804 est,
541 3724 731 3809 tandemque
743 3722 785 3790 ab
799 3720 953 3790 seditione
965 3721 1007 3787 ad
1018 3720 1086 3786 bel·

69 3835 114 3888 im
132 3818 223 3886 versi
239 3818 422 3886 dictatorem
435 3819 475 3886 T.
491 3817 676 3903 Quinctium
690 3817 913 3886 Cincinnatum
930 3836 1083 3882 creavere.

69 3913 287 4002 omagium
304 3914 446 4001 equitum
461 3912 583 3981 Aulum
602 3911 825 4003 Sempronium
837 3909 1020 3979 Atratinum
1037 3904 1084 3970 di·
1101 3927 1120 3975 4

69 4006 102 4080 it.
127 4008 221 4098 quod
229 4007 287 4076 nbi
297 4009 443 4077 auditum·
452 4018 501 4078 est
513 4040 561 4061 —-··
569 4018 676 4078 tantus
689 4009 759 4079 eius
771 4006 974 4097 magistrum
985 4011 1085 4070 terror
