2566 4524
296 236 414 293 urens
430 237 529 308 vnn,
547 238 590 294 29.
604 238 646 294 eo.
666 241 703 309 [a
714 236 745 294 c.
755 238 904 310 313-311]
1054 227 1119 294 473

91 398 174 482 quod
192 395 277 461 viam
294 394 428 461 munivit
446 404 477 461 et
494 417 608 480 aquam
630 396 664 461 in
680 394 791 463 urbem
808 396 898 462 duxit
915 419 1014 482 eaque
1035 421 1117 466 unus
1142 428 1147 436 ·

88 490 230 578 perfecit,
244 490 318 575 quia
331 489 371 557 ob
383 488 535 557 infamem
553 499 646 575 atque
662 490 850 557 invidiosam
868 501 994 559 senatus
1011 492 1119 561 lectio-
1137 509 1153 558 s

89 605 160 652 nem
179 585 369 651 verecundia
387 584 488 650 victus
507 584 628 672 collega
648 585 834 672 magistratu
852 609 887 652 se
905 585 1117 655 abdicaverat:

88 681 216 767 Appius
237 680 301 747 iam
322 678 396 746 inde
418 680 589 764 antiquitus
610 680 736 747 insitam
756 680 960 766 pertinaciam
981 681 1118 748 familiae
1136 703 1153 752 8

88 775 228 864 gerendo
250 774 336 841 solus
359 795 524 841 censuram
547 773 689 841 obtinuit.
730 777 840 843 eodem
861 775 969 862 Appio
993 785 1151 845 auctores

88 869 212 949 Potitii,
231 891 325 957 gens,
344 869 433 936 cuius
451 870 493 936 ad
508 892 595 935 aram
613 871 783 936 maximam
800 870 949 937 Herculis
966 871 1119 937 familiare

89 963 300 1030 sacerdotium
324 963 440 1043 fuerat,
468 985 576 1031 servos
602 964 746 1050 publicos
767 964 931 1030 ministerii
953 966 1118 1053 delegandi

89 1082 186 1126 causa
205 1058 369 1127 sollemnia
386 1059 454 1126 eius
473 1060 553 1125 sacri
571 1059 749 1125 docuerant.
785 1060 916 1125 traditur
937 1059 1010 1125 inde
1033 1060 1118 1126 dictu
1138 1083 1171 1131 ro

88 1153 233 1220 mnabile
256 1162 288 1219 et
305 1155 390 1238 quod
412 1154 608 1220 dimovendis
631 1164 715 1220 statu
737 1176 794 1220 suo
818 1154 914 1221 sacris
935 1154 1119 1242 religionem

88 1250 194 1316 facere
212 1259 330 1335 posset,
349 1272 421 1316 cum
439 1250 605 1317 duodecim
622 1251 760 1318 familiae
777 1273 816 1317 ea
832 1258 1017 1338 tempestate
1029 1249 1118 1316 Poti-

88 1345 206 1411 tiorum
227 1353 347 1423 essent,
372 1344 507 1430 puberes
530 1346 572 1410 ad
597 1345 736 1432 triginta,
764 1366 873 1412 omnes
894 1344 976 1411 intra
1001 1368 1118 1411 annum

89 1461 162 1505 cum
186 1437 283 1524 stirpe
306 1438 475 1518 extinctos,
498 1461 557 1504 nec
578 1462 694 1505 nomen
716 1449 836 1505 tantum
857 1438 1044 1506 Potitiorum
1069 1440 1118 1504 in·
1137 1459 1167 1508 11

88 1533 215 1612 terisse,
244 1533 300 1598 sed
327 1555 488 1598 censorem
515 1535 609 1599 ctiam
629 1533 773 1621 Appium
798 1534 930 1601 memori
955 1535 1049 1601 deum
1071 1534 1118 1600 ira

87 1638 162 1715 post
180 1627 300 1712 aliquot
317 1650 414 1693 annos
433 1628 603 1694 luminibus
622 1639 757 1715 captum.
1245 1712 1247 1716 ,

153 1721 276 1787 XXX.
303 1722 415 1806 Itaque
433 1723 592 1801 consules,
616 1725 669 1808 qui
687 1746 759 1789 eum
778 1747 895 1789 annum
913 1725 1012 1791 secuti
1034 1733 1116 1803 sunt,
1136 1747 1150 1793 1

90 1815 128 1883 G.
138 1816 252 1882 Iunius
260 1815 425 1882 Bubulcus
443 1818 568 1882 tertium
581 1827 612 1882 et
622 1817 662 1900 Q.
672 1817 828 1890 Aemilius
837 1817 977 1885 Barbula
994 1818 1116 1897 iterum,

88 1911 177 1977 initio
204 1912 279 1976 anni
305 1911 408 1994 questi
435 1912 520 1997 apud
549 1912 715 1998 populum,
742 1912 950 1980 deformatum
976 1912 1117 1978 ordinem

87 2026 188 2092 prava
204 2004 337 2070 lectione
355 2014 491 2084 senatus,
507 2028 569 2090 qua
586 2007 722 2092 potiores
740 2008 858 2092 aliquot
875 2007 964 2074 lectis
981 2017 1118 2095 praeter·
1159 2038 1162 2043 ·

87 2099 125 2165 iti
143 2107 264 2177 essent,
286 2111 493 2186 negaverunt,
518 2122 587 2164 eam
604 2101 768 2168 lectionem
787 2125 835 2182 se,
858 2124 939 2189 quae
957 2102 1023 2168 sine
1041 2102 1118 2168 recti
1136 2114 1151 2160 2

86 2193 242 2280 pravique
264 2194 442 2261 discrimine
465 2195 505 2259 ad
526 2195 659 2280 gratiam
676 2218 714 2261 aa
735 2196 896 2261 libidinem
918 2197 1001 2262 facta
1024 2208 1116 2274 essct,

88 2286 326 2366 observaturos,
350 2298 382 2354 et
404 2299 547 2355 senatum
569 2288 726 2375 externplo
748 2289 921 2355 citaverunt
943 2311 980 2354 eo
998 2290 1115 2365 ordine,

87 2381 144 2467 qui
166 2391 240 2447 ante
258 2403 404 2449 censores
422 2383 507 2470 App.
529 2381 697 2448 Claudium
716 2392 747 2448 et
766 2381 803 2450 O.
822 2382 983 2449 Plautium
1004 2383 1115 2448 fuerat.

87 2487 120 2541 et
138 2476 202 2542 duo
219 2476 351 2563 imperia
369 2500 406 2545 eo
424 2501 506 2544 anno
520 2479 588 2543 dari
605 2487 716 2564 coepta
732 2500 788 2564 per
805 2477 967 2564 populum,
985 2486 1115 2561 utraque
1134 2491 1150 2538 3

85 2571 276 2656 pertinentia
297 2572 338 2636 ad
360 2597 426 2638 rem
448 2574 627 2639 militarem:
654 2595 766 2651 unum,
788 2582 824 2636 ut
845 2571 960 2638 tribuni
982 2572 1116 2637 militum

86 2665 159 2732 seni
180 2665 254 2731 deni
275 2667 309 2730 in
331 2678 477 2752 quattuor
497 2668 637 2756 legiones
656 2690 675 2734 a
692 2667 808 2755 populo
826 2676 1012 2744 crearentur,
1036 2687 1116 2749 quae

85 2769 192 2838 antea,
205 2781 358 2846 perquam
375 2764 485 2848 paucis
500 2763 650 2850 suffragio
663 2763 771 2851 populi
783 2762 898 2829 relictis
917 2761 1003 2840 locis,
1018 2761 1116 2826 dicta-

87 2864 194 2922 torum
217 2864 248 2921 et
270 2857 434 2922 consulum
458 2857 557 2923 ferme
579 2858 704 2922 fuerant
725 2857 894 2924 beneficia:
922 2857 1020 2923 tulere
1047 2878 1117 2924 eam

84 2949 285 3036 rogationem
302 2949 417 3016 tribuni
434 2950 537 3036 plebei
554 2951 596 3016 L.
610 2950 739 3030 Atilius,
760 2951 798 3017 O.
812 2951 953 3018 Marcius
958 2976 967 3031 ;
986 2951 1117 3017 alterum
1134 2971 1151 3020 4

85 3054 123 3110 ut
133 3044 318 3109 duumviros
333 3044 461 3109 navales
475 3045 585 3111 classis
595 3045 752 3109 ornandae
765 3045 1012 3128 reficiendaeque
1022 3066 1118 3110 causa

84 3137 174 3204 idem
192 3136 328 3223 populus
345 3137 480 3204 iuberet:
498 3139 578 3205 lator
595 3139 688 3204 huius
705 3136 806 3225 plebis
825 3139 895 3204 sciti
912 3138 972 3202 fuit
988 3137 1036 3201 M.
1050 3138 1117 3202 De-

85 3233 157 3300 cius
175 3231 320 3299 tribunus
336 3233 449 3318 plebis.

139 3325 308 3392 Eiusdem
331 3327 405 3392 anni
429 3349 497 3394 rem
519 3329 604 3394 dictu
630 3350 760 3414 parvam
784 3324 998 3412 praeterirem,
1022 3324 1056 3388 ni
1076 3324 1117 3389 ad
1135 3345 1160 3407 c,

84 3421 273 3509 religionem
291 3421 360 3488 visa
377 3431 460 3489 esset
477 3423 641 3512 pertinere,
673 3421 825 3499 tibicines,
844 3419 917 3504 quia
933 3418 1082 3504 prohibiti
1098 3443 1118 3484 a

84 3516 241 3604 proximis
260 3515 442 3584 censoribus
461 3526 548 3582 erant
564 3518 598 3581 in
616 3516 694 3582 aede
705 3514 793 3581 Iovis
805 3512 902 3592 vesci,
920 3514 1005 3598 quod
1023 3513 1118 3579 tradi·

85 3621 156 3677 tum
175 3610 347 3696 antiquitus
365 3621 445 3690 erat,
468 3634 562 3699 aegre
583 3610 670 3698 passi
687 3608 788 3676 Tibur
805 3631 868 3673 uno
890 3607 1015 3696 agmine
1033 3607 1119 3674 abie-

85 3713 176 3784 runt,
198 3704 279 3771 adeo
300 3716 336 3771 ut
356 3728 449 3772 nemo
471 3706 505 3771 in
526 3706 603 3772 urbe
625 3714 722 3784 esset,
745 3703 800 3788 qui
818 3702 976 3768 sacrificiis
999 3703 1118 3788 praeci-

86 3809 187 3866 neret.
228 3799 297 3866 eius
317 3800 364 3866 rei
384 3800 494 3888 religio
516 3800 616 3867 tenuit
637 3810 795 3876 senatum,
816 3796 999 3884 legatosque
1017 3794 1117 3860 Tibur
1134 3814 1150 3862 e

86 3892 253 3973 miserunt,
271 3904 305 3961 ut
323 3896 432 3961 darent
449 3916 587 3981 operam,
607 3903 641 3959 ut
657 3893 690 3959 hi
707 3892 849 3960 homines
858 3888 1009 3955 Romanis
1026 3885 1117 3953 resti-

85 3998 260 4056 tuerentur.
297 3989 457 4056 Tiburtini
474 3988 611 4078 benigne
627 3988 757 4077 polliciti
774 3988 909 4075 primum
926 3982 1042 4049 accitos
1061 4003 1115 4048 eos
1135 4002 1149 4051 r
