2566 4524
145 250 211 318 382
398 258 516 314 umus
532 256 602 328 vn,
620 256 662 312 31.
675 256 718 313 ea
737 259 776 365 p.
784 272 811 311 ιι.
824 270 848 311 s.
856 254 922 325 411]

146 420 258 510 dignos
277 425 384 484 censet
402 423 543 493 senatus,
563 413 620 480 sed
631 413 677 479 ita
689 410 855 479 vobiscum
868 410 1041 479 amicitiam
1056 412 1154 478 institui

144 536 203 602 par
224 522 353 593 est,·ne
375 532 439 596 qua
463 508 616 576 vetustior
642 507 779 574 amicitia
804 530 842 574 ue
869 507 1005 575 societas
1029 507 1152 574 violetur.

148 606 307 676 Samnites
332 604 500 673 nobiseum
529 602 656 670 foedere
686 603 785 669 iuncti
816 612 898 669 sunt.
943 603 1052 689 itaque
1080 622 1154 680 arms,

146 704 224 769 deos
248 700 337 789 prius
360 720 456 785 quam
476 697 621 764 homines
644 695 811 775 violatura,
839 697 995 764 adamam
1019 694 1156 764 Samnite

112 795 237 868 euobis
255 814 424 882 negamus:
451 792 588 881 legatos,
617 793 698 857 sicut
717 791 770 857 fas
790 792 906 877 iusque
927 800 992 872 est,
1016 792 1059 858 acl
1075 790 1155 858 sodor

147 899 241 974 atque
259 886 377 955 amicos
394 897 557 974 precatum
578 886 753 966 mittemus,
779 909 820 952 ne
842 908 905 971 qua
925 886 1021 954 vobis
1039 887 1085 954 uls
1098 883 1157 951 tre?

147 984 189 1051 ad
215 1006 253 1050 eu
277 982 423 1070 princeps
447 981 615 1070 legationis
638 1020 680 1030 -
703 980 749 1047 sic
771 981 855 1046 enim
877 982 976 1047 domo
995 981 1155 1048 mundaum

147 1077 314 1144 attulerant
332 1115 373 1126 -
393 1075 532 1162 ‘quando
550 1074 693 1161 quidem'
708 1075 811 1160 inquit
829 1080 953 1142 ‘nostra
970 1075 1054 1142 tueri
1070 1074 1157 1141 aluer-
1204 1079 1205 1084 ’

148 1195 202 1239 sus
220 1173 285 1238 uim
303 1179 396 1256 atque
418 1169 563 1235 iniuriam
585 1168 669 1235 iuste
689 1169 723 1234 vi
743 1191 808 1235 non
830 1169 940 1247 vultis,
968 1178 1076 1236 vestra
1094 1176 1159 1234 ere

112 1265 338 1335 tdefendetis:
370 1264 477 1350 itaque
508 1263 661 1351 populum
685 1262 888 1351 Campanum
914 1263 1090 1349 urbemque
1111 1260 1160 1328 cs·
1202 1268 1205 1328 ξ

147 1382 259 1448 puam,
277 1380 384 1448 affice,
404 1357 535 1424 delubra
552 1359 661 1437 deum,
680 1358 786 1423 <livine
802 1358 1005 1443 humanaque
1023 1355 1161 1423 omuiain

147 1464 298 1533 vestram,
325 1463 431 1540 patres
458 1451 640 1539 conscripti,
671 1453 841 1540 populique
864 1452 1004 1519 Romani
1031 1452 1161 1519 ditionem
1204 1512 1205 1517 ,

148 1549 306 1626 desiimus,
334 1547 485 1632 quidquid
507 1546 621 1613 deinde
641 1548 799 1634 patiemur
817 1547 960 1614 dediticii
980 1546 1081 1614 vestri
1103 1566 1163 1634 pas·

114 1664 130 1712 5
148 1641 232 1709 suri!
259 1640 318 1706 sub
335 1640 415 1706 haee
432 1641 516 1706 dieta
533 1662 641 1707 omnes
659 1662 772 1707 marrus
790 1641 831 1706 ad
848 1641 995 1708 consules
1015 1641 1163 1709 tendentes

115 1758 129 1806 o
149 1734 234 1823 pleni
251 1734 449 1801 lacrimarum
467 1735 500 1800 in
516 1735 673 1801 vestibulo
691 1736 796 1800 curiae
812 1735 1060 1822 procubuerunt
1093 1756 1165 1802 com·

148 1829 225 1895 moti
239 1837 347 1916 putres
365 1830 434 1894 vioe
451 1829 648 1894 fortunarum
668 1828 892 1907 humanarum,
920 1830 949 1894 si
970 1828 1027 1895 ille
1046 1848 1165 1918 praepo·

148 1934 220 1989 tens
241 1923 354 2009 opibus
375 1924 527 2009 populus,
554 1924 679 1989 luxuria
701 1923 908 2010 superbiaque
931 1924 1053 2005 olarus,
1076 1938 1169 2011 aquo

148 2017 244 2103 paulo
267 2026 339 2082 ante
358 2017 509 2082 auxilium
526 2016 650 2082 finitimi
665 2019 834 2105 petissent,
856 2019 938 2085 allec
953 2019 1169 2107 meesoaga

148 2119 231 2176 reret
251 2109 387 2189 animos,
415 2119 450 2174 ut
471 2111 592 2197 seipse
613 2134 734 2197 suaque
753 2113 858 2179 omnia
872 2113 1044 2200 potestatis
1059 2112 1171 2179 alienus

115 2205 273 2275 eluceret.
317 2212 385 2269 tum
406 2204 470 2270 iam
486 2204 566 2270 fides
584 2206 637 2293 agi
653 2207 737 2286 risa,
757 2207 884 2272 deditos
904 2226 971 2272 nun
993 2207 1100 2294 predi,
1119 2218 1171 2272 nec

149 2299 306 2366 facturum
324 2317 425 2384 aequa
439 2296 629 2364 Samnitium
645 2301 798 2386 pupulum
816 2299 1001 2379 censebant,
1023 2301 1052 2367 si
1068 2316 1171 2388 egum

145 2393 320 2479 urbemque
335 2414 393 2480 per
409 2392 599 2458 deditionem
616 2393 733 2460 factam
746 2395 854 2482 populi
863 2394 1001 2460 Romani
1016 2414 1171 2483 oppugna·
1202 2418 1205 2443 =

113 2497 224 2558 urent.
259 2488 380 2574 legatos
397 2487 504 2572 itaque
521 2487 680 2574 extemplo
702 2489 783 2552 mitti
805 2489 846 2554 ad
864 2486 1027 2555 Samnites
1049 2488 1169 2576 pluerit
1202 2484 1205 2585 j

147 2584 397 2660 (tratemundum,
416 2593 451 2647 ut
463 2602 572 2669 preces
584 2581 828 2670 Campanorum,
845 2604 1040 2670 responsum
1049 2592 1171 2651 senatus
1202 2588 1205 2595 '

147 2679 304 2744 amicitiae
318 2676 509 2744 Samnitium
526 2698 654 2758 memor,
674 2679 863 2762 deditionem
880 2686 1043 2765 postremo
1062 2680 1171 2745 factum

114 2795 128 2843 9
149 2771 345 2839 Samnitibus
360 2781 559 2858 exponerent,
578 2783 719 2859 peterent
731 2793 789 2862 pro
803 2774 952 2852 societate
966 2774 1170 2859 amicitiaque,

147 2874 183 2930 ut
201 2866 355 2931 dediticiis
374 2867 441 2933 suis
457 2877 620 2954 parcerent
636 2888 738 2952 neque
756 2869 790 2933 in
807 2888 879 2934 eum
896 2888 1028 2957 agrum,
1048 2870 1109 2954 qui
1124 2886 1172 2954 po-

97 2981 129 3030 10
146 2960 213 3046 puli
226 2960 363 3026 Romani
379 2961 482 3028 factus
500 2970 598 3041 esset,
615 2962 743 3030 hostilia
753 2974 846 3030 ‘arma
862 2962 1028 3030 inferrent.
1057 2964 1086 3031 si
1102 2961 1170 3028 leni·

147 3064 194 3120 ter
220 3056 343 3143 egerrelo
367 3075 479 3143 parum
505 3057 705 3143 profluerent,
732 3056 951 3123 denuntiarent
980 3055 1170 3123 samnites

146 3150 255 3238 populu
272 3151 410 3217 Romani
429 3161 621 3236 senatusque
644 3151 764 3232 verbis,
789 3162 826 3217 ut
849 3150 962 3237 orpus
980 3151 1066 3218 urbe
1085 3150 1171 3218 Osm-

97 3266 126 3312 11
146 3264 293 3330 paneque
310 3264 387 3332 agre
401 3244 605 3311 abstinerent.
636 3245 715 3312 lraec
732 3245 845 3334 legatis
863 3240 1038 3335 agentibus
1054 3246 1090 3312 in
1105 3264 1169 3312 om·

147 3339 218 3403 uilio
246 3336 436 3404 Samnitium
466 3339 546 3405 adeo
572 3347 621 3405 est
646 3336 792 3405 ferentes
817 3354 1025 3425 responsum,
1055 3349 1093 3405 nt
1116 3354 1170 3403 uu!

149 3429 250 3495 solum
268 3441 413 3517 gesturus
432 3455 466 3499 se
484 3454 554 3499 esse
569 3433 712 3500 moerent
727 3433 763 3497 id·
778 3431 910 3510 bellum,
935 3433 996 3497 sed
1014 3428 1168 3522 magere

97 3546 129 3594 12
148 3533 199 3590 tus
225 3545 334 3590 eorum
354 3549 374 3592 e
396 3528 483 3593 ouria
503 3528 637 3616 egressi,
665 3527 819 3593 stamtibus
841 3524 971 3617 legatis,
999 3526 1167 3616 meets

149 3619 324 3686 cohortium
341 3631 489 3688 vocarent
506 3623 608 3708 iisque
620 3623 709 3688 clera
719 3642 799 3688 rues
813 3623 1024 3709 imperarent,
1040 3632 1079 3689 nt
1089 3636 1167 3710 puer·

146 3710 254 3780 (latum
270 3716 304 3781 in
322 3739 433 3805 amm
453 3715 653 3806 Campanum
669 3717 827 3804 extemplo
841 3716 1126 3804 profieisceuentm·

114 3831 126 3876 1
209 3806 366 3876 XXXII.
406 3811 479 3877 Hae
500 3811 656 3899 legatione
677 3811 816 3877 Romam
834 3810 948 3890 relata,
974 3811 1091 3898 posius
1106 3822 1166 3874 m·

146 3905 232 3971 nium
253 3905 386 3973 alierum
407 3924 511 3972 remum
534 3907 617 3973 curis
638 3916 758 3995 putres,
779 3904 942 3974 latialibus
959 3906 1004 3974 aul
1017 3926 1072 3974 ms
1086 3916 1165 3991 rept-

146 4000 255 4067 tendes
279 4000 389 4069 missis
412 3999 572 4087 temque,
600 4003 759 4088 quianon
781 4002 1007 4083 subluantur,
1031 3990 1164 4070 M
