2566 4524
150 230 217 298 314
383 239 502 296 LIBER
519 237 574 310 VI,
594 237 674 293 9.10.
693 241 732 306 [a
744 253 772 293 u.
782 237 876 292 ιι.·.368
885 231 950 303 369]

115 423 132 471 4
150 407 370 468 memorantes
394 396 643 465 ecvrmCamrlh
652 395 692 462 ab
702 394 800 462 Antro
813 397 941 463 fortuna
954 397 1072 463 avertit
1093 414 1189 463 nau·

149 519 212 582 que
229 518 302 562 cum
320 517 357 560 ea
374 494 444 560 loca
465 493 611 579 opposita
626 491 773 557 Etruriae
796 501 828 557 et
849 491 936 557 velut
958 491 1059 558 claust
1046 501 1092 558 tra
1105 492 1156 558 inde
1181 478 1189 533 ³³

148 601 326 677 portaeque
342 597 462 666 essent,
491 596 523 652 et
546 585 609 652 illis
632 585 807 672 occupandi
834 607 885 664 ea,
914 608 988 651 cum
1014 588 1090 671 quid
1105 582 1158 652 nori

150 686 348 769 molirentur,
373 691 405 749 et
421 681 573 749 Romanis
595 680 800 767 recuperandi
821 681 995 766 tuendique
1017 702 1089 747 cura
1103 690 1160 748 erat

113 779 245 864 sigitur
268 777 391 843 senatui
412 797 486 842 cum
504 774 638 840 Camillo
657 775 710 862 agi
731 774 863 860 placuit,
889 784 927 840 ut
948 775 1065 842 omisso
1082 774 1161 841 Antio

149 871 268 937 bellum
293 871 465 937 Etruscum
493 870 676 954 susciperet.
719 867 862 955 legiones
887 867 1043 948 urbanae,
1068 869 1163 955 quibus

113 987 130 1036 a
151 963 305 1034 Servilius
327 960 519 1054 praefuerat,
547 964 576 1029 ei
598 964 817 1029 decernuntur.
857 984 1051 1048 quamquam
1072 985 1164 1050 exper-

98 1140 101 1144 ,
149 1071 218 1126 tum
235 1059 407 1127 exereitum
424 1059 651 1142 adsuetumque
669 1057 815 1144 imperio,
838 1057 893 1142 qui
909 1058 943 1122 in
961 1056 1087 1125 Volscis
1103 1067 1165 1138 erat,

147 1155 270 1234 mallet,
297 1155 375 1220 nihil
391 1153 563 1231 recusavit,
586 1149 750 1217 Valerium
767 1152 986 1218 tantummodo
1004 1153 1113 1240 imperi
1127 1174 1168 1219 so·

149 1251 233 1316 cium
251 1249 445 1336 depoposcit.
481 1247 650 1330 Quinctius
668 1245 884 1331 Horatiusque
903 1268 1101 1314 successores
1112 1245 1168 1314 Va·

149 1344 227 1410 lario
243 1344 278 1408 in
296 1342 422 1409 Volscis
440 1342 539 1407 missi.

116 1461 130 1506 ι
214 1437 355 1503 Profecti
377 1437 417 1503 ab
440 1436 517 1502 urbe
537 1433 679 1501 Sutrium
700 1433 816 1500 Furius
839 1443 871 1500 et
891 1433 1041 1501 Valerius
1063 1445 1169 1524 partam

149 1533 257 1619 oppidi
273 1532 338 1597 iam
356 1540 481 1618 captam
498 1529 538 1596 ab
555 1529 700 1594 Etruscis
723 1529 884 1608 invenere,
913 1552 954 1595 ex
975 1540 1066 1616 parte
1086 1531 1169 1597 altera

148 1627 347 1713 intersaeptis
365 1624 529 1692 itineribus
548 1645 642 1710 aegre
660 1624 834 1710 oppidanos
852 1625 918 1690 vim
934 1624 1077 1691 hostium
1089 1627 1125 1693 ab
1140 1647 1169 1693 sa

112 1740 130 1790 8
148 1730 300 1788 arcentes.
327 1743 400 1788 cum
411 1720 548 1787 Romani
561 1719 670 1785 auxilii
683 1720 836 1786 adventus
849 1729 919 1784 tum
931 1719 1062 1786 Camilli
1069 1743 1171 1788 nomen

148 1816 387 1883 celeberrimum
404 1816 489 1902 apud
506 1814 607 1880 hostis
630 1814 797 1898 sociosque
819 1815 901 1880 etin
921 1817 1100 1901 praesentia
1114 1838 1170 1882 ren

147 1910 329 1976 inclinatam
348 1910 497 1976 sustinuit
518 1918 549 1974 et
572 1909 708 1994 spatium
731 1909 772 1973 ad
790 1931 882 1995 opem
904 1909 1071 1976 ferendam
1087 1911 1169 1977 dedit

112 2025 129 2071 a
147 2005 254 2089 itaque
275 2005 378 2071 diviso
400 2003 539 2069 exercitu
562 2002 716 2070 Camillus
739 2004 893 2090 collegam
914 2003 1042 2070 ineam
1062 2016 1170 2092 purten

149 2099 368 2165 circumductis
392 2099 505 2185 copiis,
534 2120 629 2183 quam
651 2098 760 2164 hostes
787 2097 949 2178 tenebant,
976 2101 1103 2166 moenia
1125 2099 1169 2166 ad·

147 2193 238 2281 gredi
254 2194 351 2272 iubet,
370 2203 512 2259 nontam
530 2217 550 2258 a
563 2215 629 2278 spe,
649 2193 741 2259 scalis
756 2193 827 2279 capi
839 2191 950 2259 urbem
963 2216 1071 2280 posse,
1089 2215 1171 2280 quan

148 2297 184 2353 ut
201 2289 320 2355 aversis
339 2311 376 2355 ec
399 2287 543 2355 hostibus
566 2298 597 2353 et
619 2287 784 2374 oppidanis
805 2288 870 2353 iam
890 2290 1067 2375 pugnando
1088 2287 1169 2355 fessis

148 2382 306 2448 laxaretrrr
329 2382 420 2449 labor
446 2383 571 2468 etipse
599 2382 734 2467 spatium
756 2382 892 2447 intrandi
919 2384 986 2448 sine
1015 2383 1171 2449 certamine

98 2498 131 2546 ιο
148 2478 273 2543 moenia
290 2476 429 2544 haberet.
466 2477 646 2565 quodcum
665 2476 759 2541 simul
780 2476 937 2561 utrimque
960 2476 1083 2543 factum
1099 2485 1172 2545 esset

108 2598 111 2604 ·
148 2595 327 2659 ancepsque
344 2583 443 2639 terror
460 2573 615 2638 Etruscos
634 2573 849 2638 circumstaret
866 2583 897 2638 et
915 2573 1042 2639 moenia
1061 2592 1172 2639 summa

147 2669 179 2733 vi
201 2669 378 2755 oppugnari
396 2678 427 2732 et
443 2669 526 2732 intra
542 2667 667 2732 moenia
684 2689 755 2731 esse
772 2666 897 2733 hostem
915 2668 1075 2748 viderent,
1093 2675 1171 2754 porta

149 2784 197 2840 se,
225 2783 306 2844 quae
323 2784 387 2826 una
403 2761 485 2827 forte
507 2785 572 2827 non
593 2760 809 2840 obsidebatur,
837 2762 950 2848 trepidi
972 2785 1040 2829 uno
1058 2763 1172 2850 agmina

97 2876 128 2924 11
148 2857 276 2921 eiecere.
311 2879 428 2942 magna
445 2851 558 2922 caedes
576 2857 766 2943 fugientium
784 2866 815 2923 et
831 2858 864 2921 in
876 2857 955 2922 urbe
974 2868 1006 2923 et
1018 2881 1077 2944 per
1089 2877 1171 2946 agros

147 2958 197 3014 est
212 2948 306 3014 facta,
341 2950 447 3036 plures
466 2975 485 3017 a
502 2951 648 3017 Furianis
666 2951 749 3017 intra
765 2952 890 3016 moenia
907 2953 1002 3030 caesi,
1022 2947 1171 3019 Valeriani

148 3043 356 3130 expeditiores
374 3045 416 3110 ad
432 3047 667 3131 persequendos
686 3045 774 3111 fuere
787 3067 846 3111 nec
858 3056 931 3110 ante
945 3055 1083 3126 noctem,
1101 3064 1171 3130 quaa

97 3159 128 3208 ιι
148 3148 351 3225 conspectum
364 3140 490 3218 ademit,
509 3140 605 3206 finem
619 3140 770 3205 caedendi
788 3139 900 3206 fecere.
929 3137 1039 3208 Sutrio
1056 3147 1170 3225 recepto

145 3234 352 3318 restitutoque
370 3234 464 3300 sociis
481 3233 603 3320 Nepete
622 3234 777 3299 exercitus
795 3234 923 3312 ductus,
946 3236 1036 3320 quod
1056 3257 1111 3322 per
1125 3233 1169 3298 de·

146 3328 296 3392 ditionem
314 3338 478 3414 acceptum
494 3330 559 3394 iam
577 3337 677 3394 totum
694 3328 824 3394 Etrusci
840 3327 1010 3394 habebant.

113 3442 127 3488 1
210 3420 257 3486 Χ.
287 3419 464 3489 Videbatur
479 3423 552 3509 plus
570 3423 604 3489 in
622 3445 659 3488 ea
676 3423 755 3488 urbe
772 3422 952 3509 recipienda
965 3423 1085 3491 laboris
1102 3422 1165 3497 fora

146 3538 211 3580 non
233 3537 271 3581 ec
293 3515 409 3595 solum,
436 3518 522 3602 quod
544 3527 610 3584 tota
630 3518 769 3584 hostium
791 3527 870 3597 erat,
898 3519 956 3584 sed
978 3520 1075 3587 etiam
1096 3510 1166 3604 quel

73 3633 75 3638 ’
145 3618 235 3695 parte
251 3609 480 3722 Nepesinorum
501 3613 653 3723 prodente
622 3613 782 3679 ttcivita
769 3622 834 3679 tem
856 3613 941 3679 facta
964 3624 1032 3683 erat
1054 3610 1164 3681 deditio

110 3723 127 3772 a
146 3705 227 3769 mitti
244 3715 350 3771 tamen
367 3708 409 3772 ad
424 3707 582 3794 principes
601 3730 709 3774 eorum
726 3707 857 3794 placuit,
875 3716 911 3774 ut
929 3717 1125 3777 secernerent
1138 3722 1165 3770 st

145 3800 185 3865 ab
199 3800 345 3868 Etruscis
362 3801 529 3887 fidemque,
547 3824 644 3888 quam
656 3802 867 3889 inplorassent
880 3802 921 3869 ab
935 3801 1125 3883 Romanis,
1116 3795 1165 3886 ψεῖ

110 3904 348 3981 apraestarent
393 3897 477 3963 unde
503 3919 576 3963 cum
600 3919 789 3982 responsum
815 3897 946 3963 allatum
973 3909 1072 3977 esset,
1101 3887 1165 3962 nihl

145 4010 222 4056 suae
239 3989 404 4090 potestatis
427 4012 512 4070 esse,
538 3991 693 4057 Etruscos
715 3990 840 4058 moenia
862 3992 1086 4079 custodiasque
1105 4007 1165 4078 pot·
