2566 4524
222 238 289 306 468
472 247 592 304 urana
608 245 826 319 summurn
844 245 1031 321 [anano]

229 407 428 479 semisomnis
447 428 484 474 ao
496 406 635 471 maxima
651 414 739 492 parte
756 404 929 473 inermibus
946 401 1171 496 refringunbnr,
1184 430 1243 495 que

227 528 298 572 rum
319 525 494 592 perunum
515 499 708 588 praesidium
729 499 910 568 Romanum
932 499 1072 569 clamore
1093 501 1244 571 excitatum

178 620 210 671 11
226 598 377 686 inrumpit
390 606 421 665 et
433 604 657 663 concursantes
670 616 728 683 per
740 595 808 662 viss
820 594 955 683 pavidos
968 594 1084 663 caedit.
1110 593 1245 667 iamsar

229 703 321 782 capta
338 700 413 771 erat,
428 713 500 757 cum
518 690 664 757 consules
681 690 784 778 prima
800 689 871 757 luce
888 691 1058 771 advenere,
1071 698 1105 759 et
1120 712 1194 779 quos
1206 712 1247 759 ro·

228 790 334 874 liquos
350 786 478 853 fortuna
494 807 536 853 ex
552 794 707 853 nocturna
724 786 821 853 caedo
838 806 876 852 ao
893 784 972 874 fuga
989 785 1114 853 fecerat
1127 786 1162 854 in
1176 785 1247 853 dedi·

179 906 211 955 14
229 883 347 950 tionem
371 879 537 967 accipiunt
578 901 619 947 ex
639 879 689 948 his
711 880 865 948 ducentos
887 879 1002 968 viginti
1029 880 1178 968 quinque,
1202 878 1246 967 qui

73 974 82 990 '
229 977 370 1043 omnium
383 996 541 1043 consensu
550 973 787 1043 destinabantur
795 984 827 1041 et
837 973 987 1041 infandae
1002 974 1248 1043 colonorumcae·

228 1073 277 1138 dis
296 1079 328 1139 et
344 1069 530 1137 defectionis
548 1079 707 1150 auctores,
726 1070 850 1136 vinctos
867 1069 1008 1137 Romam
1026 1070 1192 1149 deducunt,
1205 1090 1247 1137 cs·

228 1174 328 1233 teram
353 1164 585 1232 multitudinem
610 1164 800 1231 incolumem
823 1164 981 1251 praesidio
1004 1163 1145 1252 inposito
1164 1162 1246 1233 sons

179 1285 211 1334 15
228 1262 418 1348 relinquunt.
455 1283 578 1341 omnes,
601 1261 657 1347 qui
673 1260 810 1328 Romam
831 1260 959 1327 deducti
980 1270 1088 1341 erant,
1115 1258 1245 1350 virgisin
1278 1274 1281 1323 ῑ

229 1359 299 1425 foro
317 1357 403 1426 oaesi
420 1379 458 1424 ac
476 1357 579 1424 securi
595 1357 739 1444 percussi
756 1378 880 1427 summo
897 1355 1019 1444 gaudio
1034 1355 1154 1444 plebis,
1173 1354 1244 1422 onus
1279 1372 1281 1383 “

229 1452 366 1520 maxime
383 1451 544 1530 intererat,
564 1460 663 1519 tutsm
681 1450 813 1537 ubique,
832 1472 914 1536 quae
930 1449 1055 1539 psdsim
1077 1450 1113 1517 in
1128 1448 1243 1517 colonius
1278 1465 1281 1477 ¹

229 1547 412 1626 mitteretur,
431 1546 664 1612 multitudinem
682 1567 762 1613 esse.
1251 1600 1254 1607 .

197 1664 210 1709 1
293 1639 410 1707 XXV.
439 1639 597 1709 Consules
615 1638 656 1706 ab
675 1637 757 1706 Sora
777 1637 911 1727 profecti
930 1638 966 1704 in
987 1661 1086 1726 agros
1104 1650 1242 1725 atqueu·

195 1752 210 1800 1
228 1733 286 1802 bes
295 1733 464 1802 Ausonum
482 1734 601 1802 bellum
617 1733 798 1801 intulerunt.
830 1743 915 1801 mota
931 1754 1074 1820 namque
1088 1734 1188 1801 omnis
1200 1728 1255 1799 adr

228 1838 325 1897 ventu
340 1827 539 1910 Samnitium,
559 1851 631 1896 eum
649 1829 733 1917 apud
742 1828 898 1895 Lautulas
915 1827 1106 1895 dimicatum
1122 1838 1177 1908 est,
1190 1826 1241 1893 luc·

196 1943 210 1990 s
228 1934 299 1991 rant
311 1924 604 2010 coniurationesque
618 1925 701 1990 eirca
710 1923 918 2011 Campaniam
930 1922 1054 2010 passim
1068 1924 1178 1993 factae.
1196 1940 1240 1989 uss

231 2016 343 2105 Capua
368 2017 438 2104 ipsa
460 2017 588 2084 crimine
610 2019 718 2085 caruit.
758 2019 835 2104 quin
856 2017 995 2085 Romam
1016 2041 1148 2106 quoque
1166 2026 1193 2087 et
1210 2012 1251 2083 sd
1272 2061 1273 2066 κ

227 2110 406 2197 principum
423 2111 577 2196 quosdam
594 2111 781 2197 inquirendo
797 2121 928 2178 ventum
946 2122 1006 2179 est.
1037 2123 1175 2180 ceterum
1188 2108 1240 2177 Aa

229 2228 342 2272 sonum
360 2228 439 2294 gens
457 2206 632 2294 proditione
651 2206 790 2286 urbium,
809 2207 891 2273 siout
909 2205 1004 2287 Sora,
1024 2207 1060 2275 in
1076 2214 1248 2297 potesne·
1279 2270 1281 2275 .

194 2319 211 2365 4
228 2300 323 2367 venit.
349 2299 483 2369 Ausona
497 2309 528 2366 et
536 2299 718 2367 Minturnae
731 2299 888 2368 etVesoia
904 2299 1000 2368 urbes
1019 2312 1122 2384 erant,
1139 2325 1177 2370 ex
1188 2298 1240 2387 qul·
1276 2343 1277 2346 =

227 2393 288 2460 bus
306 2394 463 2481 principes
481 2394 651 2462 iuventutis
670 2395 836 2476 duodecim
854 2417 985 2463 numero
1002 2395 1036 2462 in
1054 2397 1237 2484 prodificum
1267 2351 1283 2426 d

195 2509 210 2555 o
228 2487 353 2555 urbium
367 2512 494 2556 suarum
508 2489 660 2556 coniurati
674 2491 714 2557 ad
728 2490 873 2558 consides
882 2490 1024 2557 veniunt.
1051 2493 1236 2571 docentsuu
1266 2467 1283 2522 Ι

227 2584 291 2649 iam
302 2584 425 2671 pridem
434 2593 617 2671 exoptantes
629 2582 819 2652 Samnitium
828 2586 1009 2666 adventum,
1021 2587 1119 2654 simul
1127 2585 1237 2654 adIrsr
1265 2541 1283 2612 d

227 2678 310 2745 tulas
332 2688 508 2767 pugnatum
526 2679 705 2759 audierunt,
727 2702 785 2765 pro
803 2681 895 2747 victis
913 2680 1081 2749 Romanoe
1103 2680 1242 2753 habuisn
1264 2635 1283 2712 1

196 2793 209 2841 6
227 2772 403 2853 iuventute,
422 2774 517 2840 armis
536 2772 711 2842 Samnitem
729 2774 847 2841 iuvisse
853 2800 863 2855 3
885 2775 1005 2863 fligatis
1023 2775 1101 2844 inde
1116 2768 1236 2846 Smnli
1264 2752 1283 2806 Ι

228 2866 289 2931 bus
307 2867 426 2934 ineerta
443 2890 520 2954 pace
539 2890 633 2957 agere
650 2891 710 2936 nee
727 2868 901 2937 claudentis
919 2881 1028 2958 portas
1038 2871 1195 2950 Romans,
1207 2884 1236 2933 ὓ
1273 2884 1281 2893 ’

229 2970 390 3028 arcessant
407 2961 540 3042 bellum,
559 2973 590 3029 et
608 2962 781 3031 obstinatos
800 2964 959 3044 claudere,
985 2965 1014 3032 si
1031 2967 1184 3035 exercitus
1197 2960 1236 3029 ul·

228 3066 405 3125 moveatur:
432 3058 465 3125 in
483 3081 520 3125 ea
537 3058 739 3125 fluctuatione
762 3059 938 3126 animorum
960 3061 1102 3148 opprimi
1122 3063 1234 3129 moade!
1269 3115 1275 3120 .,

195 3173 209 3219 7
227 3174 331 3240 posse.
363 3151 413 3220 his
428 3152 608 3220 auctoribus
622 3163 708 3220 mota
720 3155 849 3242 propius
863 3165 967 3221 castra
984 3155 1141 3243 missique
1152 3153 1235 3223 solt·

227 3256 367 3335 tempore
386 3248 469 3314 circa
486 3248 545 3314 tria
563 3249 679 3335 oppida
696 3248 825 3328 milites,
848 3247 964 3336 partim
988 3254 1120 3334 armati,
1141 3249 1235 3339 quior·
1271 3334 1273 3339 ⁴

227 3340 303 3406 culti
327 3342 504 3430 propinqua
525 3341 689 3409 moenibus
712 3342 883 3411 insiderent
907 3343 995 3424 loca,
1022 3347 1141 3433 partim
1163 3334 1235 3431 topi

228 3437 317 3503 tectis
336 3448 423 3505 veste
441 3439 564 3526 gladiis,
578 3438 632 3525 qui
650 3438 709 3506 sub
727 3439 831 3506 lucem
849 3439 965 3527 apertis
984 3443 1090 3528 portis
1109 3438 1237 3511 urbes*

194 3548 209 3596 8
227 3529 439 3616 grederentur.
472 3532 512 3600 ab
525 3533 574 3600 his
594 3533 688 3600 simul
706 3533 853 3601 custodes
871 3534 1024 3604 trucidari
1042 3538 1158 3627 coepti,
1169 3524 1235 3603 sid

227 3623 336 3689 datum
350 3625 476 3713 signum
490 3628 673 3707 armatiani
686 3650 726 3695 ex
738 3627 861 3694 insidiis
875 3643 1114 3700 concurrerent.
1138 3632 1236 3716 iupus

226 3726 277 3783 tae
290 3729 460 3807 occupatae
474 3722 594 3808 triaque
604 3723 720 3811 oppida
733 3723 845 3790 eadem
857 3723 936 3791 hora
945 3718 1234 3813 eodemqusomd'r
1266 3759 1267 3772 ¹

193 3832 207 3880 9
226 3821 327 3900 capta
355 3815 412 3880 sed
425 3815 499 3900 quia
513 3815 695 3885 absentibus
705 3815 839 3884 ducibus
853 3817 994 3908 impetus
1008 3830 1059 3888 est
1072 3808 1234 3899 factusnd

225 3907 274 3974 lus
288 3909 401 3975 modus
411 3910 560 3978 caedibus
573 3911 647 3980 fuit:
661 3911 1004 3999 deletaqueAusonum
1013 3939 1107 4005 gens,
1116 3916 1232 3983 vixosb
1264 3941 1266 3955 ·

227 4001 410 4072 defectionis
420 4004 557 4088 crimine,
568 4007 698 4096 perinde
711 4032 749 4076 ao
763 4009 789 4076 si
803 4008 999 4079 internecivo
1008 4010 1229 4082 bellooeruat
1263 4039 1265 4058 ³
