2566 4524
159 243 222 310 518
388 249 947 324 nmuaxmaaaunauaaso]

160 413 310 500 scriptum
327 410 464 478 consulis
477 420 508 475 et
521 408 697 477 consularia
708 418 739 475 et
755 408 911 497 praetoria
923 406 1050 475 comitia
1063 405 1170 474 habita

126 528 141 578 9
160 507 305 577 consules
323 506 418 572 creati
432 504 472 588 Q.
481 503 601 571 Fabius
615 513 647 570 et
658 503 697 569 P.
705 503 836 582 Decius,
850 502 915 592 Ap.
927 502 1080 570 Claudius
1091 524 1171 589 prae·

159 612 217 680 tor,
236 623 345 668 omnes
363 599 518 665 absentes.
550 608 582 664 et
597 598 639 663 L.
648 596 818 664 Volumnio
835 619 877 663 ex
894 607 1024 663 senatus
1041 596 1170 664 consulto

160 708 191 764 et
209 697 288 762 scito
304 694 406 782 plebis
423 704 626 781 prorogatum
642 694 676 758 in
693 717 809 759 annum
826 693 996 780 imperium
1012 702 1069 758 est.

127 811 141 857 1
219 788 355 855 XXIII.
373 788 425 854 Eo
437 810 519 854 anno
530 788 676 875 prodigia
686 787 786 853 multa
798 786 934 867 fuerunt,
948 809 1085 873 quorum
1097 808 1173 852 aver·

159 883 389 950 runcandorum
406 903 503 948 causa
520 882 763 969 supplicationes
784 880 818 946 in
834 879 968 947 biduum
986 891 1113 947 senatus
1127 880 1172 945 de-

126 995 142 1044 a
159 979 265 1046 crevit.
296 976 422 1064 publice
438 977 547 1042 vinum
564 986 669 1043 actus
686 975 875 1063 praebitum:
893 975 1106 1062 supplicatum
1119 973 1171 1040 iere

126 1090 142 1140 a
160 1072 341 1157 frequentes
353 1070 412 1137 viri
425 1070 632 1155 feminaeque.
657 1069 816 1158 insignem
833 1068 1097 1157 supplicationem
1110 1067 1173 1133 fecit

161 1176 319 1232 certamen
347 1165 380 1230 in
406 1163 521 1230 sacello
547 1162 723 1229 Pudicitiae
752 1163 914 1249 patriciae,
946 1184 1030 1247 quac
1055 1163 1090 1228 in
1116 1161 1173 1227 soro

159 1259 289 1325 bovario
307 1267 356 1324 est
373 1259 415 1324 ad
431 1258 543 1324 aedem
560 1257 726 1324 rotundam
742 1256 906 1335 Herculis,
927 1256 1011 1322 inter
1027 1266 1174 1322 matronas

127 1371 144 1418 t
161 1362 273 1419 ortum.
303 1351 497 1441 Verginiam,
515 1352 594 1417 Auli
609 1351 716 1431 filiam,
734 1351 896 1437 patriciam
912 1349 1040 1437 plebeio
1056 1360 1175 1438 nuptam

159 1447 202 1514 1..
214 1445 386 1514 Volumnio
403 1445 539 1525 consuli,
557 1456 727 1525 matronae,
745 1444 830 1530 quod
847 1467 865 1510 e
881 1444 1026 1531 patribus
1044 1445 1176 1533 enupsis-

161 1549 222 1618 set,
246 1540 342 1605 sacn's
364 1549 536 1606 arcuerunt.
573 1538 679 1606 brevis
701 1539 859 1606 altercatio
876 1539 951 1605 inde
968 1561 1010 1604 ex
1025 1538 1177 1606 iuacundia

127 1653 143 1700 5
160 1634 305 1702 muliebri
321 1635 355 1700 in
371 1637 601 1702 contentionem
618 1635 793 1702 animorum
809 1635 940 1713 exarsit,
962 1657 1039 1701 cum
1056 1658 1092 1701 se
1106 1633 1177 1701 Ver-

160 1729 247 1817 ginia
263 1740 295 1796 et
309 1729 473 1816 patriciam
490 1739 522 1796 et
536 1731 685 1818 pudieam
701 1731 735 1795 in
750 1731 900 1817 patriciae
911 1728 1094 1797 Pudicitiae
1109 1741 1178 1796 tem·

160 1822 249 1908 plum
268 1824 445 1911 ingressam
466 1834 498 1889 et
518 1825 574 1889 uni
594 1834 738 1911 nuptam,
760 1825 802 1890 ad
823 1845 918 1910 quem
938 1825 1033 1912 virgo
1055 1824 1178 1891 deducta

163 1917 217 1994 sit,
240 1938 298 1983 nec
316 1939 351 1983 se
368 1918 427 1983 tiri
447 1918 642 1983 bonorumve
659 1919 727 1984 eius
744 1941 783 1984 ac
802 1941 907 1984 rerum
927 1929 1094 2006 gestam
1113 1939 1179 2006 pae-

127 2011 275 2089 onitere,
296 2032 372 2076 vero
392 2011 587 2098 gloriaretur.
623 2012 708 2079 sacto
728 2013 842 2079 deinde
863 2015 995 2102 egregio
1020 2013 1179 2104 magnifica

160 2101 258 2168 verba
282 2103 429 2169 adauxit:
454 2104 489 2169 in
513 2105 584 2172 vico
604 2106 735 2195 Longo,
761 2106 818 2173 ubi
837 2106 1015 2186 habitabat,
1040 2130 1083 2174 ex
1101 2116 1180 2195 parte

161 2195 287 2262 aedium
300 2198 386 2283 quod
403 2200 480 2266 satis
492 2210 578 2266 esset
593 2200 656 2267 loci
672 2201 796 2268 modico
808 2201 924 2267 sacello
938 2201 1077 2268 exclusit
1090 2224 1181 2268 amm-

160 2312 223 2374 que
239 2289 285 2357 ibi
303 2292 423 2379 posuit,
448 2302 481 2358 et
497 2295 676 2360 convocatis
696 2294 829 2381 plebeiis
845 2295 998 2360 matronis
1017 2304 1181 2381 conquesta

128 2399 143 2445 t
160 2382 306 2450 iniuriam
322 2386 536 2471 patriciarum:
564 2388 658 2453 ‘banc
676 2410 737 2476 ego
754 2387 856 2454 aram'
876 2388 979 2472 inquit
998 2388 1180 2455 ‘Pudicitiae

160 2475 302 2562 plebeiae
323 2479 435 2545 dedico
451 2502 571 2566 vosque
589 2480 708 2560 hortor,
731 2492 767 2547 ut
783 2482 869 2567 quod
886 2492 1050 2549 certamen
1068 2483 1180 2550 virtutis

160 2572 245 2637 viros
266 2573 300 2636 in
320 2572 380 2638 bac
397 2574 522 2640 ciiitate
539 2586 636 2654 tenet,
658 2576 719 2642 boc
739 2577 908 2663 pudicitiae
928 2577 1014 2642 inter
1031 2589 1181 2644 matronas

126 2676 143 2726 8
161 2665 202 2730 sit
219 2665 361 2751 detisque
378 2690 515 2754 operam,
528 2679 564 2735 ut
576 2670 655 2735 haec
672 2694 725 2736 ara
742 2693 838 2756 quam
854 2671 918 2748 illa,
938 2672 1066 2757 siquid
1079 2681 1181 2760 potest,

128 2758 300 2823 esanctius
321 2769 352 2824 et
370 2784 389 2824 a
407 2763 592 2830 castioribus
614 2764 675 2829 coli
695 2763 837 2830 dicatur!
870 2764 985 2830 eodem
1007 2767 1110 2833 ferme
1129 2767 1182 2831 n'tu

160 2850 291 2915 ethaeo
313 2874 381 2929 ara,
403 2875 466 2937 quo
487 2856 541 2920 illa
566 2857 735 2943 antiquior,
761 2858 846 2923 culta
866 2868 930 2936 est,
957 2869 994 2924 ut
1016 2862 1107 2927 nulla
1129 2858 1182 2925 nisi

160 2951 319 3027 spectatae
335 2946 503 3031 pudicitiae
516 2961 658 3016 matrona
670 2961 702 3017 et
714 2974 795 3036 qnae
807 2952 864 3016 uni
875 2952 945 3017 viro
958 2965 1064 3041 nupta
1080 2955 1182 3020 ficisset

110 3035 426 3105 10iussac1ificandi
450 3042 589 3108 baberet
628 3045 757 3131 vulgata
777 3044 852 3110 dein
872 3046 987 3132 religio
1010 3071 1033 3113 a
1053 3047 1179 3136 pollutis,

158 3151 218 3194 nee
235 3134 385 3198 matronis
403 3134 518 3213 solum,
537 3138 594 3202 sed
610 3139 713 3205 omnis
730 3139 847 3204 ordinis
865 3138 1012 3218 seminis,
1031 3152 1180 3229 postremo

158 3222 193 3286 iu
209 3222 397 3290 obliuionem
414 3229 509 3293 venit.

110 3328 141 3375 11
222 3315 348 3383 Eodem
364 3343 447 3386 anno
461 3320 521 3386 Cn.
534 3332 566 3387 et
579 3321 622 3406 Q
636 3322 770 3412 Ogulnii
786 3326 905 3391 aediles
923 3328 1058 3395 curules
1076 3330 1181 3413 aliquot

109 3419 143 3467 1²
159 3405 406 3478 faenemtoribus
426 3415 511 3479 diem
530 3416 691 3496 dixerunt3
718 3441 853 3503 quorum
870 3419 968 3486 bouis
990 3423 1134 3488 multatis
1148 3440 1181 3484 ex

158 3520 224 3607 ⁹.⁰'.
233 3503 318 3584 quod
342 3505 377 3569 in
397 3507 558 3593 publicum
577 3512 739 3578 redactum
761 3526 824 3591 est,
850 3536 952 3581 aenea
973 3517 1012 3581 in
1035 3513 1181 3604 Capitolio

158 3590 268 3656 limma
287 3603 319 3657 et
339 3598 433 3664 trium
458 3625 638 3670 mensarum
663 3618 813 3695 argentea
837 3631 917 3674 rasa
943 3609 980 3675 in
1002 3612 1087 3678 cella
1106 3608 1180 3676 Iovis

157 3682 330 3792 Iovemque
345 3688 380 3752 in
396 3693 530 3759 culmine
547 3719 620 3763 curn
637 3701 799 3788 quadrigis
815 3711 848 3766 et
865 3703 908 3767 ad
924 3703 1029 3770 ficum
1042 3703 1181 3772 Rumina·

156 3776 222 3841 lem
247 3777 413 3845 srmulm
433 3785 601 3855 infantium
621 3795 819 3859 mnditomm
840 3796 932 3863 urbis
955 3797 1020 3864 sub
1042 3796 1180 3866 uben’bus

155 3867 252 3953 lupae
263 3885 434 3981 poauerunt
447 3880 654 3969 &mitamque
667 3910 745 3953 saxo
758 3891 914 3972 quadrato
923 3916 945 3957 a
954 3891 1092 3980 Capena
1103 3897 1181 3979 pom

106 3972 140 4025 υ
155 3961 202 4027 ad
220 3960 334 4031 blm-trs
355 3978 539 4038 suavemnt.
579 3990 612 4044 et
635 3982 676 4047 ab
697 3984 853 4051 aedilibus
875 3986 1014 4073 plebeiis
1037 3991 1080 4056 L.
1098 3983 1180 4054 Aelio

36 4032 125 4239 g
