2566 4524
221 220 265 287 48
452 230 570 286 muna
587 230 615 299 ι,
633 230 728 285 aare.
747 228 1019 301 [auarus-rao]

219 393 277 459 uni
294 414 329 458 se
348 414 388 456 ex
407 388 536 456 Sabinis
558 389 624 454 fors
647 390 723 454 dare
744 389 814 454 visa
835 397 884 455 est
900 388 1023 474 priuato
1045 389 1178 457 consilio
1191 390 1240 459 inr-

185 487 299 577 uperii
320 484 534 571 recuperandi.
570 484 629 550 bos
651 485 685 548 in
708 481 837 550 Sabinis
859 494 933 549 nata
954 482 1082 549 crridam
1101 485 1184 571 patri
1201 484 1247 551 fe·

219 582 325 648 miliae
345 580 460 645 dicitur
479 579 623 644 miranda
644 579 862 666 magnitudine
888 600 927 645 ac
951 579 1068 663 specie.
1107 578 1174 645 fixa
1194 600 1238 667 per

219 677 335 743 multas
358 684 477 741 aetates
499 696 618 739 cornua
638 674 672 737 in
693 672 850 739 vestibulo
868 673 1122 759 tempthianae
1143 696 1258 741 mone.

185 794 203 841 5
221 776 362 836 mentum
380 770 410 834 ei
426 769 515 834 fuere
532 768 693 833 miraculo.
729 767 852 847 habita,
878 778 914 832 ut
935 778 1016 848 erat,
1042 790 1096 835 res
1118 766 1237 855 prodigi

219 864 291 930 loco
308 874 356 928 est
374 873 405 928 et
423 864 563 929 cecinere
580 872 680 939 vates,
699 863 789 927 cuius
803 863 938 927 civitatis
951 885 1022 929 eam
1034 862 1115 929 civis
1128 862 1237 929 Dianae
1277 924 1279 929 .

219 957 450 1036 iminolassent,
464 957 509 1022 ibi
526 957 594 1022 fore
611 958 788 1043 imperium,
810 958 906 1041 idque
923 980 1051 1023 carmen
1068 966 1237 1044 pervencrd

187 1075 203 1122 6
221 1055 262 1120 ad
279 1053 450 1121 antistitem
467 1051 533 1116 fani
545 1052 682 1129 Dianae,
703 1051 914 1137 Sabinusque,
931 1063 968 1117 ut
982 1054 1088 1140 prima
1099 1064 1174 1141 apte
1184 1054 1235 1119 diu
1273 1048 1279 1057 ’

221 1148 374 1215 sacrificio
392 1147 461 1212 visa
478 1157 540 1223 est,
560 1147 688 1225 bovem,
707 1148 844 1213 Romam
861 1160 977 1227 actam,
1000 1148 1132 1213 deducit
1148 1150 1188 1215 ad
1201 1148 1236 1213 fs·

220 1266 298 1309 num
313 1242 439 1307 Dianae
462 1251 493 1306 et
515 1251 587 1307 ante
609 1266 697 1306 aram
715 1244 832 1308 statuit.
867 1243 912 1309 ibi
929 1243 1060 1309 antistes
1078 1243 1234 1321 Romanu
1270 1314 1279 1321 ,

221 1361 294 1404 cum
320 1361 392 1402 eum
414 1337 598 1423 magnitudo
625 1337 771 1402 victimae
797 1338 953 1403 celebrata
978 1338 1066 1403 fama
1091 1339 1232 1415 movisset,
1266 1390 1279 1427 7

221 1456 343 1499 memor
367 1432 525 1516 responsi,
555 1429 711 1498 Sabinum
736 1432 781 1497 ita
807 1432 998 1517 adloquiturz
1027 1433 1190 1516 ‘quidnam
1210 1434 1279 1525 tus²

220 1528 338 1613 hospes
351 1526 511 1612 pararasl'
528 1526 630 1609 inquit
649 1527 781 1591 ‘inceste
796 1527 983 1592 sacrificium
990 1526 1119 1593 Dianae
1131 1524 1233 1593 faceat
1263 1574 1279 1618 ,-

221 1622 298 1706 quin
314 1632 349 1685 tu
366 1630 438 1685 ante
455 1620 528 1685 tivo
546 1620 746 1706 perfunderis
764 1622 911 1686 flumine?
931 1622 1041 1687 infima
1063 1623 1147 1689 valle
1162 1642 1233 1710 pras·
1263 1652 1265 1657 ·

188 1739 202 1784 ι
220 1716 289 1782 fluit
307 1714 451 1797 Tiberis?
485 1716 636 1802 religione
654 1726 756 1781 tactus
774 1717 900 1803 hospes,
919 1718 974 1801 qui
991 1717 1113 1796 omnia,
1130 1727 1165 1783 nt
1178 1736 1235 1803 pro·

220 1813 307 1899 digio
331 1812 536 1896 responderet
562 1822 708 1889 eventus,
736 1824 864 1898 cuperet
888 1814 946 1879 rite
968 1813 1067 1891 facta,
1096 1810 1231 1897 extemplt
1273 1866 1279 1871 .

221 1909 384 1974 descendit
407 1908 448 1971 ad
471 1907 626 1987 Tiberim3
653 1908 772 1973 interea
788 1909 951 1974 Romanus
965 1907 1114 1974 immolat
1129 1908 1230 1973 Diautt
1273 1898 1279 1905 ’

221 2003 345 2070 bovem.
382 2002 416 2064 id
434 2003 511 2066 mire
529 2011 654 2086 gratum
671 2004 740 2088 regi
757 2014 851 2087 atquc
869 2003 988 2066 civitati
1004 2002 1076 2067 fuit.
1256 2067 1279 2083 ,

189 2120 202 2166 ι
285 2095 494 2161 XXXXVI.
519 2094 649 2161 Sertius
668 2120 859 2181 quamquam
872 2098 936 2161 iam
948 2119 1011 2161 usu
1022 2096 1101 2162 haut
1122 2094 1235 2162 dubim·
1257 2134 1279 2173 μ,

221 2214 356 2278 regnum
374 2191 571 2275 possederat,
591 2201 710 2269 tamen,
730 2192 804 2276 quia
820 2193 976 2256 interdum
993 2191 1106 2257 iactari
1123 2208 1233 2257 vocaus
1258 2225 1279 2267 2-

221 2288 334 2351 iuvene
348 2286 520 2370 Tarquinio
535 2286 691 2364 audiebat,
711 2311 745 2351 se
758 2287 881 2351 iniussu
893 2286 1001 2371 populi
1018 2308 1161 2373 regnare,
1177 2304 1234 2351 cou·
1263 2302 1279 2331 ’-

221 2382 325 2446 ciliata
341 2382 428 2466 prius
448 2380 607 2446 voluntate
625 2381 726 2467 plebis
745 2405 822 2468 agro
845 2391 936 2466 capto
954 2404 995 2445 ex
1015 2380 1162 2447 hostibus
1177 2376 1236 2445 viri·

219 2476 276 2541 tim
294 2476 395 2541 diviso
415 2499 511 2542 ausus
530 2486 577 2540 est
594 2476 676 2541 ferre
694 2477 735 2540 ad
752 2476 917 2562 populum,
936 2476 1052 2540 vellent
1068 2476 1235 2542 iuberentne

220 2595 255 2638 se
281 2594 427 2659 regnare,
455 2581 604 2654 tantoque
632 2593 802 2649 consensu,
829 2581 948 2654 quanto
972 2570 1060 2635 haud
1085 2572 1242 2655 quisquan

186 2666 377 2734 saliust
324 2677 410 2742 ant,e
437 2688 493 2729 rex
520 2675 568 2729 est
596 2665 782 2729 declaratus
818 2686 921 2748 neque
947 2686 986 2729 ea
1005 2686 1057 2729 res
1079 2659 1236 2749 Tarquinio

221 2784 311 2846 sporn
330 2760 508 2824 adfectandi
525 2760 615 2845 regni
637 2760 765 2837 minuit,
792 2760 889 2826 immo
907 2782 945 2825 eo
972 2758 1152 2845 inpensius,
1178 2754 1237 2841 quis

221 2855 260 2918 de
287 2877 364 2940 agro
389 2853 491 2939 plebis
518 2854 651 2919 adressa
676 2867 803 2940 patrum
829 2855 990 2919 voluntate
1019 2863 1164 2919 senserat
1186 2846 1235 2937 egi,

221 2910 405 3013 crimiirandi
425 2947 528 3014 Servii
550 2950 634 3034 apud
655 2960 710 3035 pat
710 2973 760 3014 res
784 2948 1036 3033 crescendique
1026 2972 1061 3011 ιιι
1082 2948 1170 3015 curia
1188 2938 1240 3009 sitt-

220 3043 418 3108 occasionem
436 3044 488 3107 dat
477 3053 541 3107 tam
559 3054 607 3107 rat
608 3068 644 3108 us
664 3054 721 3121 est,
741 3044 854 3129 etipse
867 3042 989 3107 iuvenis
1003 3042 1143 3107 ardentis
1156 3032 1236 3107 ammi

185 3160 201 3207 3
220 3148 251 3204 et
269 3140 355 3204 domi
373 3161 469 3204 uxore
488 3138 619 3203 Tullia
610 3139 729 3222 inquiet
732 3162 785 3202 um
803 3138 943 3202 animum
960 3137 1150 3203 stimulante.
1178 3128 1235 3197 tulit

219 3234 352 3301 enimet
340 3234 514 3299 tRomana
532 3233 618 3320 regia
637 3233 762 3297 sceleris
782 3232 892 3318 tragici
914 3231 1108 3316 exemplum,
1134 3240 1170 3295 ut
1183 3238 1238 3292 ιιι

220 3331 272 3393 (1ἱο
294 3350 406 3415 regum
428 3330 577 3393 maturior
599 3329 719 3394 reniret
707 3328 867 3393 tlibertas
889 3327 1097 3411 ultimumque
1118 3338 1233 3413 regnum

221 3432 314 3498 essct,
334 3423 418 3505 quod
437 3423 553 3487 scelere
571 3434 696 3507 partum
714 3423 803 3488 foret.

184 3537 202 3582 4
285 3515 350 3580 Hic
367 3517 408 3580 L.
428 3515 617 3600 Tarquinius
637 3556 678 3564 —
696 3516 798 3582 Prisci
817 3515 970 3600 Tarquini
987 3516 1073 3602 regis
1095 3514 1177 3579 filius
1190 3530 1232 3575 ιιι·

217 3631 318 3694 posne
344 3608 450 3686 fuerit,
482 3633 593 3694 parum
620 3612 731 3695 liquet,
762 3610 905 3697 pluribus
936 3620 1042 3674 tamen
1070 3604 1231 3675 auctoribus

218 3703 319 3765 filium
333 3703 483 3767 ediderim
492 3744 533 3752 —
548 3706 607 3770 frat
597 3716 675 3771 trem
689 3706 841 3771 habuerat
849 3704 970 3769 Arrunt
958 3715 1023 3769 tem
1032 3700 1231 3788 Tarquinium.

184 3818 200 3864 5
219 3806 275 3860 m1
276 3797 303 3860 is
326 3796 443 3883 ingenii
464 3799 619 3865 iuvenem.
656 3802 705 3866 his
730 3801 931 3878 duobus,ut
896 3808 1026 3864 rutane
995 3798 1168 3863 tdictum
1186 3798 1231 3864 ιιι

218 3893 299 3956 duae
318 3891 454 3972 Tulliae,
481 3897 565 3982 regis
584 3897 680 3975 tiliae,
708 3906 892 3982 nupserant,
920 3905 952 3960 ct
968 3896 1057 3982 ipsae
1074 3895 1167 3981 longe
1182 3886 1241 3953 dit·-
1270 3960 1279 3969 ,,

217 4009 309 4073 pares
336 3989 485 4054 moribus.
522 3991 652 4056 fortet
629 4001 672 4056 1ta
698 3992 863 4071 inciderat,
837 4000 931 4056 tne
957 3991 1021 4058 duo
1042 3980 1205 4055 violenta
1196 4000 1234 4047 tu·
