2566 4524
312 263 431 323 amun
446 264 545 337 vnn,
565 265 663 323 13.14.
682 264 834 338 [seam]
1024 252 1090 323 455
1154 232 1156 236 ’

67 427 196 496 omnium
214 423 360 493 exclusos
378 448 398 492 a
414 425 639 492 commeatibus
658 423 895 513 absumpsisset.
923 434 992 493 tum
1009 447 1122 512 quma

67 545 114 607 pre
130 519 293 608 profectos
310 519 384 587 inde
401 520 443 585 ad
459 520 643 599 Luceriam,
664 520 754 586 iuxta
775 518 955 588 obsidentes
978 521 1088 589 obses„

67 637 185 701 sosque,
203 615 311 702 inopia
327 615 462 680 vexavit
503 615 608 680 omnia
625 614 665 681 ab
683 613 782 702 Arpis
800 615 953 683 Romanis
972 639 1087 704 suppe-

67 710 244 789 litabantur,
271 718 409 776 cetarum
431 709 510 776 adeo
533 710 660 796 exigue,
688 720 723 775 ut
745 710 836 775 militi
853 719 1005 797 occupato
1023 721 1087 779 sta·¹

67 805 192 873 :ionibus
214 805 394 893 vigiliisque
417 814 448 872 et
470 827 564 892 opere
586 826 682 890 eques
704 805 852 873 folliculis
874 807 908 872 in
925 817 1029 873 castra
1046 807 1086 874 ab

67 901 151 988 Arpis
174 901 368 967 frumentum
389 899 530 979 veheret,
553 901 709 966 interdum
727 922 860 967 occursu
878 901 1016 968 hostium
1035 925 1087 969 co·
1106 913 1139 964 10
1227 950 1230 954 ,

67 1005 183 1083 geretur
200 994 323 1062 abiecto
337 1017 377 1061 ex
390 1016 471 1080 equo
485 994 642 1061 frumento
655 1017 806 1082 pugnare.
834 995 974 1062 obsessis
988 998 1085 1083 prius,

67 1114 152 1175 quam
171 1090 251 1156 alter
268 1088 377 1155 consul
394 1089 512 1156 victore
529 1089 668 1156 exercitu
685 1089 824 1168 advenit,
844 1100 875 1156 et
893 1102 1085 1158 commeatus

67 1207 97 1250 ex
106 1182 267 1251 montibus
283 1181 472 1251 Samnitium
490 1174 606 1250 iniecti
619 1194 706 1250 erant
719 1194 750 1249 et
769 1184 884 1250 auxilia
896 1185 1084 1251 intromissa.

67 1279 168 1345 artiora
177 1279 283 1345 omnia
291 1279 445 1344 adventus
453 1277 582 1344 Publilii
595 1277 679 1358 fecit,
698 1279 753 1363 qui
766 1278 928 1346 obsidione
941 1279 1086 1366 delegata
1105 1300 1135 1351 11

67 1397 88 1438 n
107 1396 217 1441 curam
239 1373 379 1461 collegae
400 1395 519 1439 vacum
542 1395 599 1460 per
621 1375 716 1460 agros
737 1383 850 1439 cuncta
866 1373 982 1440 infesta
1000 1396 1085 1440 oom-

67 1467 209 1535 neatibus
236 1467 375 1534 hostium
400 1467 531 1533 fecerat:
558 1467 664 1552 itaque
687 1489 759 1533 cum
783 1490 855 1554 spes
878 1468 965 1534 nulla
991 1477 1084 1545 esset,
1104 1489 1136 1539 12

67 1563 171 1630 liutirm
190 1562 339 1630 obsessos
356 1563 496 1651 inopiam
512 1563 645 1642 latinos,
665 1563 765 1629 coacti
780 1561 953 1641 Samnites,
973 1564 1027 1648 qui
1044 1563 1086 1629 ad

67 1659 225 1726 nuceriam
239 1668 341 1725 castra
352 1657 520 1737 habebant,
534 1659 674 1743 undique
687 1659 852 1725 contractis
862 1659 982 1725 viribus
994 1659 1086 1746 signa

67 1775 125 1820 turn
141 1754 272 1841 Papirio
290 1754 440 1820 conferre.

115 1848 235 1914 xlm
270 1848 335 1915 Per
355 1849 388 1913 id
409 1857 534 1934 tempus
555 1845 801 1933 parantibusque
823 1847 964 1932 utrisque
987 1869 1022 1912 se
1044 1847 1085 1912 ad
1104 1869 1118 1918 1

67 1943 207 2009 >melium
228 1943 325 2030 legati
344 1942 504 2008 Tarentini
525 1942 736 2007 interveniunt
753 1940 973 2007 denuntiantes
993 1939 1087 2008 Sam-

67 2035 173 2102 ritibus
189 2036 419 2122 Romanisque,
443 2047 478 2101 ut
495 2035 612 2101 bellum
631 2035 821 2101 omitterent:
844 2057 901 2122 per
917 2044 1005 2101 utros
1024 2045 1086 2102 ste-

67 2132 156 2211 isset,
179 2153 243 2216 quo
259 2132 364 2197 minus
382 2131 594 2197 discederetur
611 2129 651 2196 ab
670 2131 780 2208 armis,
804 2130 955 2217 adversus
974 2152 1028 2196 eos
1052 2151 1086 2196 se

67 2248 109 2293 uo
126 2225 234 2292 alteris
252 2236 456 2313 pugnaturos.
493 2247 531 2291 ea
550 2225 708 2312 legatione
725 2223 872 2310 Papirius
891 2225 998 2290 audita
1014 2247 1085 2310 per·
1103 2245 1118 2294 a

67 2321 125 2387 nde
142 2342 182 2387 ao
198 2331 303 2387 motus
322 2320 413 2387 dictis
431 2343 540 2387 eorum
558 2342 632 2387 cum
649 2320 771 2408 collega
788 2341 823 2385 se
836 2320 1084 2386 communicatu-

67 2436 122 2481 um
134 2415 307 2501 respondit,
326 2416 488 2500 accitoque
502 2437 549 2495 eo,
569 2436 641 2481 eum
651 2423 775 2501 tempus
789 2414 923 2480 omnein
932 2424 1085 2501 apparatu

67 2531 182 2595 pugnae
204 2511 466 2596 consumpsisset,
489 2510 673 2577 conlocutus
699 2510 740 2576 de
760 2531 795 2575 re
816 2509 902 2575 haud
925 2508 1020 2574 dubia
1044 2509 1085 2573 si·

67 2624 154 2689 gnum
160 2624 288 2692 pugnae
300 2604 471 2690 proposuit.
495 2604 660 2691 agentibus
670 2603 776 2669 divina
784 2602 993 2687 humanaque,
1004 2623 1084 2686 quae
1102 2620 1118 2670 e

67 2696 213 2776 deolent,
231 2719 304 2763 cum
322 2699 389 2764 acie
407 2699 620 2764 dimicandum
637 2708 699 2776 est,
723 2696 904 2764 oonsulibus
923 2697 1085 2763 Tarentini

67 2790 149 2879 egati
165 2811 331 2858 occursare
347 2814 534 2879 responsum
552 2800 786 2878 exspectantes,
804 2791 920 2877 quibus
937 2790 1084 2879 Papirius

67 2884 109 2951 it:
136 2885 295 2972 ‘auspicia
315 2886 455 2952 secunda
476 2907 561 2965 esse,
585 2885 760 2965 Tarentini,
783 2886 935 2974 pullarius
953 2887 1120 2953 nuntiata

67 2978 176 3047 tatum
193 2988 356 3065 praeterea
372 2989 421 3046 est
438 2980 573 3067 egregie.
610 2979 790 3046 auctoribus
809 2982 883 3059 diis,
907 2991 942 3045 ut
960 2981 1083 3058 videtis,

67 3072 183 3139 duem
204 3073 375 3160 gerendam
396 3073 643 3160 proficiscimur?
680 3074 771 3162 signa
791 3075 865 3139 inde
887 3073 970 3138 ferre
992 3073 1084 3138 iussit
1101 3091 1118 3140 t

67 3174 87 3231 t
111 3166 219 3255 copias
246 3166 366 3246 eduxit,
402 3167 607 3234 vanissimam
631 3168 796 3255 increpans
827 3176 967 3254 gentem,
1003 3186 1084 3250 quae

68 3282 183 3329 narum
203 3261 351 3347 inpotens
372 3285 477 3329 rerum
498 3286 574 3350 prae
598 3263 778 3330 domesticis
797 3260 1001 3328 seditionibus
1019 3259 1085 3325 dis-

67 3355 231 3441 mdiisque
249 3355 320 3422 aliis
337 3358 466 3423 modum
483 3359 570 3444 pacis
589 3380 627 3424 ac
643 3357 718 3424 belli
735 3356 839 3423 facere
857 3377 994 3440 aequum
1011 3376 1085 3421 cen-

67 3459 145 3517 aret.
192 3447 353 3517 Samnites
376 3461 520 3538 exparte
537 3452 635 3518 altera
653 3473 725 3517 oum
743 3473 867 3517 omnem
885 3471 992 3516 curam
1010 3449 1085 3516 belli
1103 3467 1118 3518 a

67 3543 262 3623 emisissent,
281 3544 356 3629 quia
373 3554 428 3611 aut
439 3567 551 3632 pacem
563 3567 638 3612 vere
651 3545 818 3632 cupiebant
830 3554 885 3612 aut
897 3543 1086 3631 expediebat

67 3637 216 3718 imulare,
237 3647 274 3704 ut
292 3637 480 3707 Tarentinos
503 3639 564 3707 sibi
586 3640 799 3720 conciliarent,
823 3662 897 3706 cum
914 3640 1083 3707 instructos

67 3740 181 3823 epcnte
206 3731 249 3799 ad
272 3754 415 3821 pugnam
439 3733 602 3802 Romanos
628 3736 880 3822 conspexissent,
908 3733 1082 3811 vociferari,

67 3848 83 3895 e
98 3827 138 3893 in
154 3826 340 3895 auctoritate
358 3827 600 3896 Tarentinorum
616 3852 744 3896 manere
760 3851 820 3897 nec
841 3829 1029 3896 descendere
1050 3826 1084 3892 in
1102 3845 1118 3895 1

67 3922 153 3989 dem
169 3942 232 3989 neo
248 3931 338 3990 extra
353 3923 474 3990 vallum
489 3947 578 3990 arma
591 3924 686 4003 ferre;
706 3925 853 4011 deceptos
865 3923 970 4011 potius
984 3920 1085 4006 qnod·

67 4038 189 4103 umque
215 4038 309 4085 eam
334 4016 417 4085 ferat
442 4041 606 4106 passuros,
633 4041 729 4104 quam
754 4029 790 4083 ut
817 4017 973 4104 sprevisse
994 4015 1083 4102 pacis
