2566 4524
191 248 257 314 370
406 258 525 314 umus
542 258 612 330 vn,
631 259 673 315 19.
686 259 729 316 eo.
750 259 1006 334 [sustentor]

191 444 304 510 agrum
321 420 404 485 eirea
420 418 581 485 Romame
601 417 715 484 salines
733 419 931 505 praedaeque
948 430 1071 508 partem
1086 423 1119 489 in
1134 420 1198 491 (ias-
1218 398 1226 421 ⁸
1244 396 1246 453 ἶ

191 519 285 583 ritum
302 515 381 580 fines
401 523 542 580 avectam
560 522 591 579 et
607 512 693 578 haud
710 512 805 580 dubie
821 514 1019 589 iuventutem
1031 516 1098 585 eius
1110 518 1200 609 populi

158 627 173 676 9
190 609 480 697 interpraedatores
489 607 598 674 fuisse.
623 607 730 693 itaque
738 606 903 675 Valerimn
911 610 1085 692 oonsulem,
1094 607 1201 680 Volscis

76 740 81 747 ·
192 705 371 793 oppositum
389 712 553 786 castraque
570 702 612 768 ad
629 702 724 769 finem
737 700 955 770 Tusculanum
971 704 1152 787 habentem,
1165 724 1203 773 te·

141 816 175 868 10
192 808 340 865 vocatum
359 796 435 862 inds
457 804 585 863 senatus
607 796 790 862 ‹littatorem
807 796 913 865 dicere
929 796 1035 867 iussit.
1069 798 1110 867 Τ.
1124 792 1203 867 Mm-

191 894 269 958 lium
309 892 351 956 L.
373 891 473 956 filium
514 889 602 956 dixit.
641 891 670 956 is
692 910 764 956 eum
786 890 849 959 sibi
869 893 1061 981 magistrum
1082 896 1203 983 equitum

191 987 234 1055 A.
258 985 442 1053 Cornelium
464 984 603 1052 Cossum
625 985 770 1066 dixisset,
797 986 954 1054 consulari
980 987 1122 1056 exereitu
1142 1012 1202 1056 eon-

192 1091 297 1148 tentus
324 1103 364 1147 ex
390 1079 572 1146 auctoritate
597 1090 723 1167 petrum
744 1102 782 1147 ao
802 1082 911 1169 populi
930 1082 1024 1151 iussu
1042 1080 1205 1152 caeratis

191 1177 311 1244 bellurn
326 1176 450 1241 indixit.
1244 1228 1246 1233 .

159 1297 172 1345 1
254 1272 339 1340 XX.
376 1270 461 1338 Tum
477 1272 613 1360 primum
633 1270 789 1351 Caelites,
812 1282 972 1359 tamquam
988 1274 1025 1341 in
1040 1274 1145 1343 verbis
1160 1274 1205 1341 lio·
1244 1268 1246 1281 '

95 1395 114 1431 ο
192 1370 287 1437 stium
307 1368 357 1434 vis
378 1367 479 1433 maior
500 1366 542 1432 ad
562 1365 681 1432 bellum
704 1360 944 1455 significandum
970 1382 1069 1456 quam
1093 1371 1128 1437 in
1151 1370 1204 1437 suis

191 1464 299 1542 usus,
318 1463 373 1547 qui
389 1482 447 1549 per
461 1461 696 1549 populationem
709 1458 871 1529 Romanos
888 1462 1108 1545 lacessierunt,
1126 1474 1203 1543 esset

190 1580 285 1625 rents
303 1556 378 1623 belli
393 1562 495 1622 terror
510 1556 641 1635 invasit3
659 1565 690 1622 et
707 1574 805 1642 quum
822 1574 886 1623 non
904 1576 1035 1626 sunmm
1051 1559 1162 1627 vidum
1175 1580 1205 1626 eu

157 1673 173 1723 a
190 1650 351 1718 dimicatio
373 1660 470 1729 esset,
498 1649 667 1717 cernebant
687 1651 928 1737 paenitebatque
950 1652 1160 1741 populationis
1180 1662 1205 1720 et

190 1746 437 1833 Tarquinienses
488 1744 715 1815 execrabantur
750 1740 937 1813 defeationis
966 1758 1127 1831 auctorem
1158 1770 1204 1815 nee

192 1864 280 1909 orma
302 1850 356 1908 aut
372 1840 491 1907 bellum
508 1841 677 1926 quisquam
693 1860 859 1927 apparare,
883 1840 940 1908 sed
956 1860 1016 1930 pro
1034 1862 1070 1911 se
1088 1844 1203 1931 quisque

158 1955 173 2004 s
190 1938 312 2025 legatos
330 1935 412 2001 mitti
428 1933 557 2001 iubebat
575 1935 616 2000 ad
632 1930 801 2021 petendam
817 1935 929 2003 erroris
948 1936 1085 2005 veniam.
1123 1936 1203 2027 legati

192 2040 336 2096 senatum
353 2050 427 2096 oum
444 2029 598 2108 adissent,
617 2028 657 2096 ab
672 2039 784 2096 senatu
796 2026 904 2098 reiecti
917 2032 958 2098 ad
969 2032 1127 2121 populum
1142 2034 1204 2100 deos

190 2133 394 2213 rogaverunt,
417 2144 550 2210 quorum
572 2144 662 2191 saera
682 2122 766 2192 bello
784 2120 908 2193 Gallico
925 2138 1057 2215 'aeeepts
1073 2126 1132 2196 rite
1146 2151 1205 2219 pro·

190 2229 368 2299 curassent,
390 2228 427 2285 ut
447 2218 610 2287 Romanos
631 2218 778 2287 florentes
800 2238 838 2288 er
860 2221 911 2288 sui
930 2223 1148 2292 miserirordiu
1165 2247 1204 2291 oe·

190 2325 292 2403 peret,
319 2336 400 2399 quae
427 2336 462 2380 se
486 2313 581 2380 rebus
609 2314 743 2382 adfectis
768 2316 928 2401 quondam
952 2317 1063 2405 populi
1085 2314 1204 2387 Romani

156 2433 174 2480 4
192 2411 341 2498 eepisset3
364 2409 569 2494 conversique
587 2408 628 2475 ad
645 2408 776 2477 delubra
792 2404 911 2479 Vestae
928 2410 1106 2501 hospitium
1122 2412 1205 2481 flami·

189 2528 267 2573 num
283 2505 523 2592 Vestaliumque
545 2503 585 2570 ab
609 2527 644 2570 se
667 2514 752 2572 caste
775 2526 812 2571 oe
829 2506 975 2595 religiose
994 2508 1119 2577 cultum
1132 2510 1206 2575 iuro·

157 2603 318 2673 stabant:
346 2620 423 2668 eane
444 2598 573 2666 meritos
600 2596 739 2666 erederet
764 2601 932 2686 quisquam
957 2602 1067 2672 hostes
1094 2612 1205 2693 repente

191 2699 258 2764 eine
277 2718 373 2762 ceusu
389 2695 505 2772 iactos,
524 2704 592 2774 aut,
612 2690 727 2780 siquid
738 2694 893 2762 hostiliter
905 2690 1071 2780 iecissent,
1092 2697 1206 2767 oonsilio

189 2792 223 2856 id
241 2790 344 2876 magis
362 2806 458 2874 quam
475 2788 580 2854 imore
597 2788 703 2876 lapsos
721 2784 851 2870 iecisse,
867 2799 905 2856 ut
922 2810 982 2858 sua
998 2803 1111 2861 vetera
1126 2794 1205 2862 bent-

190 2885 275 2963 fioia,
298 2884 401 2949 locate
416 2882 601 2973 praesertim
619 2884 703 2970 apud
724 2892 789 2950 tam
810 2894 931 2973 matos,
959 2889 1053 2956 novis
1077 2906 1205 2957 conrum-

190 2987 301 3066 perent
319 2977 480 3044 maleficiis
498 2978 722 3063 florentemque
739 2979 892 3067 populum
905 2980 1205 3053 Romanensem

191 3074 353 3141 eissimum
382 3071 466 3139 bello
497 3072 558 3138 sibi
588 3073 788 3139 desumerent
813 3073 953 3154 hostem,
984 3074 1077 3145 euius
1106 3072 1204 3145 edilieti

190 3168 359 3236 amicitiam
381 3167 554 3255 petissent?
579 3189 620 3232 ne
639 3166 835 3254 appellarent
857 3162 1040 3252 tonatim,
1067 3190 1149 3260 quae
1167 3170 1204 3237 ris

156 3286 171 3334 s
191 3286 228 3331 ae
244 3263 417 3331 necessitas
435 3260 623 3350 appellanda
640 3271 733 3328 esset.
760 3262 950 3331 transeuntis
963 3260 1095 3355 agmine
1106 3256 1203 3334 ntes

188 3382 246 3447 per
262 3382 374 3447 agrum
397 3378 490 3425 suum
507 3350 768 3444 Tarquinienses,
795 3376 867 3425 eum
888 3358 1015 3447 praeter
1037 3358 1124 3429 riam
1141 3352 1203 3428 sut

189 3453 355 3540 petissent,
383 3451 516 3519 traxisse
538 3448 693 3538 quosdam
715 3454 887 3543 agrestium
903 3446 1125 3543 populationis
1141 3450 1201 3531 eiu

155 3568 271 3634 equae
294 3547 356 3614 sibi
377 3546 498 3613 crimini
519 3546 624 3628 teau,
652 3540 792 3615 comites.
832 3564 887 3615 eos
910 3560 969 3616 seu
990 3540 1201 3640 templares

189 3642 304 3710 dedere
322 3664 356 3710 se
373 3653 499 3730 puratos
518 3658 604 3724 esse,
621 3660 681 3711 seu
698 3636 851 3732 suppfieio
869 3638 976 3724 adiici,
996 3645 1127 3715 daturos
1142 3658 1201 3733 pot

189 3762 257 3806 nas.
300 3737 413 3819 Caere,
438 3736 608 3807 sacrarium
628 3734 739 3829 populi
755 3732 906 3821 Romani,
930 3734 1146 3810 deversorium
1164 3758 1202 3805 ss·

189 3834 351 3901 cerdotum
365 3856 402 3902 eo
413 3834 867 3924 receptaculumltomsnomm
881 3852 1054 3918 semorum,
1068 3832 1201 3903 martur

187 3929 434 4018 inviolatumque
456 3927 585 3997 erimine
606 3928 682 3998 belli
702 3924 840 4021 hospitio
860 3922 1043 4001 Vestalium
1065 3924 1200 4015 ouldsqw

153 4039 172 4093 s
189 4023 249 4091 diis
263 4025 381 4094 darent.
408 4025 506 4094 movit
518 4024 671 4114 pupulum
684 4046 748 4093 uon
761 4035 826 4093 tam
840 4044 938 4096 eausa
953 4040 1106 4117 praesem
1123 4038 1199 4113 quw
