<?xml version="1.0" encoding="UTF-8"?>
<!DOCTYPE html PUBLIC "-//W3C//DTD XHTML 1.0 Transitional//EN"
    "http://www.w3.org/TR/xhtml1/DTD/xhtml1-transitional.dtd">
<html xmlns="http://www.w3.org/1999/xhtml" xml:lang="en" lang="en">
 <head>
  <title>
</title>
<meta http-equiv="Content-Type" content="text/html;charset=utf-8" />
  <meta name='ocr-system' content='tesseract 3.04.00' />
  <meta name='ocr-capabilities' content='ocr_page ocr_carea ocr_par ocr_line ocrx_word'/>
</head>
<body>
  <div class='ocr_page' id='page_1' title='image "./titiliviaburbec01weisgoog_0228.png"; bbox 0 0 2566 4524; ppageno 0'>
   <div class='ocr_carea' id='block_1_1' title="bbox 379 248 1128 327">
    <p class='ocr_par' dir='ltr' id='par_1_1' title="bbox 379 248 1128 327">
     <span class='ocr_line' id='line_1_1' title="bbox 379 248 1128 327; baseline 0.009 -20"><span class='ocrx_word' id='word_1_1' title='bbox 379 253 683 326; x_wconf 67' lang='lat' dir='ltr'>presumunt.</span> <span class='ocrx_word' id='word_1_2' title='bbox 704 254 855 327; x_wconf 57' lang='lat' dir='ltr'>[acum]</span> <span class='ocrx_word' id='word_1_3' title='bbox 1068 248 1128 314; x_wconf 91' lang='grc'>141</span> 
     </span>
    </p>
   </div>
   <div class='ocr_carea' id='block_1_2' title="bbox 93 409 1248 1065">
    <p class='ocr_par' dir='ltr' id='par_1_2' title="bbox 93 409 1248 1065">
     <span class='ocr_line' id='line_1_2' title="bbox 93 409 1130 502; baseline 0.004 -23"><span class='ocrx_word' id='word_1_4' title='bbox 93 423 179 479; x_wconf 87' lang='lat' dir='ltr'>trum</span> <span class='ocrx_word' id='word_1_5' title='bbox 197 409 364 497; x_wconf 86' lang='lat' dir='ltr'>plebisque</span> <span class='ocrx_word' id='word_1_6' title='bbox 382 419 444 489; x_wconf 87' lang='lat' dir='ltr'>est,</span> <span class='ocrx_word' id='word_1_7' title='bbox 469 412 627 490; x_wconf 91' lang='lat' dir='ltr'>consules,</span> <span class='ocrx_word' id='word_1_8' title='bbox 652 411 807 490; x_wconf 91' lang='lat' dir='ltr'>tribunos,</span> <span class='ocrx_word' id='word_1_9' title='bbox 831 414 908 480; x_wconf 90' lang='lat' dir='ltr'>deos</span> <span class='ocrx_word' id='word_1_10' title='bbox 925 415 1130 502; x_wconf 81' lang='lat' dir='ltr'>hominesque</span> 
     </span>
     <span class='ocr_line' id='line_1_3' title="bbox 94 505 1130 591; baseline 0.003 -18"><span class='ocrx_word' id='word_1_11' title='bbox 94 529 206 573; x_wconf 92' lang='lat' dir='ltr'>omnes</span> <span class='ocrx_word' id='word_1_12' title='bbox 225 514 362 570; x_wconf 84' lang='lat' dir='ltr'>armatos</span> <span class='ocrx_word' id='word_1_13' title='bbox 377 527 470 591; x_wconf 91' lang='lat' dir='ltr'>opem</span> <span class='ocrx_word' id='word_1_14' title='bbox 482 505 573 583; x_wconf 90' lang='lat' dir='ltr'>ferre,</span> <span class='ocrx_word' id='word_1_15' title='bbox 592 505 625 569; x_wconf 92' lang='lat' dir='ltr'>in</span> <span class='ocrx_word' id='word_1_16' title='bbox 639 505 830 590; x_wconf 84' lang='lat' dir='ltr'>Capitolium</span> <span class='ocrx_word' id='word_1_17' title='bbox 848 529 980 587; x_wconf 90' lang='lat' dir='ltr'>currere,</span> <span class='ocrx_word' id='word_1_18' title='bbox 998 509 1130 576; x_wconf 86' lang='lat' dir='ltr'>liberare</span> 
     </span>
     <span class='ocr_line' id='line_1_4' title="bbox 93 600 1130 689; baseline 0.002 -21"><span class='ocrx_word' id='word_1_19' title='bbox 93 624 132 668; x_wconf 90' lang='lat' dir='ltr'>ac</span> <span class='ocrx_word' id='word_1_20' title='bbox 148 623 268 688; x_wconf 87' lang='lat' dir='ltr'>pacare</span> <span class='ocrx_word' id='word_1_21' title='bbox 290 601 547 687; x_wconf 79' lang='lat' dir='ltr'>augustissimam</span> <span class='ocrx_word' id='word_1_22' title='bbox 567 600 654 664; x_wconf 89' lang='lat' dir='ltr'>illam</span> <span class='ocrx_word' id='word_1_23' title='bbox 677 601 805 665; x_wconf 90' lang='lat' dir='ltr'>domum</span> <span class='ocrx_word' id='word_1_24' title='bbox 823 602 910 668; x_wconf 90' lang='lat' dir='ltr'>Iovis</span> <span class='ocrx_word' id='word_1_25' title='bbox 932 605 1042 689; x_wconf 89' lang='lat' dir='ltr'>optimi</span> <span class='ocrx_word' id='word_1_26' title='bbox 1063 629 1130 671; x_wconf 88' lang='lat' dir='ltr'>ma-</span> 
     </span>
     <span class='ocr_line' id='line_1_5' title="bbox 95 692 1162 782; baseline 0.004 -20"><span class='ocrx_word' id='word_1_27' title='bbox 95 695 175 762; x_wconf 81' lang='lat' dir='ltr'>ximi</span> <span class='ocrx_word' id='word_1_28' title='bbox 191 694 319 759; x_wconf 83' lang='lat' dir='ltr'>decuit?</span> <span class='ocrx_word' id='word_1_29' title='bbox 344 692 480 760; x_wconf 87' lang='lat' dir='ltr'>Romule</span> <span class='ocrx_word' id='word_1_30' title='bbox 498 703 600 779; x_wconf 87' lang='lat' dir='ltr'>pater,</span> <span class='ocrx_word' id='word_1_31' title='bbox 624 704 657 756; x_wconf 91' lang='lat' dir='ltr'>tu</span> <span class='ocrx_word' id='word_1_32' title='bbox 675 705 812 759; x_wconf 79' lang='lat' dir='ltr'>mentem</span> <span class='ocrx_word' id='word_1_33' title='bbox 831 705 931 774; x_wconf 87' lang='lat' dir='ltr'>tuam,</span> <span class='ocrx_word' id='word_1_34' title='bbox 950 719 1014 780; x_wconf 91' lang='lat' dir='ltr'>qua</span> <span class='ocrx_word' id='word_1_35' title='bbox 1030 720 1129 782; x_wconf 91' lang='lat' dir='ltr'>quon·</span> <span class='ocrx_word' id='word_1_36' title='bbox 1148 721 1162 767; x_wconf 86' lang='lat' dir='ltr'>s</span> 
     </span>
     <span class='ocr_line' id='line_1_6' title="bbox 97 785 1127 877; baseline 0.003 -23"><span class='ocrx_word' id='word_1_37' title='bbox 97 791 168 854; x_wconf 90' lang='lat' dir='ltr'>dam</span> <span class='ocrx_word' id='word_1_38' title='bbox 191 810 300 853; x_wconf 87' lang='lat' dir='ltr'>arcem</span> <span class='ocrx_word' id='word_1_39' title='bbox 321 785 360 852; x_wconf 89' lang='lat' dir='ltr'>ab</span> <span class='ocrx_word' id='word_1_40' title='bbox 382 787 432 851; x_wconf 91' lang='lat' dir='ltr'>his</span> <span class='ocrx_word' id='word_1_41' title='bbox 453 787 555 852; x_wconf 89' lang='lat' dir='ltr'>isdem</span> <span class='ocrx_word' id='word_1_42' title='bbox 579 785 706 854; x_wconf 87' lang='lat' dir='ltr'>Sabinis</span> <span class='ocrx_word' id='word_1_43' title='bbox 730 812 805 854; x_wconf 85' lang='lat' dir='ltr'>auro</span> <span class='ocrx_word' id='word_1_44' title='bbox 828 800 952 876; x_wconf 87' lang='lat' dir='ltr'>captam</span> <span class='ocrx_word' id='word_1_45' title='bbox 973 794 1127 877; x_wconf 83' lang='lat' dir='ltr'>recepisti,</span> 
     </span>
     <span class='ocr_line' id='line_1_7' title="bbox 95 880 1248 968; baseline 0.003 -20"><span class='ocrx_word' id='word_1_46' title='bbox 95 885 135 948; x_wconf 90' lang='lat' dir='ltr'>da</span> <span class='ocrx_word' id='word_1_47' title='bbox 158 882 251 968; x_wconf 85' lang='lat' dir='ltr'>stirpi</span> <span class='ocrx_word' id='word_1_48' title='bbox 273 890 355 946; x_wconf 88' lang='lat' dir='ltr'>tuae.</span> <span class='ocrx_word' id='word_1_49' title='bbox 389 880 464 946; x_wconf 93' lang='lat' dir='ltr'>iube</span> <span class='ocrx_word' id='word_1_50' title='bbox 489 881 572 946; x_wconf 91' lang='lat' dir='ltr'>hanc</span> <span class='ocrx_word' id='word_1_51' title='bbox 596 882 720 968; x_wconf 83' lang='lat' dir='ltr'>ingredi</span> <span class='ocrx_word' id='word_1_52' title='bbox 746 883 843 962; x_wconf 77' lang='lat' dir='ltr'>viam,</span> <span class='ocrx_word' id='word_1_53' title='bbox 871 907 966 968; x_wconf 89' lang='lat' dir='ltr'>quam</span> <span class='ocrx_word' id='word_1_54' title='bbox 992 897 1027 950; x_wconf 91' lang='lat' dir='ltr'>tu</span> <span class='ocrx_word' id='word_1_55' title='bbox 1053 887 1127 964; x_wconf 85' lang='lat' dir='ltr'>dux,</span> <span class='ocrx_word' id='word_1_56' title='bbox 1244 912 1248 917; x_wconf 94' lang='grc'><em>·</em></span> 
     </span>
     <span class='ocr_line' id='line_1_8' title="bbox 93 975 1127 1065; baseline 0.003 -24"><span class='ocrx_word' id='word_1_57' title='bbox 93 1000 190 1062; x_wconf 91' lang='lat' dir='ltr'>qnam</span> <span class='ocrx_word' id='word_1_58' title='bbox 210 985 286 1040; x_wconf 90' lang='lat' dir='ltr'>tuus</span> <span class='ocrx_word' id='word_1_59' title='bbox 303 975 466 1062; x_wconf 84' lang='lat' dir='ltr'>ingressus</span> <span class='ocrx_word' id='word_1_60' title='bbox 485 975 639 1041; x_wconf 89' lang='lat' dir='ltr'>exercitus</span> <span class='ocrx_word' id='word_1_61' title='bbox 659 986 715 1042; x_wconf 90' lang='lat' dir='ltr'>est.</span> <span class='ocrx_word' id='word_1_62' title='bbox 742 977 862 1063; x_wconf 89' lang='lat' dir='ltr'>primus</span> <span class='ocrx_word' id='word_1_63' title='bbox 881 1001 920 1043; x_wconf 93' lang='lat' dir='ltr'>en</span> <span class='ocrx_word' id='word_1_64' title='bbox 934 1001 995 1065; x_wconf 82' lang='lat' dir='ltr'>ego</span> <span class='ocrx_word' id='word_1_65' title='bbox 1008 981 1127 1057; x_wconf 93' lang='lat' dir='ltr'>consul,</span> 
     </span>
    </p>
   </div>
   <div class='ocr_carea' id='block_1_3' title="bbox 94 1069 1179 4086">
    <p class='ocr_par' dir='ltr' id='par_1_3' title="bbox 94 1069 1179 3045">
     <span class='ocr_line' id='line_1_9' title="bbox 95 1069 1128 1160; baseline 0.001 -24"><span class='ocrx_word' id='word_1_66' title='bbox 95 1081 251 1156; x_wconf 88' lang='lat' dir='ltr'>quantum</span> <span class='ocrx_word' id='word_1_67' title='bbox 264 1069 403 1135; x_wconf 88' lang='lat' dir='ltr'>mortalis</span> <span class='ocrx_word' id='word_1_68' title='bbox 417 1071 511 1134; x_wconf 93' lang='lat' dir='ltr'>deum</span> <span class='ocrx_word' id='word_1_69' title='bbox 526 1092 667 1156; x_wconf 89' lang='lat' dir='ltr'>possum,</span> <span class='ocrx_word' id='word_1_70' title='bbox 686 1079 717 1134; x_wconf 90' lang='lat' dir='ltr'>te</span> <span class='ocrx_word' id='word_1_71' title='bbox 731 1093 768 1136; x_wconf 90' lang='lat' dir='ltr'>ac</span> <span class='ocrx_word' id='word_1_72' title='bbox 782 1082 836 1135; x_wconf 89' lang='lat' dir='ltr'>tua</span> <span class='ocrx_word' id='word_1_73' title='bbox 849 1074 983 1160; x_wconf 86' lang='lat' dir='ltr'>vestigia</span> <span class='ocrx_word' id='word_1_74' title='bbox 997 1075 1128 1157; x_wconf 69' lang='lat' dir='ltr'>sequar?</span> 
     </span>
     <span class='ocr_line' id='line_1_10' title="bbox 94 1163 1162 1250; baseline 0.002 -20"><span class='ocrx_word' id='word_1_75' title='bbox 94 1165 242 1230; x_wconf 89' lang='lat' dir='ltr'>ultimum</span> <span class='ocrx_word' id='word_1_76' title='bbox 261 1164 408 1229; x_wconf 89' lang='lat' dir='ltr'>orationis</span> <span class='ocrx_word' id='word_1_77' title='bbox 422 1163 491 1241; x_wconf 87' lang='lat' dir='ltr'>fuit,</span> <span class='ocrx_word' id='word_1_78' title='bbox 511 1187 545 1229; x_wconf 91' lang='lat' dir='ltr'>se</span> <span class='ocrx_word' id='word_1_79' title='bbox 559 1188 646 1229; x_wconf 88' lang='lat' dir='ltr'>arma</span> <span class='ocrx_word' id='word_1_80' title='bbox 659 1186 780 1250; x_wconf 90' lang='lat' dir='ltr'>capere,</span> <span class='ocrx_word' id='word_1_81' title='bbox 799 1189 911 1231; x_wconf 86' lang='lat' dir='ltr'>vocare</span> <span class='ocrx_word' id='word_1_82' title='bbox 925 1190 1033 1232; x_wconf 89' lang='lat' dir='ltr'>omnes</span> <span class='ocrx_word' id='word_1_83' title='bbox 1050 1166 1129 1249; x_wconf 86' lang='lat' dir='ltr'>Qui·</span> <span class='ocrx_word' id='word_1_84' title='bbox 1148 1193 1162 1238; x_wconf 79' lang='lat'>⁷</span> 
     </span>
     <span class='ocr_line' id='line_1_11' title="bbox 95 1257 1128 1345; baseline 0 -21"><span class='ocrx_word' id='word_1_85' title='bbox 95 1260 167 1324; x_wconf 90' lang='lat' dir='ltr'>rites</span> <span class='ocrx_word' id='word_1_86' title='bbox 178 1259 222 1323; x_wconf 89' lang='lat' dir='ltr'>ad</span> <span class='ocrx_word' id='word_1_87' title='bbox 232 1281 334 1337; x_wconf 85' lang='lat' dir='ltr'>arma3</span> <span class='ocrx_word' id='word_1_88' title='bbox 353 1257 443 1342; x_wconf 89' lang='lat' dir='ltr'>siqui</span> <span class='ocrx_word' id='word_1_89' title='bbox 451 1258 599 1343; x_wconf 83' lang='lat' dir='ltr'>inpediat,</span> <span class='ocrx_word' id='word_1_90' title='bbox 618 1259 681 1322; x_wconf 86' lang='lat' dir='ltr'>iam</span> <span class='ocrx_word' id='word_1_91' title='bbox 691 1281 725 1323; x_wconf 93' lang='lat' dir='ltr'>se</span> <span class='ocrx_word' id='word_1_92' title='bbox 738 1260 909 1325; x_wconf 87' lang='lat' dir='ltr'>consularis</span> <span class='ocrx_word' id='word_1_93' title='bbox 919 1261 1049 1345; x_wconf 91' lang='lat' dir='ltr'>imperii,</span> <span class='ocrx_word' id='word_1_94' title='bbox 1065 1262 1128 1324; x_wconf 89' lang='lat' dir='ltr'>iam</span> 
     </span>
     <span class='ocr_line' id='line_1_12' title="bbox 98 1352 1128 1440; baseline 0 -22"><span class='ocrx_word' id='word_1_95' title='bbox 98 1353 283 1420; x_wconf 85' lang='lat' dir='ltr'>tribuniciae</span> <span class='ocrx_word' id='word_1_96' title='bbox 299 1352 463 1439; x_wconf 85' lang='lat' dir='ltr'>potestatis</span> <span class='ocrx_word' id='word_1_97' title='bbox 482 1362 734 1437; x_wconf 84' lang='lat' dir='ltr'>sacratarumque</span> <span class='ocrx_word' id='word_1_98' title='bbox 752 1353 859 1440; x_wconf 85' lang='lat' dir='ltr'>legum</span> <span class='ocrx_word' id='word_1_99' title='bbox 877 1354 1022 1432; x_wconf 90' lang='lat' dir='ltr'>oblitum,</span> <span class='ocrx_word' id='word_1_100' title='bbox 1042 1356 1128 1438; x_wconf 91' lang='lat' dir='ltr'>quis-</span> 
     </span>
     <span class='ocr_line' id='line_1_13' title="bbox 96 1447 1128 1536; baseline -0.001 -20"><span class='ocrx_word' id='word_1_101' title='bbox 96 1452 163 1534; x_wconf 90' lang='lat' dir='ltr'>quis</span> <span class='ocrx_word' id='word_1_102' title='bbox 172 1450 228 1514; x_wconf 92' lang='lat' dir='ltr'>ille</span> <span class='ocrx_word' id='word_1_103' title='bbox 238 1449 289 1526; x_wconf 90' lang='lat' dir='ltr'>sit,</span> <span class='ocrx_word' id='word_1_104' title='bbox 299 1447 488 1533; x_wconf 91' lang='lat' dir='ltr'>ubicumque</span> <span class='ocrx_word' id='word_1_105' title='bbox 498 1449 547 1527; x_wconf 81' lang='lat' dir='ltr'>sit,</span> <span class='ocrx_word' id='word_1_106' title='bbox 557 1449 763 1534; x_wconf 85' lang='lat' dir='ltr'>inOapitolio,</span> <span class='ocrx_word' id='word_1_107' title='bbox 774 1450 808 1513; x_wconf 93' lang='lat' dir='ltr'>in</span> <span class='ocrx_word' id='word_1_108' title='bbox 817 1450 896 1528; x_wconf 85' lang='lat' dir='ltr'>foro,</span> <span class='ocrx_word' id='word_1_109' title='bbox 906 1473 963 1536; x_wconf 91' lang='lat' dir='ltr'>pro</span> <span class='ocrx_word' id='word_1_110' title='bbox 972 1450 1063 1516; x_wconf 89' lang='lat' dir='ltr'>hoste</span> <span class='ocrx_word' id='word_1_111' title='bbox 1072 1451 1128 1515; x_wconf 91' lang='lat' dir='ltr'>ha-</span> 
     </span>
     <span class='ocr_line' id='line_1_14' title="bbox 96 1542 1161 1631; baseline 0.002 -21"><span class='ocrx_word' id='word_1_112' title='bbox 96 1544 244 1610; x_wconf 88' lang='lat' dir='ltr'>bitnrum.</span> <span class='ocrx_word' id='word_1_113' title='bbox 271 1543 414 1609; x_wconf 91' lang='lat' dir='ltr'>iuberent</span> <span class='ocrx_word' id='word_1_114' title='bbox 427 1542 553 1622; x_wconf 91' lang='lat' dir='ltr'>tribuni,</span> <span class='ocrx_word' id='word_1_115' title='bbox 572 1544 720 1628; x_wconf 90' lang='lat' dir='ltr'>quoniam</span> <span class='ocrx_word' id='word_1_116' title='bbox 732 1543 768 1608; x_wconf 91' lang='lat' dir='ltr'>in</span> <span class='ocrx_word' id='word_1_117' title='bbox 776 1543 920 1631; x_wconf 90' lang='lat' dir='ltr'>Appium</span> <span class='ocrx_word' id='word_1_118' title='bbox 928 1545 1127 1611; x_wconf 88' lang='lat' dir='ltr'>Herdonium</span> <span class='ocrx_word' id='word_1_119' title='bbox 1145 1563 1161 1612; x_wconf 85' lang='lat'>8</span> 
     </span>
     <span class='ocr_line' id='line_1_15' title="bbox 96 1636 1128 1719; baseline -0.001 -13"><span class='ocrx_word' id='word_1_120' title='bbox 96 1649 251 1718; x_wconf 85' lang='lat' dir='ltr'>vetarent,</span> <span class='ocrx_word' id='word_1_121' title='bbox 278 1639 312 1702; x_wconf 92' lang='lat' dir='ltr'>in</span> <span class='ocrx_word' id='word_1_122' title='bbox 328 1638 367 1703; x_wconf 89' lang='lat' dir='ltr'>P.</span> <span class='ocrx_word' id='word_1_123' title='bbox 386 1636 548 1703; x_wconf 90' lang='lat' dir='ltr'>Valerium</span> <span class='ocrx_word' id='word_1_124' title='bbox 566 1640 726 1704; x_wconf 91' lang='lat' dir='ltr'>consulem</span> <span class='ocrx_word' id='word_1_125' title='bbox 746 1639 828 1704; x_wconf 91' lang='lat' dir='ltr'>sumi</span> <span class='ocrx_word' id='word_1_126' title='bbox 849 1663 950 1719; x_wconf 81' lang='lat' dir='ltr'>arma3</span> <span class='ocrx_word' id='word_1_127' title='bbox 978 1663 1128 1705; x_wconf 89' lang='lat' dir='ltr'>ausurum</span> 
     </span>
     <span class='ocr_line' id='line_1_16' title="bbox 96 1731 1128 1820; baseline -0.002 -20"><span class='ocrx_word' id='word_1_128' title='bbox 96 1757 127 1800; x_wconf 89' lang='lat' dir='ltr'>se</span> <span class='ocrx_word' id='word_1_129' title='bbox 144 1735 179 1799; x_wconf 92' lang='lat' dir='ltr'>in</span> <span class='ocrx_word' id='word_1_130' title='bbox 197 1732 348 1810; x_wconf 91' lang='lat' dir='ltr'>tribunis,</span> <span class='ocrx_word' id='word_1_131' title='bbox 367 1732 453 1816; x_wconf 91' lang='lat' dir='ltr'>qnod</span> <span class='ocrx_word' id='word_1_132' title='bbox 468 1731 613 1819; x_wconf 91' lang='lat' dir='ltr'>princeps</span> <span class='ocrx_word' id='word_1_133' title='bbox 631 1733 769 1797; x_wconf 86' lang='lat' dir='ltr'>familiae</span> <span class='ocrx_word' id='word_1_134' title='bbox 788 1756 863 1798; x_wconf 88' lang='lat' dir='ltr'>suae</span> <span class='ocrx_word' id='word_1_135' title='bbox 881 1757 977 1800; x_wconf 89' lang='lat' dir='ltr'>ausus</span> <span class='ocrx_word' id='word_1_136' title='bbox 996 1736 1028 1798; x_wconf 92' lang='lat' dir='ltr'>in</span> <span class='ocrx_word' id='word_1_137' title='bbox 1045 1735 1128 1820; x_wconf 83' lang='lat' dir='ltr'>regi-</span> 
     </span>
     <span class='ocr_line' id='line_1_17' title="bbox 95 1826 1159 1914; baseline 0 -20"><span class='ocrx_word' id='word_1_138' title='bbox 95 1828 151 1894; x_wconf 90' lang='lat' dir='ltr'>bus</span> <span class='ocrx_word' id='word_1_139' title='bbox 171 1838 268 1893; x_wconf 92' lang='lat' dir='ltr'>esset.</span> <span class='ocrx_word' id='word_1_140' title='bbox 295 1827 361 1891; x_wconf 86' lang='lat' dir='ltr'>vim</span> <span class='ocrx_word' id='word_1_141' title='bbox 378 1826 520 1891; x_wconf 85' lang='lat' dir='ltr'>ultimam</span> <span class='ocrx_word' id='word_1_142' title='bbox 538 1826 710 1913; x_wconf 86' lang='lat' dir='ltr'>apparebat</span> <span class='ocrx_word' id='word_1_143' title='bbox 727 1827 866 1892; x_wconf 90' lang='lat' dir='ltr'>futuram</span> <span class='ocrx_word' id='word_1_144' title='bbox 885 1828 1126 1914; x_wconf 88' lang='lat' dir='ltr'>spectaculoque</span> <span class='ocrx_word' id='word_1_145' title='bbox 1145 1846 1159 1894; x_wconf 74' lang='lat'>9</span> 
     </span>
     <span class='ocr_line' id='line_1_18' title="bbox 96 1920 1129 1988; baseline -0.001 -1"><span class='ocrx_word' id='word_1_146' title='bbox 96 1923 282 1988; x_wconf 87' lang='lat' dir='ltr'>seditionem</span> <span class='ocrx_word' id='word_1_147' title='bbox 299 1920 476 1986; x_wconf 87' lang='lat' dir='ltr'>Romanam</span> <span class='ocrx_word' id='word_1_148' title='bbox 497 1920 642 1986; x_wconf 90' lang='lat' dir='ltr'>hostibus</span> <span class='ocrx_word' id='word_1_149' title='bbox 665 1922 748 1986; x_wconf 86' lang='lat' dir='ltr'>fore:</span> <span class='ocrx_word' id='word_1_150' title='bbox 776 1944 834 1987; x_wconf 92' lang='lat' dir='ltr'>nec</span> <span class='ocrx_word' id='word_1_151' title='bbox 856 1921 909 1986; x_wconf 88' lang='lat' dir='ltr'>lex</span> <span class='ocrx_word' id='word_1_152' title='bbox 930 1932 1035 1987; x_wconf 89' lang='lat' dir='ltr'>tamen</span> <span class='ocrx_word' id='word_1_153' title='bbox 1053 1921 1129 1986; x_wconf 89' lang='lat' dir='ltr'>ferri</span> 
     </span>
     <span class='ocr_line' id='line_1_19' title="bbox 96 2016 1128 2102; baseline -0.002 -19"><span class='ocrx_word' id='word_1_154' title='bbox 96 2041 153 2083; x_wconf 92' lang='lat' dir='ltr'>nec</span> <span class='ocrx_word' id='word_1_155' title='bbox 168 2019 215 2082; x_wconf 93' lang='lat' dir='ltr'>ire</span> <span class='ocrx_word' id='word_1_156' title='bbox 233 2017 268 2081; x_wconf 93' lang='lat' dir='ltr'>in</span> <span class='ocrx_word' id='word_1_157' title='bbox 283 2016 473 2102; x_wconf 87' lang='lat' dir='ltr'>Capitolium</span> <span class='ocrx_word' id='word_1_158' title='bbox 492 2017 601 2082; x_wconf 91' lang='lat' dir='ltr'>consul</span> <span class='ocrx_word' id='word_1_159' title='bbox 613 2018 724 2102; x_wconf 87' lang='lat' dir='ltr'>potuit.</span> <span class='ocrx_word' id='word_1_160' title='bbox 751 2040 817 2083; x_wconf 87' lang='lat' dir='ltr'>nox</span> <span class='ocrx_word' id='word_1_161' title='bbox 830 2018 999 2083; x_wconf 88' lang='lat' dir='ltr'>certamina</span> <span class='ocrx_word' id='word_1_162' title='bbox 1017 2026 1128 2102; x_wconf 88' lang='lat' dir='ltr'>coepta</span> 
     </span>
     <span class='ocr_line' id='line_1_20' title="bbox 99 2110 1125 2199; baseline -0.002 -21"><span class='ocrx_word' id='word_1_163' title='bbox 99 2112 266 2199; x_wconf 86' lang='lat' dir='ltr'>oppressit3</span> <span class='ocrx_word' id='word_1_164' title='bbox 290 2110 406 2175; x_wconf 88' lang='lat' dir='ltr'>tribuni</span> <span class='ocrx_word' id='word_1_165' title='bbox 424 2133 547 2177; x_wconf 88' lang='lat' dir='ltr'>cessere</span> <span class='ocrx_word' id='word_1_166' title='bbox 565 2111 663 2188; x_wconf 90' lang='lat' dir='ltr'>nocti,</span> <span class='ocrx_word' id='word_1_167' title='bbox 683 2112 828 2177; x_wconf 88' lang='lat' dir='ltr'>timentes</span> <span class='ocrx_word' id='word_1_168' title='bbox 846 2113 1013 2177; x_wconf 91' lang='lat' dir='ltr'>consulum</span> <span class='ocrx_word' id='word_1_169' title='bbox 1030 2135 1125 2177; x_wconf 85' lang='lat' dir='ltr'>arma.</span> 
     </span>
     <span class='ocr_line' id='line_1_21' title="bbox 98 2205 1179 2291; baseline -0.003 -16"><span class='ocrx_word' id='word_1_170' title='bbox 98 2209 207 2275; x_wconf 90' lang='lat' dir='ltr'>amotis</span> <span class='ocrx_word' id='word_1_171' title='bbox 225 2207 300 2271; x_wconf 90' lang='lat' dir='ltr'>inde</span> <span class='ocrx_word' id='word_1_172' title='bbox 319 2206 479 2274; x_wconf 89' lang='lat' dir='ltr'>seditionis</span> <span class='ocrx_word' id='word_1_173' title='bbox 498 2205 677 2270; x_wconf 87' lang='lat' dir='ltr'>auctoribus</span> <span class='ocrx_word' id='word_1_174' title='bbox 695 2215 800 2290; x_wconf 88' lang='lat' dir='ltr'>patres</span> <span class='ocrx_word' id='word_1_175' title='bbox 819 2207 980 2270; x_wconf 87' lang='lat' dir='ltr'>circumire</span> <span class='ocrx_word' id='word_1_176' title='bbox 1002 2205 1127 2291; x_wconf 92' lang='lat' dir='ltr'>plebem</span> <span class='ocrx_word' id='word_1_177' title='bbox 1147 2223 1179 2272; x_wconf 90' lang='lat'>10</span> 
     </span>
     <span class='ocr_line' id='line_1_22' title="bbox 95 2301 1126 2386; baseline -0.004 -18"><span class='ocrx_word' id='word_1_178' title='bbox 95 2304 331 2386; x_wconf 89' lang='lat' dir='ltr'>inserentesque</span> <span class='ocrx_word' id='word_1_179' title='bbox 345 2324 380 2367; x_wconf 92' lang='lat' dir='ltr'>se</span> <span class='ocrx_word' id='word_1_180' title='bbox 392 2301 426 2365; x_wconf 93' lang='lat' dir='ltr'>in</span> <span class='ocrx_word' id='word_1_181' title='bbox 438 2301 571 2366; x_wconf 89' lang='lat' dir='ltr'>circulos</span> <span class='ocrx_word' id='word_1_182' title='bbox 587 2322 746 2366; x_wconf 90' lang='lat' dir='ltr'>sermones</span> <span class='ocrx_word' id='word_1_183' title='bbox 761 2302 893 2386; x_wconf 93' lang='lat' dir='ltr'>tempori</span> <span class='ocrx_word' id='word_1_184' title='bbox 910 2311 1000 2386; x_wconf 92' lang='lat' dir='ltr'>aptos</span> <span class='ocrx_word' id='word_1_185' title='bbox 1015 2323 1126 2376; x_wconf 89' lang='lat' dir='ltr'>serere,</span> 
     </span>
     <span class='ocr_line' id='line_1_23' title="bbox 96 2394 1128 2478; baseline -0.006 -16"><span class='ocrx_word' id='word_1_186' title='bbox 96 2399 280 2475; x_wconf 86' lang='lat' dir='ltr'>admonere,</span> <span class='ocrx_word' id='word_1_187' title='bbox 307 2405 343 2460; x_wconf 87' lang='lat' dir='ltr'>ut</span> <span class='ocrx_word' id='word_1_188' title='bbox 359 2395 514 2472; x_wconf 80' lang='lat' dir='ltr'>viderent,</span> <span class='ocrx_word' id='word_1_189' title='bbox 541 2395 575 2458; x_wconf 92' lang='lat' dir='ltr'>in</span> <span class='ocrx_word' id='word_1_190' title='bbox 593 2394 678 2478; x_wconf 90' lang='lat' dir='ltr'>quod</span> <span class='ocrx_word' id='word_1_191' title='bbox 696 2394 863 2458; x_wconf 87' lang='lat' dir='ltr'>discrimen</span> <span class='ocrx_word' id='word_1_192' title='bbox 880 2417 947 2457; x_wconf 90' lang='lat' dir='ltr'>rem</span> <span class='ocrx_word' id='word_1_193' title='bbox 969 2394 1128 2478; x_wconf 90' lang='lat' dir='ltr'>publicam</span> 
     </span>
     <span class='ocr_line' id='line_1_24' title="bbox 96 2486 1178 2575; baseline -0.002 -19"><span class='ocrx_word' id='word_1_194' title='bbox 96 2493 302 2557; x_wconf 86' lang='lat' dir='ltr'>adducerent:</span> <span class='ocrx_word' id='word_1_195' title='bbox 327 2512 392 2555; x_wconf 91' lang='lat' dir='ltr'>non</span> <span class='ocrx_word' id='word_1_196' title='bbox 412 2486 494 2555; x_wconf 84' lang='lat' dir='ltr'>inter</span> <span class='ocrx_word' id='word_1_197' title='bbox 519 2498 625 2575; x_wconf 89' lang='lat' dir='ltr'>patres</span> <span class='ocrx_word' id='word_1_198' title='bbox 647 2510 684 2552; x_wconf 90' lang='lat' dir='ltr'>ac</span> <span class='ocrx_word' id='word_1_199' title='bbox 709 2487 835 2573; x_wconf 94' lang='lat' dir='ltr'>plebem</span> <span class='ocrx_word' id='word_1_200' title='bbox 863 2497 1020 2552; x_wconf 90' lang='lat' dir='ltr'>certamen</span> <span class='ocrx_word' id='word_1_201' title='bbox 1047 2509 1126 2564; x_wconf 89' lang='lat' dir='ltr'>esse,</span> <span class='ocrx_word' id='word_1_202' title='bbox 1148 2507 1178 2554; x_wconf 91' lang='grc'>11</span> 
     </span>
     <span class='ocr_line' id='line_1_25' title="bbox 98 2580 1125 2670; baseline -0.007 -19"><span class='ocrx_word' id='word_1_203' title='bbox 98 2587 152 2651; x_wconf 90' lang='lat' dir='ltr'>sed</span> <span class='ocrx_word' id='word_1_204' title='bbox 169 2584 267 2650; x_wconf 84' lang='lat' dir='ltr'>simul</span> <span class='ocrx_word' id='word_1_205' title='bbox 283 2593 388 2669; x_wconf 89' lang='lat' dir='ltr'>patres</span> <span class='ocrx_word' id='word_1_206' title='bbox 404 2583 603 2670; x_wconf 89' lang='lat' dir='ltr'>plebemque,</span> <span class='ocrx_word' id='word_1_207' title='bbox 622 2605 725 2647; x_wconf 88' lang='lat' dir='ltr'>arcem</span> <span class='ocrx_word' id='word_1_208' title='bbox 739 2580 836 2658; x_wconf 90' lang='lat' dir='ltr'>urbis,</span> <span class='ocrx_word' id='word_1_209' title='bbox 856 2581 973 2665; x_wconf 90' lang='lat' dir='ltr'>templa</span> <span class='ocrx_word' id='word_1_210' title='bbox 987 2581 1125 2658; x_wconf 90' lang='lat' dir='ltr'>deorum,</span> 
     </span>
     <span class='ocr_line' id='line_1_26' title="bbox 97 2674 1177 2766; baseline -0.004 -20"><span class='ocrx_word' id='word_1_211' title='bbox 97 2690 226 2766; x_wconf 87' lang='lat' dir='ltr'>penates</span> <span class='ocrx_word' id='word_1_212' title='bbox 244 2678 388 2765; x_wconf 90' lang='lat' dir='ltr'>publicos</span> <span class='ocrx_word' id='word_1_213' title='bbox 404 2679 606 2765; x_wconf 88' lang='lat' dir='ltr'>privatosque</span> <span class='ocrx_word' id='word_1_214' title='bbox 624 2676 767 2742; x_wconf 89' lang='lat' dir='ltr'>hostibus</span> <span class='ocrx_word' id='word_1_215' title='bbox 787 2677 868 2741; x_wconf 88' lang='lat' dir='ltr'>dedi.</span> <span class='ocrx_word' id='word_1_216' title='bbox 905 2677 980 2739; x_wconf 92' lang='lat' dir='ltr'>dum</span> <span class='ocrx_word' id='word_1_217' title='bbox 997 2676 1076 2739; x_wconf 90' lang='lat' dir='ltr'>haec</span> <span class='ocrx_word' id='word_1_218' title='bbox 1093 2674 1127 2738; x_wconf 93' lang='lat' dir='ltr'>in</span> <span class='ocrx_word' id='word_1_219' title='bbox 1146 2693 1177 2742; x_wconf 81' lang='lat'>12</span> 
     </span>
     <span class='ocr_line' id='line_1_27' title="bbox 97 2770 1126 2857; baseline -0.005 -19"><span class='ocrx_word' id='word_1_220' title='bbox 97 2773 164 2840; x_wconf 80' lang='lat' dir='ltr'>foro</span> <span class='ocrx_word' id='word_1_221' title='bbox 183 2773 343 2839; x_wconf 89' lang='lat' dir='ltr'>sedandae</span> <span class='ocrx_word' id='word_1_222' title='bbox 360 2773 534 2837; x_wconf 90' lang='lat' dir='ltr'>discordiae</span> <span class='ocrx_word' id='word_1_223' title='bbox 553 2794 649 2836; x_wconf 88' lang='lat' dir='ltr'>causa</span> <span class='ocrx_word' id='word_1_224' title='bbox 666 2781 810 2857; x_wconf 83' lang='lat' dir='ltr'>aguntur,</span> <span class='ocrx_word' id='word_1_225' title='bbox 830 2771 974 2836; x_wconf 91' lang='lat' dir='ltr'>consules</span> <span class='ocrx_word' id='word_1_226' title='bbox 993 2770 1126 2846; x_wconf 87' lang='lat' dir='ltr'>interim,</span> 
     </span>
     <span class='ocr_line' id='line_1_28' title="bbox 98 2864 1128 2951; baseline -0.003 -19"><span class='ocrx_word' id='word_1_227' title='bbox 98 2890 135 2932; x_wconf 88' lang='lat' dir='ltr'>ne</span> <span class='ocrx_word' id='word_1_228' title='bbox 151 2866 266 2934; x_wconf 89' lang='lat' dir='ltr'>Sabini</span> <span class='ocrx_word' id='word_1_229' title='bbox 283 2888 363 2932; x_wconf 90' lang='lat' dir='ltr'>neve</span> <span class='ocrx_word' id='word_1_230' title='bbox 376 2864 494 2932; x_wconf 89' lang='lat' dir='ltr'>Veiens</span> <span class='ocrx_word' id='word_1_231' title='bbox 512 2866 613 2932; x_wconf 89' lang='lat' dir='ltr'>hostis</span> <span class='ocrx_word' id='word_1_232' title='bbox 631 2875 816 2943; x_wconf 90' lang='lat' dir='ltr'>moveretur,</span> <span class='ocrx_word' id='word_1_233' title='bbox 836 2866 918 2930; x_wconf 92' lang='lat' dir='ltr'>circa</span> <span class='ocrx_word' id='word_1_234' title='bbox 935 2873 1041 2951; x_wconf 90' lang='lat' dir='ltr'>portas</span> <span class='ocrx_word' id='word_1_235' title='bbox 1060 2887 1128 2929; x_wconf 93' lang='lat' dir='ltr'>mu-</span> 
     </span>
     <span class='ocr_line' id='line_1_29' title="bbox 98 2960 449 3045; baseline -0.009 -18"><span class='ocrx_word' id='word_1_236' title='bbox 98 2983 212 3045; x_wconf 91' lang='lat' dir='ltr'>rosque</span> <span class='ocrx_word' id='word_1_237' title='bbox 230 2960 449 3025; x_wconf 82' lang='lat' dir='ltr'>discesserant</span> 
     </span>
    </p>

    <p class='ocr_par' dir='ltr' id='par_1_4' title="bbox 95 3051 1164 4086">
     <span class='ocr_line' id='line_1_30' title="bbox 160 3051 1160 3137; baseline -0.002 -18"><span class='ocrx_word' id='word_1_238' title='bbox 160 3053 294 3120; x_wconf 82' lang='lat' dir='ltr'><strong>XVIII.</strong></span> <span class='ocrx_word' id='word_1_239' title='bbox 322 3053 447 3119; x_wconf 84' lang='lat' dir='ltr'>Eadem</span> <span class='ocrx_word' id='word_1_240' title='bbox 463 3063 555 3119; x_wconf 88' lang='lat' dir='ltr'>nocte</span> <span class='ocrx_word' id='word_1_241' title='bbox 573 3063 605 3118; x_wconf 87' lang='lat' dir='ltr'>et</span> <span class='ocrx_word' id='word_1_242' title='bbox 619 3053 794 3118; x_wconf 86' lang='lat' dir='ltr'>Tusculum</span> <span class='ocrx_word' id='word_1_243' title='bbox 811 3054 851 3118; x_wconf 87' lang='lat' dir='ltr'>de</span> <span class='ocrx_word' id='word_1_244' title='bbox 869 3075 940 3117; x_wconf 89' lang='lat' dir='ltr'>arce</span> <span class='ocrx_word' id='word_1_245' title='bbox 958 3061 1050 3137; x_wconf 89' lang='lat' dir='ltr'>capta</span> <span class='ocrx_word' id='word_1_246' title='bbox 1065 3051 1127 3116; x_wconf 72' lang='lat' dir='ltr'>Ca-</span> <span class='ocrx_word' id='word_1_247' title='bbox 1147 3071 1160 3117; x_wconf 91' lang='lat'>1</span> 
     </span>
     <span class='ocr_line' id='line_1_31' title="bbox 101 3145 1129 3235; baseline -0.004 -24"><span class='ocrx_word' id='word_1_248' title='bbox 101 3146 271 3235; x_wconf 87' lang='lat' dir='ltr'>pitolioque</span> <span class='ocrx_word' id='word_1_249' title='bbox 290 3158 441 3234; x_wconf 88' lang='lat' dir='ltr'>occupato</span> <span class='ocrx_word' id='word_1_250' title='bbox 459 3157 491 3213; x_wconf 89' lang='lat' dir='ltr'>et</span> <span class='ocrx_word' id='word_1_251' title='bbox 508 3148 570 3213; x_wconf 90' lang='lat' dir='ltr'>alio</span> <span class='ocrx_word' id='word_1_252' title='bbox 587 3147 729 3213; x_wconf 87' lang='lat' dir='ltr'>turbatae</span> <span class='ocrx_word' id='word_1_253' title='bbox 747 3146 833 3212; x_wconf 91' lang='lat' dir='ltr'>urbis</span> <span class='ocrx_word' id='word_1_254' title='bbox 853 3156 937 3211; x_wconf 91' lang='lat' dir='ltr'>statu</span> <span class='ocrx_word' id='word_1_255' title='bbox 956 3145 1057 3209; x_wconf 91' lang='lat' dir='ltr'>nuntii</span> <span class='ocrx_word' id='word_1_256' title='bbox 1075 3167 1129 3208; x_wconf 90' lang='lat' dir='ltr'>ve·</span> 
     </span>
     <span class='ocr_line' id='line_1_32' title="bbox 97 3238 1161 3308; baseline -0.001 -1"><span class='ocrx_word' id='word_1_257' title='bbox 97 3242 196 3307; x_wconf 87' lang='lat' dir='ltr'>niunt</span> <span class='ocrx_word' id='word_1_258' title='bbox 222 3243 265 3307; x_wconf 82' lang='lat' dir='ltr'>L.</span> <span class='ocrx_word' id='word_1_259' title='bbox 275 3240 438 3308; x_wconf 88' lang='lat' dir='ltr'>Mamilius</span> <span class='ocrx_word' id='word_1_260' title='bbox 452 3242 584 3308; x_wconf 85' lang='lat' dir='ltr'>Tusculi</span> <span class='ocrx_word' id='word_1_261' title='bbox 597 3252 664 3307; x_wconf 88' lang='lat' dir='ltr'>tum</span> <span class='ocrx_word' id='word_1_262' title='bbox 677 3242 809 3307; x_wconf 90' lang='lat' dir='ltr'>dictator</span> <span class='ocrx_word' id='word_1_263' title='bbox 823 3249 897 3304; x_wconf 90' lang='lat' dir='ltr'>erat.</span> <span class='ocrx_word' id='word_1_264' title='bbox 920 3240 948 3304; x_wconf 92' lang='lat' dir='ltr'>is</span> <span class='ocrx_word' id='word_1_265' title='bbox 963 3238 1129 3303; x_wconf 88' lang='lat' dir='ltr'>confestim</span> <span class='ocrx_word' id='word_1_266' title='bbox 1147 3260 1161 3306; x_wconf 78' lang='grc'>1</span> 
     </span>
     <span class='ocr_line' id='line_1_33' title="bbox 98 3335 1129 3421; baseline -0.007 -17"><span class='ocrx_word' id='word_1_267' title='bbox 98 3346 270 3404; x_wconf 86' lang='lat' dir='ltr'>convocato</span> <span class='ocrx_word' id='word_1_268' title='bbox 288 3346 399 3401; x_wconf 88' lang='lat' dir='ltr'>senatu</span> <span class='ocrx_word' id='word_1_269' title='bbox 422 3347 516 3421; x_wconf 89' lang='lat' dir='ltr'>atque</span> <span class='ocrx_word' id='word_1_270' title='bbox 538 3337 723 3402; x_wconf 88' lang='lat' dir='ltr'>introductis</span> <span class='ocrx_word' id='word_1_271' title='bbox 741 3335 858 3400; x_wconf 90' lang='lat' dir='ltr'>nuntiis</span> <span class='ocrx_word' id='word_1_272' title='bbox 901 3356 1016 3420; x_wconf 84' lang='lat' dir='ltr'>magno</span> <span class='ocrx_word' id='word_1_273' title='bbox 1035 3355 1129 3418; x_wconf 92' lang='lat' dir='ltr'>opere</span> 
     </span>
     <span class='ocr_line' id='line_1_34' title="bbox 97 3429 1162 3516; baseline -0.002 -20"><span class='ocrx_word' id='word_1_274' title='bbox 97 3440 217 3509; x_wconf 91' lang='lat' dir='ltr'>censet,</span> <span class='ocrx_word' id='word_1_275' title='bbox 241 3452 282 3494; x_wconf 90' lang='lat' dir='ltr'>ne</span> <span class='ocrx_word' id='word_1_276' title='bbox 300 3440 496 3516; x_wconf 87' lang='lat' dir='ltr'>exspectent,</span> <span class='ocrx_word' id='word_1_277' title='bbox 521 3431 596 3495; x_wconf 92' lang='lat' dir='ltr'>dum</span> <span class='ocrx_word' id='word_1_278' title='bbox 614 3431 654 3496; x_wconf 91' lang='lat' dir='ltr'>ab</span> <span class='ocrx_word' id='word_1_279' title='bbox 672 3431 775 3496; x_wconf 89' lang='lat' dir='ltr'>Roma</span> <span class='ocrx_word' id='word_1_280' title='bbox 792 3430 888 3516; x_wconf 83' lang='lat' dir='ltr'>legati</span> <span class='ocrx_word' id='word_1_281' title='bbox 906 3429 1058 3493; x_wconf 86' lang='lat' dir='ltr'>auxilium</span> <span class='ocrx_word' id='word_1_282' title='bbox 1074 3451 1129 3513; x_wconf 93' lang='lat' dir='ltr'>pe·</span> <span class='ocrx_word' id='word_1_283' title='bbox 1148 3447 1162 3494; x_wconf 79' lang='lat' dir='ltr'>a</span> 
     </span>
     <span class='ocr_line' id='line_1_35' title="bbox 98 3522 1128 3611; baseline -0.004 -20"><span class='ocrx_word' id='word_1_284' title='bbox 98 3534 199 3590; x_wconf 87' lang='lat' dir='ltr'>tentes</span> <span class='ocrx_word' id='word_1_285' title='bbox 216 3523 360 3603; x_wconf 84' lang='lat' dir='ltr'>veniant3</span> <span class='ocrx_word' id='word_1_286' title='bbox 377 3525 551 3610; x_wconf 89' lang='lat' dir='ltr'>periculum</span> <span class='ocrx_word' id='word_1_287' title='bbox 568 3526 673 3611; x_wconf 90' lang='lat' dir='ltr'>ipsum</span> <span class='ocrx_word' id='word_1_288' title='bbox 691 3525 921 3607; x_wconf 82' lang='lat' dir='ltr'>discrimenque</span> <span class='ocrx_word' id='word_1_289' title='bbox 940 3545 978 3587; x_wconf 90' lang='lat' dir='ltr'>ac</span> <span class='ocrx_word' id='word_1_290' title='bbox 997 3522 1128 3587; x_wconf 90' lang='lat' dir='ltr'>sociales</span> 
     </span>
     <span class='ocr_line' id='line_1_36' title="bbox 98 3617 1129 3707; baseline -0.002 -23"><span class='ocrx_word' id='word_1_291' title='bbox 98 3619 173 3686; x_wconf 89' lang='lat' dir='ltr'>deos</span> <span class='ocrx_word' id='word_1_292' title='bbox 191 3620 350 3704; x_wconf 87' lang='lat' dir='ltr'>fidemque</span> <span class='ocrx_word' id='word_1_293' title='bbox 367 3621 530 3686; x_wconf 88' lang='lat' dir='ltr'>foederum</span> <span class='ocrx_word' id='word_1_294' title='bbox 547 3622 580 3685; x_wconf 90' lang='lat' dir='ltr'>id</span> <span class='ocrx_word' id='word_1_295' title='bbox 601 3643 740 3707; x_wconf 91' lang='lat' dir='ltr'>poscere.</span> <span class='ocrx_word' id='word_1_296' title='bbox 777 3618 956 3685; x_wconf 91' lang='lat' dir='ltr'>demerendi</span> <span class='ocrx_word' id='word_1_297' title='bbox 978 3617 1129 3683; x_wconf 90' lang='lat' dir='ltr'>beneficio</span> 
     </span>
     <span class='ocr_line' id='line_1_37' title="bbox 98 3715 1130 3802; baseline -0.003 -24"><span class='ocrx_word' id='word_1_298' title='bbox 98 3722 161 3779; x_wconf 86' lang='lat' dir='ltr'>tam</span> <span class='ocrx_word' id='word_1_299' title='bbox 174 3724 347 3800; x_wconf 91' lang='lat' dir='ltr'>potentem,</span> <span class='ocrx_word' id='word_1_300' title='bbox 365 3724 430 3780; x_wconf 88' lang='lat' dir='ltr'>tam</span> <span class='ocrx_word' id='word_1_301' title='bbox 443 3715 651 3802; x_wconf 88' lang='lat' dir='ltr'>propinquam</span> <span class='ocrx_word' id='word_1_302' title='bbox 664 3715 821 3779; x_wconf 87' lang='lat' dir='ltr'>civitatem</span> <span class='ocrx_word' id='word_1_303' title='bbox 836 3736 1007 3797; x_wconf 91' lang='lat' dir='ltr'>numquam</span> <span class='ocrx_word' id='word_1_304' title='bbox 1021 3735 1130 3797; x_wconf 86' lang='lat' dir='ltr'>parem</span> 
     </span>
     <span class='ocr_line' id='line_1_38' title="bbox 96 3807 1164 3896; baseline -0.004 -22"><span class='ocrx_word' id='word_1_305' title='bbox 96 3810 298 3874; x_wconf 88' lang='lat' dir='ltr'>occasionem</span> <span class='ocrx_word' id='word_1_306' title='bbox 315 3809 442 3876; x_wconf 86' lang='lat' dir='ltr'>daturos</span> <span class='ocrx_word' id='word_1_307' title='bbox 461 3810 547 3875; x_wconf 89' lang='lat' dir='ltr'>deos.</span> <span class='ocrx_word' id='word_1_308' title='bbox 581 3810 685 3896; x_wconf 90' lang='lat' dir='ltr'>placet</span> <span class='ocrx_word' id='word_1_309' title='bbox 702 3809 777 3873; x_wconf 88' lang='lat' dir='ltr'>ferri</span> <span class='ocrx_word' id='word_1_310' title='bbox 795 3808 960 3885; x_wconf 88' lang='lat' dir='ltr'>auxilium,</span> <span class='ocrx_word' id='word_1_311' title='bbox 982 3807 1128 3870; x_wconf 83' lang='lat' dir='ltr'>iuventus</span> <span class='ocrx_word' id='word_1_312' title='bbox 1146 3824 1164 3870; x_wconf 83' lang='grc'>4</span> 
     </span>
     <span class='ocr_line' id='line_1_39' title="bbox 98 3901 1128 3989; baseline -0.009 -19"><span class='ocrx_word' id='word_1_313' title='bbox 98 3904 320 3982; x_wconf 88' lang='lat' dir='ltr'>conscribitur,</span> <span class='ocrx_word' id='word_1_314' title='bbox 343 3927 430 3970; x_wconf 89' lang='lat' dir='ltr'>arma</span> <span class='ocrx_word' id='word_1_315' title='bbox 446 3904 569 3970; x_wconf 86' lang='lat' dir='ltr'>dantur.</span> <span class='ocrx_word' id='word_1_316' title='bbox 604 3903 740 3969; x_wconf 87' lang='lat' dir='ltr'>Romam</span> <span class='ocrx_word' id='word_1_317' title='bbox 757 3904 858 3989; x_wconf 87' lang='lat' dir='ltr'>prima</span> <span class='ocrx_word' id='word_1_318' title='bbox 879 3903 950 3968; x_wconf 91' lang='lat' dir='ltr'>luce</span> <span class='ocrx_word' id='word_1_319' title='bbox 967 3901 1128 3965; x_wconf 89' lang='lat' dir='ltr'>venientes</span> 
     </span>
     <span class='ocr_line' id='line_1_40' title="bbox 95 3993 1129 4086; baseline -0.008 -20"><span class='ocrx_word' id='word_1_320' title='bbox 95 3999 208 4085; x_wconf 87' lang='lat' dir='ltr'>procul</span> <span class='ocrx_word' id='word_1_321' title='bbox 225 3999 364 4086; x_wconf 84' lang='lat' dir='ltr'>speciem</span> <span class='ocrx_word' id='word_1_322' title='bbox 380 3999 518 4066; x_wconf 89' lang='lat' dir='ltr'>hostium</span> <span class='ocrx_word' id='word_1_323' title='bbox 534 3998 722 4086; x_wconf 91' lang='lat' dir='ltr'>praebuere;</span> <span class='ocrx_word' id='word_1_324' title='bbox 745 3999 851 4084; x_wconf 88' lang='lat' dir='ltr'>Aequi</span> <span class='ocrx_word' id='word_1_325' title='bbox 869 4007 924 4063; x_wconf 88' lang='lat' dir='ltr'>aut</span> <span class='ocrx_word' id='word_1_326' title='bbox 941 3993 1052 4061; x_wconf 89' lang='lat' dir='ltr'>Volsci</span> <span class='ocrx_word' id='word_1_327' title='bbox 1073 4013 1129 4058; x_wconf 87' lang='lat' dir='ltr'>ve·</span> 
     </span>
    </p>
   </div>
   <div class='ocr_carea' id='block_1_4' title="bbox 0 0 1293 4524">
    <p class='ocr_par' dir='ltr' id='par_1_5' title="bbox 0 0 1293 4524">
     <span class='ocr_line' id='line_1_41' title="bbox 0 0 1293 4524; baseline 0 0"><span class='ocrx_word' id='word_1_328' title='bbox 0 0 1293 4524; x_wconf 95' lang='lat' dir='ltr'> </span> 
     </span>
    </p>
   </div>
  </div>
 </body>
</html>
