2550 4530
302 253 421 310 amna
438 253 467 325 1,
483 252 579 309 sana
599 257 637 323 [a
648 253 678 309 c.
689 253 840 325 ers-ser]
1045 243 1088 313 47

119 412 353 478 XXXXIIII,
378 411 487 478 Censu
498 411 648 499 perfecte,
668 432 764 498 quem
780 421 990 480 maturaverat
1003 426 1088 482 metu
1107 438 1121 484 1

74 509 135 595 egis
153 508 192 572 de
215 507 353 573 incensis
375 507 458 572 latae
480 529 552 571 cum
574 506 769 573 modorum
791 507 887 574 minis
907 509 1089 595 mortisque,

74 604 161 680 dixit,
181 611 216 667 ut
234 625 345 667 omnes
363 603 447 667 cives
461 601 606 679 Romani,
626 603 746 687 equites
759 604 954 689 peditesque,
971 605 1005 670 in
1022 602 1091 672 suis

74 699 189 783 quisque
203 696 355 762 centuriis
366 697 400 761 in
413 714 525 782 campo
538 695 656 761 Martio
669 699 771 782 prima
783 697 855 764 luce
868 701 1025 764 adessent.
1043 700 1090 766 ibi
1106 719 1122 767 a

74 793 244 857 instructum
262 792 432 856 exercitum
452 813 576 856 omnem
595 793 859 859 suovetaurilibus
880 791 1025 860 lustravit
1041 795 1090 861 id„

75 909 121 971 que
138 887 298 951 conditum
316 886 449 951 lustrum
468 886 672 971 appellatum,
701 887 775 972 quia
792 889 821 953 is
843 889 999 954 censendo
1017 889 1090 957 finis

76 981 159 1047 lactus
178 991 237 1046 est.
274 981 360 1045 milia
378 981 539 1068 octoginta
556 1003 593 1046 eo
611 981 709 1046 lustro
729 981 844 1047 civium
868 1005 964 1048 censa
979 984 1090 1050 dium·-

77 1084 120 1140 tu.
158 1076 253 1141 adicit
276 1075 462 1160 scriptorum
485 1075 722 1159 antiquissimus
745 1074 865 1142 Fabius
887 1077 1009 1156 Pictor,
1036 1101 1091 1144 eo-

79 1192 137 1249 rom,
155 1171 207 1254 qui
227 1193 316 1235 arma
332 1169 414 1234 ferre
431 1179 571 1257 possent,
591 1192 663 1234 eum
681 1193 847 1235 numerum
865 1168 974 1237 fuisse.

125 1264 175 1330 Ad
193 1287 264 1330 eam
282 1264 513 1329 multitudinem
536 1264 611 1330 urbs
634 1286 759 1348 quoque
778 1265 999 1351 amplificanda
1019 1267 1123 1333 visae

82 1367 120 1423 est.
151 1359 238 1423 addit
261 1359 341 1424 duos
365 1358 474 1437 colles,
503 1357 698 1442 Quirinalem
721 1356 988 1444 Viminalemque,
1014 1362 1089 1426 inde

82 1451 203 1538 deinceps
231 1464 328 1540 auget
354 1452 515 1537 Esquilias
542 1453 650 1538 ibique
674 1454 758 1540 ipse,
790 1463 826 1519 ut
850 1454 921 1520 loco
951 1455 1088 1542 dignitas

81 1542 152 1624 leret,
170 1546 300 1612 habitat.
328 1568 445 1635 aggere
463 1558 496 1613 et
511 1547 608 1613 fossis
627 1558 658 1613 et
671 1570 760 1614 muro
775 1548 949 1614 circumdat
961 1549 1088 1629 urbem3

82 1637 108 1704 iu
121 1642 290 1727 pomerium
308 1642 435 1727 profert.
462 1642 646 1728 pomerium,
665 1643 755 1710 verbi
772 1643 837 1708 vim
851 1644 951 1709 sclam
964 1644 1088 1709 intuen-
1105 1667 1122 1713 4

83 1742 122 1814 tu,
145 1739 372 1822 postmoerium
397 1737 641 1824 interpretantur
667 1760 751 1818 esse3
779 1748 828 1803 est
853 1748 959 1803 autem
985 1739 1087 1826 magis

82 1828 306 1908 circamoerium,
334 1831 436 1909 locus,
467 1854 561 1916 quem
581 1832 615 1897 in
638 1833 812 1897 condendis
832 1833 964 1898 urbibus
987 1855 1088 1917 quen-

81 1919 131 1989 dam
146 1926 290 2003 Etrusci,
319 1947 381 2009 qua
398 1946 523 1991 murum
541 1927 664 1991 ducturi
682 1937 783 2005 erant,
810 1925 904 1993 certis
927 1927 1009 1992 circa
1027 1938 1088 1992 ter-

78 2019 148 2085 nnis
169 2021 359 2106 inaugurato
380 2019 619 2098 consecrabant,
646 2030 682 2085 ut
703 2044 805 2105 neque
827 2021 973 2088 interiore
998 2030 1087 2108 parte

75 2115 197 2179 edificia
214 2114 380 2180 moenibus
399 2115 661 2193 continuarentur,
680 2137 761 2199 quae
778 2139 863 2181 nunc
880 2115 977 2204 vulgo
990 2116 1085 2183 etiam

74 2211 263 2297 coniungunt,
292 2218 323 2274 et
341 2208 534 2274 extrinsecus
551 2209 623 2295 puri
641 2209 759 2292 aliquid
777 2210 817 2275 ab
839 2211 978 2276 humano
1000 2212 1088 2276 cultu

74 2313 174 2380 nter-et
201 2304 271 2368 soli.
315 2302 376 2368 hoc
403 2303 553 2388 spatium,
583 2305 667 2388 quod
692 2322 795 2384 neque
820 2302 955 2368 habitari
983 2325 1121 2389 nequet

74 2399 135 2464 dari
154 2399 203 2464 fas
223 2407 302 2476 erat,
330 2423 396 2464 non
412 2399 514 2485 magis
537 2399 623 2482 quod
644 2408 717 2483 post
738 2420 862 2462 murum
885 2407 970 2463 esset
991 2421 1086 2482 quam

74 2495 138 2570 [uod
157 2517 268 2558 murus
285 2503 358 2579 post
375 2494 417 2571 id,
435 2494 611 2580 pomerium
628 2492 764 2557 Romani
782 2493 986 2577 appellarunt,
1006 2502 1037 2557 et
1054 2493 1087 2557 in

74 2589 139 2654 ubis
166 2589 361 2653 incremento
392 2610 529 2674 semper,
566 2597 717 2670 quantum
748 2587 871 2652 moenia
900 2609 1087 2673 processura

74 2695 150 2761 rant,
170 2695 293 2749 tantum
312 2683 434 2749 termini
452 2683 486 2747 hi
504 2684 676 2748 consecrati
693 2682 942 2768 proferebantur.

116 2777 310 2844 XXXXV.
340 2776 447 2843 Aucta
460 2777 586 2842 civitate
599 2778 814 2864 magnitudine
828 2776 924 2856 urbis,
943 2776 1085 2844 formatis
1107 2800 1119 2845 1

74 2873 203 2939 »mnibus
227 2873 313 2937 domi
337 2873 430 2937 etad
452 2871 527 2938 belli
550 2882 581 2936 et
602 2874 643 2937 ad
665 2873 752 2958 pacis
775 2895 867 2951 usus,
895 2895 935 2938 ne
963 2894 1088 2959 semper

74 2968 148 3032 unis
167 2989 245 3054 opes
265 2968 506 3052 acquirerentur,
526 2968 657 3032 consilio
675 2990 790 3055 augere
808 2968 975 3053 imperium
993 2990 1087 3033 cona-

74 3080 104 3126 os
121 3071 181 3139 est,
202 3062 296 3125 simul
314 3074 346 3126 et
363 3062 490 3146 aliquod
507 3062 622 3127 addere
640 3062 710 3127 urbi
728 3064 835 3128 decus.
862 3063 926 3128 iam
940 3072 1006 3127 tum
1020 3072 1087 3126 erat
1104 3083 1120 3130 2

74 3155 196 3222 rclitum
214 3155 340 3220 Dionae
357 3157 517 3242 Ephesiae
535 3156 655 3222 fanum.
690 3157 724 3222 id
746 3157 953 3222 communiter
971 3179 990 3222 a
1012 3156 1087 3221 civi·

74 3249 170 3316 atibus
185 3249 286 3315 Asiae
303 3250 422 3316 facturn
440 3251 527 3316 fama
543 3251 674 3318 ferebat.
703 3274 775 3318 cum
793 3273 981 3317 consensum
995 3251 1087 3314 deos·

74 3364 116 3427 [ue
132 3346 330 3411 consociatos
353 3347 482 3411 laudare
503 3345 582 3411 mire
600 3345 731 3413 Servius
754 3347 836 3412 inter
856 3366 1001 3433 proceres
1019 3345 1085 3410 La·

74 3439 205 3517 inarum,
228 3462 301 3505 cum
319 3441 433 3524 quibus
451 3441 577 3526 publice
594 3442 803 3527 privatimque
825 3440 962 3526 hospitia
980 3440 1086 3506 amici-

74 3531 176 3618 iasqne
208 3535 249 3599 de
278 3535 432 3601 industria
466 3535 619 3602 iunxerat.
670 3559 764 3622 saepe
798 3536 940 3602 iterando
975 3536 1086 3600 eadem

74 3629 190 3712 nquit
212 3629 353 3708 tandem,
382 3640 416 3695 ut
433 3631 554 3696 Romae
576 3632 685 3696 fanum
704 3631 828 3696 Dianae
850 3629 959 3716 populi
976 3629 1086 3697 Latini

74 3738 131 3785 dum
150 3723 269 3810 populo
289 3723 434 3790 Romano
458 3726 607 3790 facerent.
644 3748 682 3790 ea
704 3735 770 3790 erat
792 3725 964 3803 confessio,
991 3732 1119 3810 capuit

75 3830 163 3880 rerum
173 3817 308 3884 Romam
325 3840 406 3897 esse,
426 3821 464 3885 de
483 3841 545 3902 quo
562 3821 677 3886 totiens
695 3820 790 3885 armis
804 3829 955 3885 certatum
972 3820 1085 3884 fueret.

127 3909 162 3974 ld
177 3932 366 3998 quamquam
385 3915 536 3980 omissum
554 3916 617 3981 iam
636 3938 674 3980 ex
698 3915 837 3980 omnium
860 3936 935 3980 cura
951 3914 1084 3979 Latino-

84 4016 135 4064 rum
149 4005 186 4070 ob
203 4027 268 4073 rem
285 4009 400 4074 totiens
418 4009 583 4076 infeliciter
600 4020 783 4096 temptatam
801 4010 895 4076 armis
909 4006 1084 4084 videbatur,

74 4252 77 4337 l

74 4342 81 4403 l
