2566 4524
144 250 210 318 214
357 259 477 316 LIBER
493 258 566 330 1111,
584 259 626 312 21.
639 259 683 313 22.
703 261 742 328 [a.
751 274 779 312 u.
791 274 814 313 c.
823 258 884 313 319.
898 258 964 328 320]

142 432 180 488 ut
197 444 261 486 non
278 419 373 484 modo
390 417 563 504 praedandi
581 438 677 481 causa
694 415 862 499 quisquam
880 437 922 480 ex
939 438 1018 503 agro
1033 415 1151 482 Murro

143 542 207 584 non
229 516 329 581 exiret
350 513 464 579 bellive
485 511 640 576 inferendi
666 513 818 576 memoria
843 510 988 597 patribus
1015 524 1069 577 aut
1091 512 1153 599 plebi

110 626 240 690 resset,
272 611 328 676 sed
350 609 432 674 ultro
449 608 632 684 Fidenates,
660 609 715 691 qui
738 630 772 672 se
795 607 896 692 primo
917 619 975 672 aut
991 609 1104 694 oppido
1115 618 1154 673 ant
1182 644 1190 691 ⁴.

144 706 304 774 montibus
329 718 383 769 ant
400 705 498 768 muris
518 713 695 778 tenuerant,
718 701 934 787 populabundi
952 703 1154 768 descenderent
1187 738 1190 791 ᾗ

110 823 126 873 8
144 805 178 868 in
196 825 306 886 agrum
323 800 512 864 Romanum.
540 798 653 862 deinde
668 795 850 861 Veientium
868 797 1010 862 exercitu
1028 800 1154 863 accito-

142 920 216 961 nam
235 895 352 959 Falisci
370 894 501 980 perpelli
519 893 559 957 ad
578 892 815 956 instaurandum
833 890 952 956 bellum
970 915 1073 977 neque
1090 893 1155 959 clade

144 992 361 1057 Romanorum
392 1011 494 1072 neque
526 989 681 1053 sociorum
715 985 861 1071 precibus
888 1001 943 1072 pot
944 1010 1089 1054 uere—
1110 989 1155 1053 duo

142 1087 282 1196 pepulit
283 1086 419 1150 ransiere
437 1084 594 1149 Anienem
613 1097 707 1165 atque
725 1082 801 1146 haut
789 1081 928 1167 tproeul
947 1082 1074 1149 Collina
1089 1096 1156 1171 porta

108 1183 236 1266 asigna
267 1180 414 1245 habuere.
460 1180 648 1264 trepidatum
679 1178 785 1260 itaque
813 1199 877 1241 non
903 1177 937 1241 in
964 1181 1051 1264 agris
1077 1178 1155 1264 magis

141 1298 239 1360 quam
261 1275 294 1339 in
317 1274 464 1339 urbet
416 1286 474 1338 est.
510 1273 611 1336 lulius
630 1272 766 1337 consul
758 1295 791 1335 m
792 1294 924 1381 ’aggere
944 1275 1103 1357 murisque
1117 1294 1156 1337 ex·
1186 1322 1190 1355 2

143 1372 238 1456 plicat
265 1370 387 1453 copias,
415 1393 435 1432 a
457 1367 608 1453 Verginio
637 1383 764 1431 senatus
791 1367 825 1430 in
851 1367 929 1431 aede
954 1366 1078 1449 Quirini
1102 1391 1157 1433 con·

143 1466 265 1528 sulitur.
302 1465 484 1527 dictatorem
507 1463 568 1525 dici
592 1460 633 1542 Q.
658 1459 827 1525 Servilium
850 1461 967 1545 placet,
996 1465 1048 1526 oui
1071 1462 1156 1526 Prisco

95 1579 126 1626 ιο
144 1560 211 1634 alii,
231 1558 283 1621 alii
299 1556 426 1622 Structo
445 1556 544 1619 fuisse
563 1577 736 1640 cognomen
754 1556 888 1619 tradunt.
915 1553 1088 1642 Verginius
1099 1558 1157 1620 dun

144 1655 298 1738 collegam
322 1652 499 1716 consuleret
521 1665 674 1726 moratus,
698 1651 896 1735 permittente
915 1672 952 1714 eo
970 1664 1065 1716 nocte
1081 1652 1157 1715 dieta·

144 1760 242 1813 torem
261 1748 349 1812 dixit.
385 1747 412 1810 is
432 1746 492 1810 sibi
511 1747 697 1831 magistrum
715 1747 801 1828 equit
802 1769 856 1809 um
868 1745 1060 1811 Postumum
1070 1746 1159 1811 Aebu-

144 1846 222 1909 tium
242 1844 379 1907 Helvam
398 1842 523 1906 dicit.

96 1961 123 2009 1
208 1938 325 2001 XXll
362 1937 508 2000 Dictator
525 1959 634 2000 omnes
652 1936 722 2000 luce
740 1936 843 2021 prima
860 1947 949 2001 extra
967 1950 1089 2022 portam
1101 1934 1160 2002 Col·

143 2034 240 2097 linem
263 2033 375 2095 adesse
398 2032 494 2097 iubet.
528 2032 834 2116 quibuscumque
803 2056 886 2098 vues
910 2030 1161 2119 subpetebantad

144 2150 232 2190 arma
259 2116 387 2189 serenda
414 2138 539 2210 praesto
567 2127 664 2191 fuere.
704 2129 795 2212 signa
822 2150 861 2191 ex
886 2129 1008 2192 aerario
1034 2144 1161 2215 prompta

109 2220 286 2295 aferuntur
313 2221 353 2284 ad
379 2220 572 2287 dictatorem.
608 2243 689 2304 quae
713 2236 989 2306 emergerentur,
1016 2222 1162 2288 hostesin

143 2317 212 2380 loca
235 2317 345 2380 altiora
367 2340 560 2381 concessere.
597 2339 634 2381 eo
658 2319 790 2381 dictator
812 2319 937 2402 agmine
960 2318 1078 2384 infesto
1096 2316 1162 2383 subit

142 2433 201 2474 nec
224 2412 331 2495 procul
349 2411 504 2475 Nomento
528 2413 627 2496 signia
651 2413 781 2476 conlatis
804 2413 886 2476 fudit
907 2412 1060 2478 Etruscas
1083 2414 1162 2497 legio-

142 2529 213 2579 nes3
233 2507 371 2590 conpulit
389 2508 461 2570 inde
480 2508 512 2569 in
527 2506 637 2571 urbem
650 2507 788 2570 Fidenas
803 2508 947 2591 valloque
962 2508 1161 2572 circumdedit

109 2618 124 2663 3
144 2601 199 2663 sed
222 2624 323 2682 neque
348 2601 440 2664 scalis
464 2601 533 2684 capi
557 2613 678 2684 poterat
701 2602 776 2665 urbs
799 2601 862 2665 alta
884 2617 915 2664 et
938 2605 1061 2667 munita
1077 2620 1163 2684 nequo

142 2694 174 2756 in
192 2693 356 2758 obsidione
374 2695 422 2756 vis
442 2694 505 2756 ulla
523 2709 604 2770 erat,
624 2697 698 2778 quia
716 2695 907 2759 frumentum
920 2719 984 2760 non
997 2692 1163 2763 necessitati

143 2789 237 2851 modo
261 2789 352 2862 satis,
380 2788 436 2850 sed
459 2789 567 2871 copiae
590 2812 715 2873 quoque
734 2790 858 2855 abunde
877 2813 916 2854 ex
934 2806 1008 2856 ante
1027 2806 1163 2858 convecto

110 2901 127 2946 4
146 2883 334 2951 sufficiebat.
362 2884 406 2946 ita
419 2886 620 2969 expugnandi
640 2887 755 2970 pariter
773 2888 969 2972 cogendique
987 2889 1029 2952 ad
1048 2889 1163 2952 deditio-

143 2999 215 3039 nem
235 2999 290 3061 spe
309 2978 440 3053 amissa,
465 2980 597 3043 dictator
614 2981 646 3043 in
665 2980 741 3043 locis
765 2997 891 3066 propter
912 2984 1163 3067 propinquitatem

142 3071 224 3134 notis
242 3070 287 3135 ab·
302 3095 412 3136 aversa
431 3088 517 3157 parte
537 3073 622 3138 urbis
642 3075 777 3137 maxime
797 3075 953 3160 neglecta,
973 3080 1050 3160 quin
1069 3088 1162 3160 suapte

141 3181 252 3229 natura
271 3167 428 3230 tutissima
446 3180 525 3243 erat,
550 3190 643 3253 agere
661 3169 693 3230 in
712 3191 815 3232 arcem
834 3169 1015 3234 cuniculum
1034 3168 1160 3235 institnit

107 3281 122 3327 5
142 3261 209 3345 ipse
229 3261 452 3326 diversissimis
472 3263 548 3326 loeis
569 3262 732 3326 subeundo
751 3264 791 3326 ad
809 3265 934 3327 moenia
951 3266 1160 3348 quadrifariam
1186 3276 1190 3343 'j

142 3356 244 3418 diviso
264 3357 416 3431 exercitu,
436 3358 489 3440 qui
508 3358 559 3420 alii
574 3358 643 3420 aliis
658 3359 859 3421 succederent
873 3359 916 3421 ad
928 3381 1085 3445 pugnam,
1103 3380 1160 3424 eon·
1183 3350 1190 3417 ’ἱ

142 3448 252 3510 tinenti
272 3449 322 3512 die
341 3472 377 3513 ac
396 3465 487 3514 noete
506 3453 622 3536 proelio
641 3452 681 3516 ab
702 3476 797 3515 sensu
815 3453 918 3537 operis
934 3452 1044 3520 hostes
1058 3468 1159 3521 averte·
1187 3476 1190 3501 ¹

108 3541 208 3618 ebat,
237 3543 337 3608 donec
360 3545 503 3629 perfosso
527 3571 546 3610 a
568 3548 678 3611 castris
702 3565 807 3611 monte
831 3562 934 3612 erecta
952 3550 984 3612 in
1003 3572 1105 3615 arcem
1120 3547 1157 3610 ris
1187 3566 1190 3583 ¹

141 3654 189 3700 est
212 3639 400 3723 intentisque
420 3640 563 3706 Etruscis
587 3644 627 3706 ad
651 3666 747 3706 vanas
771 3667 790 3707 a
812 3657 897 3707 certo
915 3645 1056 3729 periculo
1073 3644 1155 3709 min&
1186 3702 1190 3723 ,

140 3731 258 3795 clamor
276 3756 371 3817 supra
388 3750 482 3820 caput
500 3736 621 3801 hostilis
640 3753 763 3823 captam
782 3737 892 3802 urbem
911 3741 1058 3804 ostendit.

107 3847 122 3893 7
205 3826 255 3891 Eo
274 3851 355 3892 anno
376 3828 413 3894 C
428 3830 544 3895 Funus
560 3831 686 3896 Pacilus
705 3845 736 3895 e
724 3832 796 3896 tM.
813 3831 977 3919 Geganius
992 3826 1190 3901 Macerino!-¹

140 3944 285 3987 censores
309 3923 415 3987 villam
436 3924 626 4009 publicam
617 3950 650 3990 1n
673 3949 783 4011 campo
807 3927 902 3992 Mart
881 3938 925 3992 tio
950 3928 1190 4014 probaverint

139 4014 244 4101 ibique
261 4018 399 4104 primum
416 4030 530 4086 census
547 4022 657 4106 populi
675 4033 723 4086 est
741 4035 839 4088 actua.
