2566 4524
142 242 184 306 32
381 251 497 306 LIBER
513 251 542 320 1,
555 251 597 305 28.
611 251 653 305 29.
674 253 712 318 [a
721 267 749 304 u.
759 266 784 305 c.
794 248 929 319 82-114]

108 436 124 485 a
141 421 240 477 terror
257 432 294 474 ac
312 409 390 495 fuga
407 409 584 473 iniceretur.
611 429 671 474 nec
689 429 727 473 ea
744 406 846 493 culpa,
865 428 963 492 quam
980 428 1089 495 arguo,
1103 428 1158 471 om·

141 506 230 572 nirun
238 504 436 570 Albanorum
454 514 515 568 est:
535 504 648 567 ducem
667 503 767 568 secuti
785 512 867 580 sunt,
881 511 917 568 ut
934 511 967 568 et
979 525 1049 580 vos,
1064 502 1093 568 si
1106 522 1157 586 quo

141 623 201 687 ego
218 600 293 665 inde
315 620 430 685 agmen
451 597 606 662 declinare
629 597 814 674 voluissem,
837 596 1004 663 fecissetis.
1039 595 1157 661 Mettius

140 695 193 759 ille
212 703 260 759 est
278 694 389 757 ductor
405 691 524 757 itineris
542 692 645 769 huius,
664 690 797 756 Mettius
815 690 952 756 foederis
964 687 1157 756 Romanidl

142 787 278 870 baniquc
294 795 413 871 ruptor.
440 786 554 850 audeat
571 785 684 850 deinde
703 784 777 849 talia
795 784 884 862 alius,
899 784 961 850 nisi
977 783 1012 849 iu
1024 783 1108 849 hunc
1120 783 1156 847 in-

143 881 233 968 signe
250 880 314 944 iam
332 880 554 944 documentum
572 878 756 945 mortalibus
775 877 911 944 dedero!

110 1001 123 1047 r
209 973 416 1040 Centuriones
435 974 547 1039 armati
558 973 708 1038 Mettium
721 973 963 1039 circumsistunt
989 995 1049 1038 rex
1061 982 1156 1046 cetera,

143 1079 179 1134 ut
195 1091 286 1134 orsus
304 1077 384 1145 erat,
403 1068 538 1154 peragit:
563 1068 662 1150 ‘quod
680 1067 799 1132 bonum
816 1066 957 1132 faustum
974 1065 1113 1152 felixque
1127 1063 1157 1129 sit

143 1163 261 1252 populo
278 1163 423 1228 Romano
442 1186 479 1227 ac
496 1162 575 1227 mihi
591 1162 760 1245 vobisque,
779 1160 912 1239 Albani,
935 1160 1091 1247 populum
1107 1182 1158 1226 cn·

143 1281 217 1324 nem
234 1258 396 1323 Albanum
417 1258 554 1323 Romam
573 1258 736 1322 traducere
757 1256 913 1321 inanimo
931 1265 993 1335 est,
1017 1255 1158 1321 civitatem

144 1356 219 1420 darc
236 1353 330 1440 plebi,
348 1354 500 1439 primores
518 1354 552 1417 in
567 1364 673 1439 patres
691 1353 806 1440 legere,
825 1375 920 1417 unam
939 1352 1061 1431 urbem,
1080 1370 1159 1417 unam

143 1471 210 1515 rem
226 1447 386 1534 publicam
404 1449 518 1514 facere.
554 1459 589 1513 ut
607 1472 647 1514 ex
665 1471 727 1513 uno
746 1448 907 1532 quondam
923 1447 957 1511 in
975 1447 1057 1513 duos
1075 1466 1160 1533 popu·

110 1563 126 1612 8
145 1543 192 1608 los
210 1542 313 1607 divisa
329 1541 457 1608 Albana
472 1565 524 1608 res
548 1553 605 1620 est,
632 1544 679 1607 sic
700 1543 835 1607 nuncin
857 1564 955 1606 unum
971 1541 1100 1607 redeat!
1130 1535 1160 1605 ad

144 1638 223 1703 baec
240 1636 368 1702 Albana
388 1637 490 1723 pubes
511 1637 640 1703 inermis
663 1637 702 1702 ab
726 1636 853 1701 armatis
877 1644 1001 1721 saepta,
1024 1636 1059 1701 in
1080 1631 1160 1700 varic

145 1732 358 1797 voluntatibus
377 1733 536 1797 communi
554 1742 659 1796 tamen
677 1742 764 1796 metu
782 1741 927 1817 cogente,
952 1730 1113 1796 silentium
1127 1738 1163 1792 te·

109 1845 125 1894 a
144 1836 206 1893 net
234 1837 300 1891 tum
311 1826 424 1892 Tullus
444 1826 552 1891 ‘Metti
564 1826 692 1904 Fufeti,’
709 1826 811 1910 inquit
830 1825 872 1889 ‘si
885 1825 954 1910 ipse
968 1825 1092 1891 discere
1103 1844 1163 1911 pot·

146 1944 197 1986 ses
215 1921 310 1985 fidem
329 1942 366 1984 ac
384 1920 513 1985 foedera
531 1943 666 1998 servare,
680 1920 754 1984 vivo
773 1919 829 1984 tibi
848 1942 885 1984 ea
903 1919 1072 2005 disciplina
1089 1943 1109 1985 a
1124 1935 1164 1983 mc

145 2015 286 2080 adbibita
304 2023 402 2092 esset;
429 2036 527 2091 nunc,
546 2016 694 2098 quoniam
713 2025 802 2079 tuum
819 2012 994 2081 insanabile
1011 2014 1163 2101 ingenium

147 2117 208 2186 est,
232 2117 265 2172 at
286 2118 322 2172 tu
343 2117 398 2174 tuo
422 2109 575 2194 supplicio
599 2111 677 2174 doce
694 2110 868 2175 humanum
890 2132 991 2196 genus
1012 2116 1165 2176 casanata

146 2202 282 2280 credere,
302 2224 383 2285 quae
401 2213 469 2267 ate
487 2203 603 2269 violata
621 2213 703 2269 sunt.
739 2214 775 2269 ut
792 2204 889 2290 igitur
904 2203 1000 2289 paulo
1019 2213 1093 2269 ante
1109 2200 1165 2269 aui·

145 2320 234 2361 mum
255 2297 336 2361 inter
356 2297 543 2363 Fidenatem
559 2298 799 2382 Romanamque
821 2320 889 2363 rem
912 2298 1083 2383 ancipitem
1103 2319 1165 2385 ges-

147 2393 224 2471 sisti,
244 2393 288 2457 ita
305 2393 368 2458 iam
387 2416 501 2479 eorpus
520 2394 640 2479 passim
658 2393 896 2458 distrahendum
914 2391 1025 2457 dabis?

95 2507 128 2556 10
208 2487 335 2553 Exinde
358 2489 482 2554 duabus
510 2489 645 2553 admotis
669 2488 845 2574 quadrigis,
872 2488 906 2551 iu
928 2509 1039 2552 currus
1067 2507 1165 2552 earum

145 2583 316 2648 distentum
333 2584 445 2669 inligat
461 2583 624 2661 Mettium,
648 2583 761 2647 deinde
782 2583 816 2646 in
838 2581 999 2647 diversum
1022 2582 1082 2646 iter
1103 2576 1167 2665 equi

147 2677 307 2755 concitati,
329 2677 469 2741 lacerum
486 2678 520 2740 in
536 2686 669 2761 utroque
687 2699 780 2742 curru
798 2698 927 2762 corpus,
950 2697 1013 2759 qua
1030 2676 1165 2741 inhaese-

99 2791 130 2838 11
148 2781 219 2836 rant
236 2770 370 2834 vinculis
389 2770 540 2848 membra,
554 2781 724 2856 portantes.
753 2781 891 2837 avertere
905 2792 1016 2836 omnes
1030 2769 1072 2836 ab
1089 2777 1165 2835 tanta

146 2863 295 2928 foeditate
309 2864 481 2948 spectaculi
494 2864 610 2930 oculos.
638 2866 775 2951 primum
789 2865 997 2948 ultimumque
1009 2864 1089 2930 illud
1101 2884 1164 2948 sup·

145 2957 275 3042 plicium
301 2957 386 3042 apud
407 2957 569 3024 Romanos
597 2960 733 3045 exempli
758 2982 870 3044 parum
896 2959 1046 3024 memoris
1067 2958 1163 3047 legum

145 3052 353 3116 humanarum
371 3051 440 3117 fuit.
476 3053 510 3117 in
528 3053 597 3118 aliis
615 3054 742 3141 gloriari
760 3054 841 3132 licet,
860 3053 938 3118 nulli
954 3053 1100 3140 gentium
1114 3049 1163 3117 mi·

146 3147 241 3212 tiores
258 3146 418 3234 placuisse
435 3170 564 3234 poenas.

113 3263 127 3309 1
209 3242 396 3308 XXVIIII.
414 3242 501 3308 Inter
513 3243 592 3308 haec
604 3244 667 3308 iam
680 3243 845 3329 praemissi
854 3241 972 3308 Albam
986 3252 1077 3308 erant
1088 3237 1163 3325 equi·

146 3346 204 3414 tes,
218 3337 273 3419 qui
286 3337 518 3402 multitudinem
532 3338 729 3404 traducerent
737 3338 882 3403 Romam.
904 3336 1049 3423 legiones
1062 3332 1162 3403 deinde

112 3451 128 3498 2
147 3429 259 3494 ductae
281 3431 323 3494 ad
345 3432 528 3496 diruendam
550 3432 670 3497 urbem.
708 3454 789 3517 quae
806 3431 862 3497 ubi
883 3431 1040 3496 intravere
1057 3440 1162 3518 portat,

146 3545 211 3588 non
227 3524 355 3608 quidem
372 3524 433 3590 fuit
450 3525 601 3591 tumultus
619 3527 671 3591 ille
689 3549 747 3592 nec
764 3549 872 3612 pavor,
891 3525 993 3609 qualis
1012 3536 1163 3612 captarum

148 3639 218 3682 esse
235 3617 360 3683 urbium
374 3619 463 3697 solet,
478 3643 550 3685 cum
564 3621 700 3685 effractis
714 3621 813 3707 portis
831 3620 977 3686 stratisve
992 3620 1090 3687 ariete
1106 3637 1164 3685 mu·

146 3711 189 3776 ris
208 3723 262 3776 aut
279 3735 351 3777 arce
369 3714 402 3779 vi
420 3725 511 3800 capta
530 3715 647 3780 clamor
664 3716 786 3781 hostilis
806 3725 838 3780 et
855 3737 967 3780 cursus
988 3736 1048 3801 per
1065 3712 1165 3779 urbem

113 3817 338 3875 sarmatorum
360 3810 465 3874 omnia
483 3810 566 3876 ferro
584 3811 772 3896 flammaque
790 3811 916 3888 miscet,
941 3811 998 3875 sed
1017 3809 1167 3876 silentium
1200 3884 1202 3899 ι

147 3900 235 3968 triste
249 3923 287 3966 ac
301 3903 394 3968 tacita
408 3905 563 3970 maestitia
576 3906 621 3970 ita
633 3906 742 3970 defixit
755 3905 895 3970 omnium
908 3905 1041 3983 animos,
1051 3915 1089 3970 ut
1100 3920 1167 3991 prae

147 4006 234 4061 metu
252 3996 353 4076 obliti,
377 3999 454 4083 quid
475 4000 697 4084 relinquerent,
721 4000 798 4085 quid
816 4023 924 4065 secum
943 4000 1076 4080 ferrent,
1099 3995 1169 4063 defi·
