2566 4524
338 256 821 330 umanum,ec.[a.c.ea1]
1027 245 1093 313 445

69 417 199 508 gemitus
226 417 367 483 omnium
395 415 500 483 subito
526 426 654 483 exortus
683 427 731 483 est
761 425 909 503 tantaque
935 418 1093 487 maestitia

67 511 205 590 incessit,
222 521 340 578 utnon
357 510 486 599 gravim
505 512 664 597 accepturi
680 512 868 591 viderentur,
888 513 916 578 si
933 513 1093 592 nuntiare-
1171 550 1173 555 ·

67 618 120 688 tur,
142 606 292 675 omnibus
310 629 348 674 eo
364 607 435 675 loco
452 616 586 672 mortem
603 607 812 694 oppetendam
829 630 910 675 esse.
946 630 1019 674 cum
1037 609 1092 675 diu
1112 630 1127 676 r

67 702 222 770 silentium
243 701 357 767 fuisset
377 723 437 768 nec
458 701 604 768 consules
626 711 681 768 aut
701 725 759 789 pro
781 702 908 768 foedere
926 711 990 768 tam
1007 703 1091 790 turpi

65 808 116 866 ant
137 807 251 864 contra
270 798 384 864 foedus
406 807 471 864 tam
492 797 706 864 necessarium
723 798 844 865 hiscere
861 808 1005 886 possent,
1023 809 1092 866 tum

63 893 101 961 1..
118 892 297 972 Lentulus,
319 893 463 978 quitum
484 892 631 978 princeps
657 892 832 979 legatorum
857 895 971 961 virtute
997 903 1092 980 atque

64 987 235 1056 honoribus
257 996 341 1053 erat:
370 992 504 1074 ‘patrem
526 985 657 1065 meum,’
677 987 779 1072 inquit
803 988 976 1069 ‘consules‚
996 1005 1126 1076 saepes

65 1082 169 1151 audivi
182 1090 419 1162 memorantem,
430 1104 464 1147 se
477 1081 511 1146 in
521 1080 678 1168 Capitolio
691 1105 790 1147 unum
802 1105 866 1148 non
875 1082 975 1150 fuisse
984 1093 1093 1151 aucto-

64 1202 130 1247 rem
147 1177 273 1245 senatui
285 1178 485 1246 redimendae
498 1200 575 1243 auro
589 1175 720 1244 aGallis
734 1178 879 1258 civitatis,
893 1180 1020 1264 quando
1032 1202 1092 1246 nec

64 1273 153 1341 fossa
173 1273 321 1359 valloque
343 1272 383 1340 ab
405 1273 611 1360 ignavissimo
638 1273 680 1338 ad
706 1295 801 1361 opera
828 1295 865 1339 ac
886 1275 1092 1341 muniendum

63 1368 153 1436 hoste
170 1367 273 1441 clausi
290 1376 395 1435 essent
412 1376 443 1433 et
461 1389 637 1454 erumpere,
662 1368 689 1432 si
706 1391 770 1434 non
787 1369 855 1436 sine
873 1392 989 1456 magno
1010 1369 1093 1456 pen'-

65 1463 149 1542 culo,
171 1472 278 1529 tamen
300 1463 367 1528 sine
389 1471 474 1528 certa
495 1463 632 1548 pernicie
653 1472 793 1548 possent.
829 1465 914 1548 quod
932 1464 960 1530 ai
976 1463 1038 1530 illis
1056 1470 1126 1528 ute

64 1558 228 1625 desumere
242 1579 282 1622 ex
292 1556 448 1644 Capitolio
466 1559 594 1625 armatis
610 1557 644 1623 in
660 1559 785 1624 hostem
801 1558 898 1636 licuit,
917 1580 980 1644 quo
998 1580 1093 1646 saepe

63 1653 157 1721 modo
175 1652 300 1719 obsessi
315 1653 349 1717 in
362 1651 544 1719 obsidentes
563 1662 738 1740 eruperunt,
752 1654 796 1719 ita
813 1653 905 1720 nobis
922 1677 1024 1738 aequo
1038 1662 1093 1720 aut

63 1747 169 1835 iniquo
182 1748 253 1814 loco
266 1747 436 1813 dimicandi
453 1750 669 1815 tantummodo
687 1771 759 1814 oum
780 1749 872 1815 hoste
890 1750 981 1837 copia
997 1757 1091 1826 esset,

63 1868 125 1912 non
141 1844 220 1909 mihi
241 1844 364 1929 paterni
381 1844 479 1910 animi
495 1844 617 1910 indoles
635 1844 670 1910 in
686 1845 816 1910 consilio
835 1845 939 1910 dando
957 1844 1091 1909 deesset

65 1941 211 2025 equidem
228 1949 362 2006 mortem
382 1963 441 2027 pro
458 1940 560 2026 patria
576 1940 770 2026 praeclaram
787 1962 858 2006 esse
875 1940 976 2006 fateor
993 1947 1024 2006 et
1040 1959 1092 2004 me
1113 1954 1146 2002 10

66 2035 116 2103 vel
143 2034 298 2100 devovere
323 2058 380 2121 pro
405 2035 524 2121 populo
546 2035 691 2102 Romano
717 2034 958 2122 legionibusque
983 2032 1035 2099 vel
1060 2032 1094 2097 in

62 2130 184 2197 medios
203 2151 254 2195 me
272 2130 428 2196 inmittere
445 2131 554 2196 hostes
569 2139 699 2216 paratus
718 2153 803 2196 sum:
823 2131 880 2196 sed
896 2130 948 2195 hic
960 2128 1095 2216 patriam
1114 2143 1145 2192 11

62 2225 170 2305 vide0,
189 2224 242 2290 hic
258 2225 413 2310 quidquid
430 2224 646 2290 Romanarum
663 2224 823 2311 legionum
841 2233 898 2289 est.
934 2245 1015 2307 quae
1032 2223 1095 2288 nisi

10 2394 14 2399 ,
60 2344 116 2411 pro
140 2344 176 2389 sc
198 2323 276 2409 ipsis
298 2323 339 2388 ad
361 2331 494 2388 mortem
514 2342 605 2386 ruere
626 2320 749 2398 volunt,
772 2319 849 2403 quid
869 2316 987 2383 habent
1008 2316 1094 2400 quod

60 2427 161 2485 morte
188 2440 248 2483 sua
275 2417 422 2482 servent?
457 2425 539 2482 tecta
565 2413 667 2493 urbis,
695 2414 779 2479 dicat
800 2412 927 2496 aliquis,
955 2420 987 2477 et
1007 2427 1145 2477 moe-12

59 2514 115 2578 nia
136 2522 168 2578 et
189 2535 261 2578 eam
283 2511 422 2590 turbam,
446 2533 546 2596 aqua
562 2510 639 2577 urbs
661 2509 815 2575 incolitur.
850 2509 947 2572 immo
965 2507 1092 2573 hercule

58 2607 237 2695 produntur
258 2629 297 2673 ea
319 2608 424 2674 omnia
446 2607 549 2673 deleto
570 2606 632 2673 hoc
654 2606 806 2684 exercitu,
832 2627 896 2670 non
918 2613 1091 2670 servantur.

59 2703 132 2788 quis
147 2703 232 2768 enim
245 2725 284 2768 ea
297 2701 452 2768 tuebitur?
468 2702 593 2769 inbellis
606 2701 753 2767 videlicet
765 2710 859 2786 atque
871 2700 999 2766 inermis
1013 2699 1093 2765 mul-

59 2797 173 2863 titudo.
211 2805 277 2862 tam
297 2796 424 2862 hercule
446 2819 542 2881 quam
564 2820 584 2863 a
607 2794 771 2863 Gallorum
797 2796 918 2884 impetu
942 2794 1145 2862 defendit13
1249 2790 1257 2801 ”

58 2917 100 2959 an
123 2915 145 2958 a
168 2889 258 2958 Veiis
285 2892 456 2957 exercitum
479 2890 711 2977 Camillumque
737 2893 850 2958 ducem
875 2889 1094 2979 implorabunt?

58 2986 111 3054 hic
128 3008 240 3053 omnes
259 3009 332 3072 spes
351 3008 490 3073 opesque
509 2996 591 3065 sunt,
606 3009 685 3070 quas
704 2987 859 3053 servando
876 2987 1010 3072 patriam
1029 3008 1094 3052 ser·
1113 2995 1146 3045 14

58 3104 184 3161 ramus,
200 3081 344 3148 dedendo
357 3082 399 3147 ad
411 3104 521 3147 necem
534 3081 668 3167 patriam
682 3081 856 3146 deserimus
870 3102 908 3146 ac
920 3080 1093 3166 prodimus.

61 3184 97 3241 at
112 3175 208 3244 foeda
225 3186 320 3261 atque
337 3177 548 3264 ignominiosa
565 3176 683 3242 deditio
701 3185 758 3242 est.
786 3175 843 3241 aed
856 3197 894 3240 ea
907 3174 1019 3240 caritas
1037 3196 1094 3259 pa-
1113 3184 1145 3233 15

58 3270 141 3337 triac
162 3281 226 3350 est,
249 3281 285 3337 ut
306 3279 372 3336 tam
392 3271 565 3360 ignominia
587 3293 657 3337 eam
679 3293 774 3355 quam
799 3277 900 3335 morte
921 3277 1041 3347 nostra,
1065 3267 1093 3333 si

58 3388 142 3454 opus
160 3367 211 3444 sit,
230 3388 402 3433 servemus.
431 3366 582 3433 subeatur
599 3389 675 3454 ergo
691 3366 756 3432 ista
773 3373 1026 3449 quantacumque
1044 3372 1093 3429 est
1112 3373 1144 3423 16

57 3461 232 3548 indignitas
247 3469 279 3526 et
295 3471 442 3548 pareatur
458 3461 648 3539 necessitati,
662 3483 758 3544 quam
775 3482 815 3525 ne
834 3459 877 3524 dii
894 3459 1022 3544 quidem
1040 3482 1094 3526 su-

57 3565 182 3644 perant.
208 3557 262 3634 ite,
276 3556 432 3636 consules,
450 3557 593 3623 redimite
611 3556 705 3622 armis
724 3555 893 3634 civitatem,
905 3576 1002 3640 quam
1015 3576 1092 3621 auro

57 3651 197 3717 maiores
214 3651 312 3716 vestri
327 3651 547 3718 redemerunt?

126 3744 169 3812 V.
194 3744 351 3813 Consules
368 3747 504 3834 profecti
521 3747 563 3813 ad
575 3745 725 3813 Pontium
743 3744 777 3810 in
794 3743 1005 3830 conloquium,
1019 3767 1093 3811 eum
1112 3757 1125 3804 1

59 3838 100 3907 do
112 3838 244 3907 foedere
255 3843 356 3909 victor
372 3843 514 3930 agitaret,
533 3852 697 3931 negarunt,
715 3842 838 3908 iniussu
854 3841 962 3927 populi
980 3840 1092 3906 foedus

59 3933 130 4001 lieri
146 3959 244 4024 posse
260 3959 319 4005 nec
337 3939 405 4005 sine
422 3939 583 4006 fetialibus
601 3939 850 4023 caerimoniaque
864 3936 926 4002 aha
939 3934 1091 4001 sollemni.

59 4027 170 4119 itaquo
190 4055 271 4115 non,
291 4044 328 4101 ut
349 4034 447 4123 vulgo
469 4037 600 4102 credunt
618 4035 835 4121 Claudiusque
856 4034 951 4099 etiam
973 4029 1126 4110 scribier
