2566 4524
376 223 495 282 11111
510 223 553 296 Χ,
572 222 614 279 11
627 224 669 283 11.
689 230 728 297 [a.
740 225 842 299 1111]
1063 214 1129 284 509

99 385 309 476 praebuerunt
333 382 496 449 tumultus.
541 383 693 451 adversus
719 384 863 452 incitatas
891 395 1010 452 turmas
1042 387 1128 455 stetit
1146 407 1180 463 11

98 482 215 549 inmota
228 477 421 548 Samnitium
436 476 521 545 acies
539 499 599 544 nec
614 488 704 567 parte
721 479 787 545 ulla
803 479 879 567 pelli
896 489 950 547 aut
966 486 1129 570 perrumpi

96 575 207 665 potuit.
242 583 275 642 et
289 582 460 662 postquam
480 572 610 640 inritum
629 573 791 662 inceptum
812 584 892 656 erat,
915 575 1033 663 recepti
1054 585 1128 663 post

98 671 188 761 signa
207 668 329 760 proelio
349 676 562 737 excesserunt
598 668 696 736 crevit
713 688 754 736 ex
771 691 809 736 eo
830 668 969 736 hostium
991 670 1178 753 animus,1r

95 786 152 833 nec
165 762 323 832 sustinere
336 762 423 831 frons
434 762 538 853 prima
549 771 616 829 tam
631 761 763 852 longum
776 773 935 831 certamen
950 764 1128 833 increscen-

96 870 223 948 temque
243 858 360 927 fiducia
377 858 427 926 sui
443 859 509 926 vim
526 858 695 947 potuisset,
718 859 752 926 ni
774 862 914 928 secunda
930 861 1014 930 acies
1035 861 1127 931 iussu

96 955 235 1023 consulis
253 955 287 1021 in
299 954 436 1043 primum
453 954 669 1023 successisset.
695 954 741 1023 ibi
757 955 898 1045 integrae
910 956 993 1023 vires
1012 958 1127 1025 sistunt
1145 976 1178 1027 11

96 1050 298 1119 invehentem
319 1071 354 1116 se
379 1050 443 1121 iam
465 1048 655 1131 Samnitem,
678 1060 710 1118 et
735 1060 875 1139 tempore
900 1052 1061 1140 inprovisa
1086 1076 1127 1121 ex

96 1145 258 1214 montibus
276 1145 367 1235 sigua
380 1145 559 1231 clamorque
578 1145 722 1214 sublatus
735 1170 800 1213 non
812 1169 887 1215 vero
901 1155 1022 1214 tantum
1038 1157 1127 1216 metu

96 1250 235 1309 terruere
255 1237 444 1308 Samnitium
462 1240 594 1307 animos.
629 1263 703 1306 nam
721 1251 752 1307 et
768 1240 889 1308 Fabius
906 1241 1045 1309 Decium
1061 1241 1127 1310 col·
1144 1261 1176 1312 11

95 1335 202 1425 legam
218 1332 470 1423 adpropinquare
488 1334 689 1415 exclamavit,
708 1344 740 1402 et
756 1355 814 1423 pro
832 1357 866 1403 se
884 1336 1017 1422 quisque
1035 1335 1126 1403 miles

96 1431 210 1498 adesse
226 1428 360 1496 alterum
377 1427 554 1510 consulem,
577 1429 690 1496 edesse
710 1429 851 1518 legiones
872 1431 988 1520 gaudio
1006 1429 1125 1498 alacres

96 1524 250 1604 fremunt3
278 1544 425 1610 errorque
445 1522 532 1591 utilis
549 1523 703 1591 Romanis
725 1524 849 1593 oblatus
870 1526 967 1614 fugae
984 1523 1127 1593 formidi·
1143 1545 1178 1596 ao

95 1618 209 1707 nisque
232 1615 391 1685 Samnites
413 1616 544 1706 inplevit
565 1618 702 1685 maxime
728 1619 867 1700 territos,
894 1642 935 1686 ne
961 1618 1002 1687 ab
1028 1619 1126 1688 altero
1267 1624 1270 1629 ’

95 1713 238 1781 exercitu
257 1710 380 1801 integro
401 1712 581 1798 intactoque
602 1713 682 1780 fessi
703 1713 962 1800 opprimerentur.
997 1724 1029 1781 et
1050 1714 1126 1800 quia
1142 1733 1175 1783 21

94 1809 217 1897 passim
234 1806 268 1873 in
289 1807 400 1896 fugam
417 1807 562 1895 dissipati
584 1817 670 1888 sunt,
692 1808 796 1874 minor
816 1809 929 1875 caedes
951 1829 1047 1893 quam
1067 1830 1126 1896 pro

96 1912 184 1970 tenta
201 1901 332 1969 victoria
352 1901 423 1969 fuit
459 1902 519 1968 tria
536 1903 622 1969 milia
639 1911 671 1969 et
687 1901 908 1991 quadringenti
925 1901 1023 1982 oaesi,
1041 1901 1126 1989 capti

95 1999 272 2087 octingenti
288 1998 387 2065 ferme
409 2008 440 2066 et
461 1999 602 2088 triginta,
630 1998 722 2088 signa
738 1998 884 2066 militaria
905 2008 997 2088 capte
1017 1997 1077 2065 tria
1094 2006 1126 2066 11

116 2095 126 2112 .
150 2094 160 2112 .
184 2095 219 2160 ἃ
308 2148 311 2153 ¹

95 2116 242 2256 vigepm
274 2184 471 2256 Samnitibus
489 2189 589 2277 Apuli
611 2210 645 2254 se
671 2197 743 2254 ante
764 2188 919 2274 proelium
945 2190 1157 2257 coniunxisr

95 2292 180 2363 sent,
196 2282 230 2349 ni
246 2281 285 2349 P.
303 2281 424 2350 Decius
442 2283 553 2350 consul
569 2283 609 2350 iis
626 2283 668 2350 ad
684 2281 902 2349 Maleventum
920 2291 1024 2349 castra
1039 2282 1127 2349 obie-

95 2377 204 2457 cisset,
223 2385 380 2444 extractos
399 2376 513 2444 deinde
530 2377 571 2444 ad
588 2388 746 2444 certamen
762 2376 908 2444 fudisset.
937 2375 983 2443 ibi
1000 2397 1125 2462 quoque
1143 2391 1158 2442 a

94 2473 169 2563 plus
187 2471 284 2561 fugae
300 2472 361 2539 firit
378 2495 474 2558 quam
496 2472 615 2540 caedis:
642 2472 809 2539 duomilia
825 2471 1005 2560 Apulorum
1022 2493 1124 2538 caesa.

95 2575 266 2656 spretoque
292 2589 330 2634 eo
351 2566 443 2634 hoste
462 2565 585 2635 Decius
610 2567 644 2633 in
666 2565 832 2635 Samnium
858 2565 998 2655 legiones
1024 2567 1125 2632 duxit.

94 2662 142 2729 ibi
158 2662 223 2731 duo
241 2660 421 2729 consulares
443 2662 598 2730 exercitus
621 2662 753 2729 diversis
770 2662 877 2752 vagati
897 2661 1040 2750 partibus
1058 2676 1159 2728 om-8

94 2755 150 2824 nia
178 2755 281 2844 spatio
305 2755 444 2843 quinque
469 2778 614 2825 mensum
636 2765 826 2824 evastorunt
865 2755 1072 2846 quadraginta
1094 2763 1162 2823 114

95 2851 239 2938 quinque
254 2850 325 2918 loca
340 2851 375 2918 in
387 2848 518 2920 Samnio
534 2851 633 2932 fuere,
651 2851 814 2938 inquibus
825 2851 920 2920 Decii
937 2862 1040 2919 castra
1056 2851 1127 2918 fue·

95 2955 186 3026 runt,
204 2944 332 3013 alterius
350 2945 488 3014 consulis
506 2970 564 3013 sex
580 2955 612 3012 et
629 2947 798 3034 octoginta
832 2970 893 3016 nec
908 2947 984 3014 valli
1005 2955 1159 3015 tantumo

95 3062 137 3108 11
160 3039 321 3107 fossarum
346 3040 481 3130 vestigia
505 3040 627 3120 relicta,
655 3039 713 3107 sed
741 3039 841 3107 multo
865 3041 928 3107 illis
952 3040 1128 3127 insigniora

96 3144 304 3204 monumenta
324 3136 479 3204 vastitatis
500 3135 584 3204 circo
609 3134 834 3226 regionumque
856 3133 1124 3223 depopulaturum.

94 3227 220 3299 Fabius
241 3229 336 3296 etiam
357 3228 468 3298 urbem
486 3229 659 3298 Cimetram
681 3230 772 3317 cepit
810 3228 856 3295 ibi
877 3237 970 3316 capta
990 3234 1157 3294 armato-u

94 3346 171 3434 mm
187 3322 355 3392 duomilia
370 3325 535 3414 nongenti,
554 3325 639 3394 oaesi
659 3333 837 3414 pugnantes
857 3322 957 3389 ferme
974 3319 1127 3410 nongenti

96 3426 244 3579 ιιιιέι111111
269 3511 465 3581 comitiorum
491 3535 588 3580 causa
611 3512 748 3580 Romam
772 3510 932 3598 profectus
957 3509 1159 3579 maturavitt

95 3629 170 3675 eam
187 3628 255 3673 rem
272 3628 376 3696 agere
407 3629 480 3675 cum
496 3608 599 3695 primo
615 3615 745 3674 vocatae
759 3604 800 3690 Q.
810 3604 945 3673 Fabium
963 3605 1126 3673 consulem

95 3700 239 3769 dicerent
263 3724 373 3770 omnes
399 3701 570 3783 centuriae,
591 3699 657 3789 Ap.
676 3698 829 3769 Claudius
851 3698 1024 3768 consularis
1052 3722 1127 3766 oan-

95 3794 240 3876 didatus,
266 3795 316 3863 vir
336 3818 408 3865 acer
429 3806 461 3864 et
482 3795 681 3877 ambitiosus,
707 3817 782 3863 non·
798 3794 847 3864 sui
869 3795 971 3883 magis
996 3792 1123 3859 honoris
1141 3807 1158 3856 8

94 3911 196 3959 causa
218 3912 313 3976 quum
328 3900 365 3959 ut
385 3890 508 3980 patricii
527 3900 747 3980 recuperarent
768 3891 832 3957 duo
849 3887 1024 3957 consularia
1044 3884 1123 3964 loca,

94 4007 172 4053 cum
194 3985 261 4052 suis
282 3995 350 4053 tum
371 3987 466 4056 totius
484 3985 655 4055 nobilitatis
673 3986 794 4054 viribus
815 3982 971 4062 incubuit,
994 4003 1029 4048 se
1050 4002 1125 4047 cum
