2566 4524
352 282 470 336 trusa
486 282 544 352 111,
562 281 659 337 cate.
679 281 831 352 [11441]
1048 275 1111 340 179

83 441 159 504 lures
177 451 348 504 nocturnos
366 461 404 504 ac
421 438 572 504 latronesl
596 440 793 505 adverterent
815 441 855 506 ab
873 442 920 506 ira
942 466 1111 532 parumper
1129 467 1144 515 a

86 537 119 600 ad
139 535 350 620 cognitionem
373 534 655 619 cogitationemque
681 536 803 600 animos
826 544 858 599 et
879 538 984 621 potius
1012 563 1110 605 unum

88 640 124 695 tct
133 628 275 695 Claudiis
285 627 525 714 deprecantibus
539 628 751 693 condonarent
764 651 859 713 quam
872 642 1000 717 propter
1015 634 1108 698 unius

92 725 181 788 odium
197 723 370 787 multorum
387 745 496 808 preces
514 734 764 809 aspernarentur.
802 748 836 790 se
854 747 979 810 quoquc
1002 729 1035 792 id
1052 752 1109 816 ge·
1127 752 1144 799 4

91 819 143 882 neri
159 840 196 882 ao
213 818 333 882 nomini
351 819 435 895 dare,
454 840 513 882 nec
530 840 603 882 cum
621 841 659 884 eo
675 818 709 883 in
722 820 856 906 gratiam
870 822 998 901 redisse,
1018 825 1108 890 cuius

92 913 225 977 adversae
243 913 388 976 fortunae
408 912 481 977 velit
500 935 694 977 succursum.
731 915 845 979 virtute
863 915 1040 982 libertatem
1058 941 1108 984 re-

92 1019 255 1092 cuperatam
278 1029 362 1085 esse,
390 1007 556 1072 clementia
581 1009 780 1073 concordiam
802 1010 946 1074 ordinum
973 1013 1105 1078 stabiliri

90 1122 176 1185 posse
214 1113 303 1165 erant
320 1123 400 1184 quos
417 1112 558 1166 moveret
575 1125 633 1166 sua
650 1103 752 1187 magis
769 1103 884 1187 pietate
903 1125 1000 1186 quarn
1024 1106 1102 1183 eius,
1127 1127 1142 1174 5

88 1217 214 1280 proquo
237 1194 365 1281 agebat,
392 1216 497 1259 causa.
533 1197 590 1260 sed
608 1195 779 1282 Verginius
804 1197 853 1260 sui
874 1198 978 1283 potius
996 1212 1031 1265 ut
1048 1200 1107 1263 mi·

88 1300 251 1354 sererentur
267 1288 378 1353 orabat
393 1288 548 1372 filiaeque,
567 1312 626 1354 nec
643 1291 745 1376 gentis
761 1289 913 1355 Claudiae
926 1315 1059 1378 regnum
1072 1294 1107 1359 iu

83 1384 198 1469 plebem
215 1383 359 1461 sortitae,
389 1384 445 1448 sed
463 1383 711 1449 necessariorum
729 1383 913 1470 Verginiae,
942 1387 1034 1450 trium
1053 1388 1107 1451 tri-

81 1478 242 1555 bunorum,
261 1499 371 1563 preces
390 1478 548 1557 audirent,
571 1479 626 1561 qui
662 1479 704 1542 ad
721 1479 872 1542 auxilium
889 1479 991 1566 plebis
1010 1481 1107 1546 creati

80 1575 135 1661 ipsi
157 1574 260 1661 plebis
288 1573 382 1638 fidem
408 1585 503 1657 atque
530 1575 682 1639 auxilium
713 1575 913 1662 inplorarent.
958 1576 1104 1642 iustiores
1124 1598 1138 1645 t

77 1669 130 1734 hae
156 1671 304 1735 lacrimae
331 1669 526 1734 videbantur.
566 1671 672 1754 itaque
699 1693 755 1757 spe
780 1672 893 1749 incisa,
920 1673 1105 1757 priusquam

77 1765 213 1851 prodicta
230 1765 297 1828 dies
315 1765 450 1842 adesset,
469 1764 596 1850 Appius
615 1775 747 1829 mortem
766 1765 826 1830 sibi
844 1767 1004 1830 conscivit.

135 1858 283 1926 Subinde
301 1871 444 1945 arreptus
467 1883 486 1923 a
503 1858 541 1923 P.
559 1859 735 1932 Numitorio
755 1857 811 1945 Sp.
832 1858 973 1947 Oppius,
1001 1861 1139 1946 proxi-r

77 1977 142 2018 mus
160 1954 306 2031 invidiae,
325 1955 411 2037 quod
428 1953 462 2017 in
478 1953 556 2018 urbe
574 1953 685 2031 fuerat,
705 1977 778 2020 cum
795 1955 930 2020 iniustae
947 1955 1105 2019 vindiciae

77 2071 97 2112 a
127 2048 245 2136 collega
277 2048 463 2112 dicerentur.
506 2047 579 2134 plus
611 2059 716 2113 tamen
741 2049 826 2114 facta
855 2050 968 2114 iniuria
998 2048 1105 2136 Oppio
1124 2069 1140 2117 8

77 2164 172 2228 quam
192 2166 254 2208 non
275 2142 433 2229 prohibita
449 2143 586 2208 invidiae
604 2143 688 2207 fecit.
725 2145 814 2208 testis
836 2146 1022 2229 productus,
1050 2145 1105 2227 qui

77 2250 194 2325 septem
211 2250 241 2302 et
259 2238 371 2324 viginti
389 2239 577 2304 enumeratis
597 2238 760 2322 stipendiis
780 2239 898 2303 octiens
917 2249 1005 2303 extra
1023 2239 1106 2302 ordi-

77 2357 143 2399 nem
157 2334 292 2399 donatus
306 2335 450 2419 donaque
465 2357 503 2399 ea
515 2355 628 2444 gerens
638 2333 671 2396 in
685 2343 856 2417 conspectu
869 2333 986 2418 populi,
1006 2332 1106 2398 scissa

77 2442 159 2494 teste
177 2440 302 2516 tergum
315 2429 432 2495 lacerat
419 2440 487 2494 turn
500 2429 598 2516 virgis
612 2428 757 2504 ostendit,
777 2427 909 2491 nihilum
922 2428 1104 2512 deprecans,

76 2524 161 2633 patin,
191 2524 333 2608 siquam
351 2546 441 2589 suam
459 2547 575 2590 noxam
592 2545 665 2589 reus
688 2523 792 2587 dicere
814 2530 937 2630 posset,
964 2521 1105 2606 privatus

76 2616 184 2683 iterum
202 2618 235 2682 in
253 2641 287 2684 se
311 2620 453 2684 saeviret.
492 2617 617 2704 Oppius
641 2640 765 2702 quoque
788 2618 863 2681 duct
851 2627 901 2681 tus
923 2615 957 2679 in
979 2614 1105 2678 vrncula
1123 2635 1138 2682 9

77 2725 120 2779 est
135 2726 168 2779 et
184 2724 258 2779 ante
276 2714 382 2778 iudicii
400 2715 484 2779 diem
496 2713 592 2778 finem
604 2713 649 2778 ibi
662 2712 745 2777 vitae
759 2711 843 2777 fecit.
882 2710 965 2775 bona
980 2708 1106 2774 Claudii
1126 2727 1157 2776 ιο

77 2804 235 2894 Oppiique
249 2808 365 2873 tribuni
378 2808 587 2894 publicavere.
623 2807 762 2894 collegae
781 2829 889 2871 corum
907 2804 992 2870 exilii
1010 2826 1106 2868 causa

77 2902 176 2968 totum
193 2914 362 2982 verterunt,
380 2903 464 2969 bona
480 2903 640 2990 publicata
658 2913 739 2967 suut.
767 2912 798 2966 ct
815 2901 863 2966 M.
879 2900 1032 2966 Claudius
1051 2899 1107 2963 ad-

77 3009 175 3062 sertor
190 2997 360 3085 Verginiae
378 2999 429 3064 die
447 2999 531 3063 dicta
548 2999 725 3075 damnatus,
744 2998 814 3082 ipso
832 2997 1008 3060 remittente
1025 2992 1106 3057 Ver-

77 3090 164 3176 ginio
183 3092 325 3158 ultimam
351 3116 485 3179 poenam
512 3093 676 3170 dimissus,
705 3091 806 3155 Tibur
831 3090 991 3154 exulatum
1014 3086 1104 3151 abiit:

77 3205 245 3270 manesque
263 3187 448 3273 Verginiae,
475 3196 617 3252 mortuae
639 3208 733 3269 quam
755 3185 846 3248 vivae
864 3181 1026 3257 felicioris,
1050 3201 1105 3264 per
1125 3198 1154 3246 11

77 3285 121 3345 tot
138 3280 247 3346 domos
265 3282 476 3367 adpetendas
493 3303 612 3366 poenas
630 3278 749 3366 vagat‚i
713 3277 863 3342 tnullo
884 3275 992 3341 relicto
1016 3284 1106 3338 sonte

77 3375 201 3439 undem
219 3375 415 3458 quieverunt.

137 3469 283 3534 LVIIII
311 3471 429 3556 lugens
443 3482 546 3536 metus
559 3470 717 3534 incessere
717 3475 847 3552 tpatres
861 3462 1052 3548 vultusque
1042 3486 1107 3528 1am
1125 3484 1138 3530 1

77 3554 145 3629 lude
162 3564 359 3630 tribunorum
373 3576 470 3642 erant,
489 3588 544 3650 qur
533 3563 805 3628 decemvirorum
818 3561 952 3636 fuerant,
972 3581 1044 3624 cum
1057 3555 1105 3623 M.

77 3648 213 3725 Duillius
235 3660 379 3726 tribunus
401 3660 518 3770 plebis·
528 3659 660 3724 inhibito
688 3656 854 3723 salubriter
875 3655 970 3719 modo
991 3652 1106 3717 nimiae

77 3755 221 3853 potestati
248 3760 295 3819 ‘et
319 3754 611 3838 libertatis’inquit
638 3760 777 3817 ‘nostrae
805 3764 837 3816 et
867 3772 1040 3837 poenarum
1067 3765 1139 3812 exa

77 3837 207 3914 lnimicis
227 3849 303 3914 satis
321 3859 379 3915 est.
414 3849 520 3933 itaque
538 3849 597 3913 hoe
615 3870 696 3912 anno
709 3868 768 3910 nec
785 3846 869 3910 diem
884 3843 945 3909 dici
959 3843 1106 3924 cuiquam

77 3954 133 4010 nec
147 3944 182 4009 in
198 3943 305 4009 vincla
321 3944 395 4009 duci
411 3965 603 4029 quemquam
621 3965 692 4008 sum
713 3963 876 4028 passurus.
912 3960 986 4002 nam
1003 3953 1106 4016 neque
1124 3951 1139 3998 3

77 4048 181 4105 vetera
191 4049 323 4126 peccata
334 4039 434 4126 repeti
450 4039 515 4104 iam
532 4036 610 4103 oblit
597 4046 709 4102 tterata
726 4037 843 4122 placet,
863 4056 935 4098 cnm
952 4052 1035 4094 nova
1052 4049 1107 4091 ex·
1124 4079 1126 4083 ,

878 4148 930 4201 12·
