2566 4524
135 245 199 314 336
341 255 459 312 ιιιιιι
476 254 532 327 ιι,
550 253 661 309 eo-en.
680 256 718 323 [a
728 270 755 307 ι.
766 269 790 308 ι.
799 251 951 323 ιιι-ιιι]

98 435 114 485 s
133 415 294 502 quoinde,
314 421 465 499 quantum
484 411 652 489 avolscia
672 410 746 490 fuit3
764 410 798 475 id
815 411 920 477 modo
928 419 1061 477 entrerm
1074 422 1130 477 anu

133 510 371 587 tumultuatum,
399 508 484 593 quod
500 498 700 572 Praenestini
722 505 885 572 concitatis
902 506 1081 573 Latinorum
1095 524 1134 593 po·

133 607 215 694 pulis
233 604 433 670 rebellarunt.
1181 622 1185 627 ·

98 722 114 771 9
197 700 323 766 Eodem
341 719 423 763 anno
443 694 613 774 Setiam,
604 695 683 780 ipsis
706 695 909 780 querentibus
931 697 1137 783 pauitantia

132 797 267 874 minum,
295 793 370 860 novi
392 793 494 858 coloni
516 791 675 878 adscripti.
715 790 986 876 rebusquehaud
1010 790 1139 880 prosperii
1151 792 1177 804 ”

132 891 216 958 bello
234 889 407 956 domestica
424 889 523 973 quies,
543 908 638 973 quem
656 885 852 952 tribunorum
868 885 1140 975 militum-ei’plebo

133 987 235 1074 gratia
251 984 364 1051 maiest
351 993 463 1069 tasque
480 984 526 1048 int
514 993 561 1048 ter
579 1004 654 1048 suos
672 981 815 1059 obtinuit,
835 981 991 1048 solacium
1009 982 1071 1048 fuit.
1175 1022 1177 1029 ι

101 1103 114 1149 1
197 1079 336 1145 XXXI.
377 1078 578 1162 Insequentis
605 1075 681 1142 anni
700 1076 855 1163 principia
881 1076 991 1142 statim
1018 1075 1185 1144 seditione¹
1178 1087 1185 1125 ¹

132 1175 253 1262 ingenti
270 1195 375 1240 arsere
392 1171 525 1238 tribunis
544 1171 623 1236 milit
612 1182 678 1235 tum
696 1170 853 1236 consulari
865 1179 1024 1257 potestate
1039 1169 1088 1257 Sp
1094 1168 1141 1236 Fu'·

133 1271 194 1349 rio,
219 1268 260 1352 Ω.
281 1266 458 1335 Serviliot
433 1276 561 1345 rt,erum
583 1266 626 1331 L.
644 1264 795 1330 Menenio
812 1264 1018 1345 tertium,P.
1037 1264 1139 1342 Cloelio,
1174 1252 1185 1327 r

99 1363 181 1431 ιΜ.
200 1363 345 1442 Horatio,
364 1363 406 1427 L
426 1358 581 1449 Geganio.
618 1369 685 1426 erat
702 1369 808 1426 autem
825 1371 857 1426 et
874 1361 1009 1427 materia
1026 1371 1055 1427 et
1070 1378 1141 1427 ιιιιι
1172 1382 1185 1444 a

135 1458 297 1525 seditionis
314 1480 368 1523 aes
387 1457 533 1535 ahenum,
553 1456 642 1522 ouius
660 1455 812 1521 noscendi
829 1455 932 1542 gratia
947 1452 1006 1543 Sp.
1017 1453 1142 1523 Servilia

133 1552 278 1631 Priscus,
303 1551 344 1635 Q.
365 1550 505 1618 Cloelius
525 1549 653 1618 Siculus
672 1572 819 1616 censores
837 1548 928 1629 facti,
951 1573 994 1616 ne
1010 1572 1074 1616 rem
1088 1567 1141 1636 ago·

99 1655 216 1724 erent,
243 1645 327 1712 bello
348 1646 479 1732 inpediti
503 1654 584 1712 sunt.
625 1666 761 1728 namque
788 1644 902 1729 trepidi
928 1646 1033 1711 nuntii
1055 1644 1139 1732 pn'no,

133 1741 212 1830 fuge
233 1741 346 1806 deinde
369 1762 409 1805 ex
431 1740 515 1828 agris
538 1739 679 1827 legiones
697 1738 888 1805 Volscorum
910 1738 1069 1826 ingressas
1084 1738 1140 1803 finer
1176 1743 1185 1751 '

98 1835 339 1923 4popularique
364 1835 485 1922 passim
510 1834 691 1900 Romanum
717 1856 828 1921 agrum
854 1833 998 1900 attulere'.
1046 1834 1077 1898 in·
1097 1836 1140 1917 qut

134 1930 342 2017 trepidatione
363 1939 486 1994 tantum
508 1928 601 2006 afuit,
628 1937 664 1994 ut
681 1929 785 1995 civilia
807 1928 980 2012 certamina
1002 1938 1092 1995 terror
1103 1946 1140 1991 ex·
1175 1968 1185 1979 -

134 2034 240 2089 ternus
260 2023 432 2101 cohiberet,
456 2032 617 2088 utcontra
635 2046 672 2089 eo
690 2022 855 2088 violentior
878 2032 1022 2108 potestas
1040 2018 1140 2089 tribuni·
1173 2054 1185 2089 ι

135 2119 183 2183 cia
200 2117 390 2204 inpediendo
408 2117 525 2184 dilectu
542 2127 639 2197 esset,
668 2119 769 2184 donec
795 2118 998 2186 condiciones
1015 2116 1139 2207 inposito
1178 2150 1182 2155 ·

132 2212 289 2299 patribus,
316 2236 356 2279 ne
374 2215 459 2299 quis,
488 2215 593 2299 quoad
610 2214 761 2282 bellatum
779 2224 876 2294 esset,
904 2217 1059 2283 tributum
1076 2216 1138 2281 duel

99 2321 187 2379 taut
208 2312 258 2377 ius
282 2312 321 2377 de
342 2312 478 2398 pecunia
501 2313 619 2378 credita
640 2313 766 2378 diceret.
812 2334 850 2379 eo
875 2312 1058 2380 laxamento
1080 2304 1140 2398 plebi

133 2417 259 2493 sumpto
285 2430 373 2473 mora
399 2408 527 2472 dilectui
552 2430 616 2473 non
647 2418 695 2472 est
725 2407 819 2474 facta.
864 2407 1045 2495 legionibus
1073 2401 1139 2471 novt

133 2502 256 2588 scriptis
274 2502 392 2588 placuit
408 2503 488 2568 duos
507 2503 661 2568 exercitus
678 2503 712 2566 in
734 2525 846 2589 agrum
864 2501 1021 2569 Volscum
1038 2495 1140 2590 legioni·

131 2596 192 2663 bus
211 2597 320 2664 divisis
339 2598 425 2663 duci:
446 2596 502 2684 Sp.
516 2596 642 2676 Furius,
661 2594 709 2662 M.
728 2597 882 2663 Horatius
901 2599 1081 2664 dextrorsus
1095 2614 1141 2660 ιιι·
1170 2608 1185 2685 e

130 2691 277 2756 ritumam
296 2714 383 2756 oram
401 2702 494 2775 atque
508 2690 652 2770 Antium,
674 2690 715 2774 Ω.
728 2689 881 2758 Servilius
900 2701 933 2757 et
949 2693 993 2758 L.
1005 2688 1140 2781 Gegaulut
1169 2700 1185 2754 'e

98 2786 222 2853 oleeva
244 2784 284 2849 ad
306 2793 429 2849 montes
450 2784 600 2851 Ecetram
622 2796 767 2873 pergunt.
815 2796 928 2852 neutra
953 2797 1045 2873 parte
1067 2781 1140 2850 hab

132 2878 246 2943 obvius
264 2878 333 2942 suit.
360 2880 522 2966 populatio
540 2881 646 2966 itaque
664 2904 728 2946 non
745 2881 790 2945 illi
810 2903 912 2968 vagae
932 2882 1054 2962 similis,
1071 2896 1141 2966 quun
1180 2884 1185 2895 '

130 2970 269 3038 Volscus
287 2972 440 3039 latrocinii
457 2998 559 3054 more,
583 2976 758 3041 discordiae
780 2974 922 3040 hostium
939 2977 1041 3043 fretus
1059 2985 1087 3042 et
1099 2972 1142 3037 vir·
1172 3036 1173 3041 ,

131 3075 231 3132 tutem
247 3078 405 3148 metuens,
427 3092 485 3156 per
502 3070 739 3156 trepidationem
756 3070 871 3155 raptim
888 3070 1024 3152 fecerat,
1052 3069 1102 3136 sed
1113 3062 1140 3130 tl
1179 3108 1182 3113 >

130 3161 215 3228 iusto
232 3163 372 3229 exercitu
389 3163 473 3228 iusta
490 3163 536 3228 ira
553 3163 638 3230 facta
655 3165 757 3250 spatio
777 3187 903 3250 quoque
927 3166 1077 3253 temporis
1091 3182 1142 3250 gn·
1175 3172 1184 3251 ι

98 3259 208 3324 7vior.
245 3258 363 3343 quippe
386 3282 405 3323 a
427 3257 554 3325 Volscis
577 3259 774 3338 timentibus,
800 3283 840 3324 ne
862 3259 990 3326 interim
1013 3257 1140 3327 exercilus

131 3351 172 3415 ab
180 3351 285 3416 Roma
294 3353 401 3430 exiret,
420 3352 614 3419 incursiones
625 3354 658 3418 in
671 3363 810 3419 extrema
822 3354 934 3421 finium
947 3354 1053 3422 factae
1064 3356 1140 3420 erunlt
1176 3420 1179 3428 ,

97 3557 113 3604 8
132 3547 167 3601 u
154 3537 256 3604 tthos
244 3547 308 3603 tem
331 3540 371 3603 ad
393 3553 551 3608 certamen
571 3542 706 3608 eliceret
746 3543 852 3627 itaque
875 3545 1026 3612 omnibus
1047 3539 1139 3632 passu

132 3633 221 3698 tectis
240 3656 388 3720 agrorum
406 3637 547 3722 vicisque
565 3639 659 3703 etiam
677 3636 867 3722 quibusdam
885 3640 1019 3719 exustis,
1038 3661 1094 3705 non
1106 3652 1140 3699 ιι·

132 3727 207 3793 bore
225 3729 391 3816 frugifera,
420 3754 483 3797 non
506 3743 555 3798 sat
555 3733 639 3798 isin
660 3740 750 3818 spem
767 3733 898 3822 frugum
919 3734 1052 3813 relictis,
1076 3722 1139 3798 omni

131 3844 211 3908 quae
230 3835 319 3891 extra
336 3827 461 3892 moenia
477 3827 538 3891 fuit
554 3826 718 3894 hominum
734 3830 957 3914 pecudumque
974 3829 1087 3916 praedo
1099 3819 1137 3889 tl·

131 3929 217 3998 acta,
212 3919 365 3985 Romam
382 3921 538 4006 utrimque
556 3923 711 3988 exercitus
729 3924 859 3989 reducti.
1175 3930 1183 3949 ⁵

97 4033 111 4080 1
194 4013 350 4080 XXXII.
382 4015 487 4082 Parvo
505 4016 669 4084 intervallo
682 4017 723 4082 ad
736 4018 956 4105 respirandum
969 4011 1134 4085 debitoribus
1175 3954 1185 4073 l
