2566 4524
147 270 209 335 102
368 275 486 331 amna
505 276 548 346 Π,
566 275 609 329 41.
623 275 664 328 42.
686 279 759 343 [au.
771 276 954 346 saca-271]

144 438 352 522 aliquantum,
380 455 475 518 quem
496 432 659 518 publicum
675 432 831 517 possideri
848 455 868 496 a
884 432 1016 519 privatis
1030 431 1156 498 orimim

144 534 249 600 batur:
272 531 305 595 id
322 528 438 592 multos
457 528 584 611 quidem
601 536 740 613 patrum,
758 527 845 612 ipsos
863 549 1077 612 possessores,
1094 526 1157 614 peri

145 627 216 693 culo
233 648 337 690 rerum
357 645 485 687 suarum
502 621 646 686 terrebat
675 621 733 685 sed
746 630 777 685 et
789 620 917 707 publica
932 622 1076 708 patribus
1093 619 1157 688 solli·

145 722 250 788 citudo
264 721 373 794 inerat,
392 716 556 802 largitione
572 716 733 780 consulem
745 714 938 801 periculosas
952 715 1089 782 libertati
1100 736 1161 801 opes

112 828 275 886 astruere.
313 822 380 875 tum
397 812 533 895 primum
555 810 608 874 lex
631 810 754 896 agraria
775 811 976 897 promulgata
998 820 1061 889 est,
1087 831 1160 875 num·

145 933 241 995 quam
272 906 384 970 deinde
415 927 515 988 usque
546 906 588 968 ad
617 905 699 968 hano
729 905 913 969 memoriam
939 906 1008 970 sine
1034 901 1161 969 maximis

111 1002 283 1072 4motibus
306 1023 409 1065 rerum
432 1000 557 1085 agitata.
595 998 705 1063 consul
729 998 807 1062 alter
827 999 986 1086 largitioni
1012 997 1160 1064 resistebat

146 1095 325 1163 auctoribus
339 1094 479 1180 patribus
494 1116 552 1158 nec
565 1094 650 1159 omni
663 1092 755 1178 plebe
769 1094 964 1173 adversante,
983 1115 1066 1178 quae
1079 1093 1162 1180 primo
1183 1168 1187 1173 Ι
1202 1088 1204 1095 ’

146 1200 291 1277 coeperat
309 1189 450 1253 fastidire
468 1211 598 1254 munus:
621 1188 799 1274 vulgatum,
819 1213 838 1252 a
856 1189 978 1255 civibus
995 1189 1061 1254 isse
1078 1188 1111 1252 in
1126 1207 1163 1252 so-

113 1288 221 1356 acios.
259 1307 353 1370 saepe
372 1284 484 1347 deinde
503 1293 534 1347 et
548 1282 734 1369 Verginium
753 1283 914 1348 consulem
931 1284 964 1347 in
983 1281 1162 1348 contionibus

146 1386 232 1446 velut
246 1380 467 1444 vaticinantem
481 1377 637 1454 audiebat,
656 1377 806 1462 pestilens
822 1378 961 1464 collegae
974 1400 1089 1442 munus
1099 1395 1161 1451 esse,

147 1499 241 1562 agros
268 1475 338 1539 illos
367 1474 549 1537 servitutem
575 1472 614 1536 iis
641 1473 696 1554 qui
722 1472 898 1558 acceperint
919 1472 1053 1551 laturos,
1080 1488 1161 1558 regno

114 1570 231 1636 aviam
252 1568 329 1631 fieri.
365 1567 442 1650 quid
464 1567 507 1629 ita
530 1565 613 1629 enim
635 1566 762 1630 adsumi
785 1566 886 1631 socios
909 1575 941 1631 et
957 1588 1074 1631 nomen
1090 1562 1163 1630 Lati·

146 1663 242 1726 num?
263 1662 340 1744 quid
357 1661 521 1725 attinuisse
535 1659 697 1738 Hernicis,
717 1661 810 1746 paulo
829 1670 901 1726 ante
919 1661 1078 1739 hostibus,
1097 1654 1163 1744 capti

147 1757 215 1843 agri
237 1767 357 1841 partem
380 1756 502 1820 tertiam
524 1755 626 1832 reddi,
654 1755 716 1819 nisi
737 1766 772 1819 ut
790 1778 845 1820 eae
863 1764 974 1842 gentes
992 1778 1051 1841 pro
1069 1753 1163 1820 Corio·

114 1874 127 1918 t
146 1852 219 1915 lano
235 1852 315 1914 duce
328 1850 476 1915 Cassium
493 1849 649 1914 habeant?
674 1850 833 1935 popularis
847 1850 911 1914 iam
929 1872 1000 1915 esse
1018 1849 1163 1914 dissuasor

147 1959 179 2010 et
197 1947 384 2008 intercessor
401 1944 481 2029 legis
496 1944 637 2029 agrariae
652 1953 806 2029 coeperat.
836 1953 966 2028 uterque
980 1943 1094 2009 deinde
1107 1962 1166 2006 oon·

149 2039 212 2116 sul,
237 2050 272 2101 ut
289 2038 443 2114 certatim,
466 2037 552 2121 plebi
568 2038 741 2124 indulgere.
777 2038 948 2125 Verginius
967 2039 1086 2115 dicere,
1107 2055 1167 2121 pat·

149 2157 258 2198 surum
281 2154 315 2196 se
338 2132 497 2218 adsignari
520 2155 628 2218 agros,
652 2133 728 2196 dum
749 2156 788 2198 ne
807 2134 858 2198 cui
875 2134 937 2198 nisi
955 2133 1018 2197 civi
1035 2133 1166 2197 Romano

114 2245 129 2292 8
149 2227 361 2312 adsignentur,
383 2225 528 2302 Cassius,
547 2226 622 2309 quia
635 2227 668 2290 in
682 2229 805 2313 agraria
817 2227 981 2314 largitione
995 2226 1168 2292 ambitiosus

147 2321 180 2384 in
200 2321 302 2384 socios
321 2342 420 2404 eoque
439 2318 560 2384 civibus
574 2320 665 2384 vilior
680 2331 758 2398 erat,
776 2330 811 2385 ut
829 2322 889 2386 alio
907 2343 1038 2386 munere
1057 2319 1116 2385 sibi
1131 2338 1170 2381 re·

149 2416 328 2480 conciliaret
356 2416 475 2481 civium
502 2416 637 2493 animos,
668 2416 775 2481 iubere
802 2440 860 2502 pro
888 2415 997 2482 Siculo
1024 2416 1169 2481 frumento

114 2528 129 2574 9
149 2513 314 2597 pecuniam
339 2522 499 2596 acceptam
521 2510 651 2574 retribui
672 2511 798 2597 populo.
834 2513 867 2575 id
889 2534 964 2576 vero
985 2510 1074 2577 haud
1090 2528 1170 2575 seem

149 2629 244 2690 quam
261 2617 458 2690 praesentem
476 2606 653 2669 mercedem
670 2607 760 2692 regni
778 2616 944 2691 aspernata
957 2606 1085 2691 plebes;
1102 2603 1169 2668 adeo

146 2712 274 2784 propter
288 2699 498 2783 suspicionem
511 2699 637 2762 insitam
650 2702 749 2786 regni,
764 2701 850 2764 velut
860 2701 1057 2765 abundarent
1066 2696 1169 2771 omnia,

147 2815 280 2857 munera
298 2793 364 2856 eius
382 2793 416 2854 in
434 2792 547 2855 animis
565 2792 727 2856 hominurn
744 2794 980 2879 respuebantur.

100 2904 132 2952 10
216 2885 335 2968 Quem,
354 2885 409 2949 ubi
425 2886 562 2970 primum
579 2888 764 2974 magistratu
782 2888 872 2966 abiit,
891 2889 1077 2953 damnatum
1088 2906 1170 2951 neca-

148 2990 278 3064 tumque
301 2989 432 3046 constat.
469 2990 542 3045 sunt
560 2982 614 3065 qui
630 2991 751 3068 patrem
769 2993 928 3048 auctorem
946 2983 1016 3048 eius
1035 2976 1169 3069 supplicii

147 3074 264 3139 ferant:
292 3097 378 3153 eum,
407 3076 532 3161 cognita
554 3076 639 3140 domi
661 3099 770 3154 causa,
793 3077 976 3142 verberasse
995 3090 1170 3142 abnecasse

146 3170 367 3256 peculiumque
389 3170 446 3234 filii
465 3169 573 3234 Cereri
596 3172 842 3249 consecravisse,
872 3172 1000 3257 signum
1020 3171 1095 3236 inde
1115 3167 1170 3232 fae·

98 3281 129 3329 11
148 3273 215 3326 tum
230 3287 299 3328 csse
319 3274 349 3328 et
366 3265 551 3349 inscriptum
571 3270 623 3327 ‘ex
639 3262 752 3330 Cassia
765 3265 884 3329 familia
898 3264 1027 3330 datum?
1054 3259 1168 3329 invenio

148 3358 233 3441 apud
254 3359 423 3440 quosdam,
449 3360 545 3442 idque
567 3360 695 3445 propius
718 3361 814 3425 fidem
836 3371 898 3439 est,
922 3385 941 3426 a
959 3358 1167 3445 quaestoribus

149 3448 293 3514 Caesone
315 3451 416 3516 Fabio
440 3463 470 3517 et
491 3454 532 3517 L.
552 3452 679 3518 Valerio
706 3455 789 3518 diem
816 3455 931 3520 dictam
956 3448 1168 3542 perduellionis

97 3560 130 3608 12
148 3544 392 3628 damnatumque
404 3548 513 3632 populi
526 3548 655 3626 iudicio,
676 3549 794 3614 dirutas
809 3550 934 3636 publice
948 3552 1056 3617 aedes.
1083 3572 1121 3616 ea
1130 3551 1169 3612 est

147 3661 220 3703 area
238 3648 309 3703 ante
323 3640 458 3705 Telluris
472 3643 592 3706 aedem.
620 3654 771 3723 ceterum,
792 3646 858 3711 sive
876 3645 955 3710 illud
972 3645 1168 3712 domesticum

148 3732 215 3797 sive
241 3732 402 3818 publicum
428 3735 488 3799 fuit
513 3735 677 3816 iudicium,
706 3739 872 3804 damnatur
895 3738 1008 3807 Servio
1024 3737 1168 3811 Cornelio

148 3824 190 3909 Q.
208 3825 310 3893 Fabio
329 3828 519 3896 consulibus.

113 3936 128 3985 1
210 3920 404 3986 XXXXII.
432 3923 530 3988 Haud
544 3927 690 3993 diutmna
707 3929 753 3994 ira
769 3930 879 4017 populi
896 3930 931 3995 in
945 3929 1097 3998 Cassium
1108 3926 1166 3994 fuit·

147 4013 280 4082 dulcedo
298 4016 439 4104 agrariae
456 4018 537 4106 legis
555 4021 625 4108 ipsa
640 4045 698 4108 per
716 4046 750 4089 se
789 4024 916 4111 dempto
939 4036 1069 4095 auctore
1105 4021 1167 4092 sub·
