2566 4524
387 213 505 268 LIBER
522 214 566 284 11,
585 214 609 268 1.
623 214 648 268 a.
667 217 706 282 [a.
717 211 747 267 (ι.
757 214 819 283 ooo]
1079 201 1122 267 65

91 375 232 443 omnium
246 373 382 459 primum
391 371 520 436 avidum
532 392 633 436 novae
645 369 796 435 libertatis
808 369 971 456 populum,
981 394 1021 436 ne
1034 381 1121 456 post·
1139 394 1154 442 o

91 471 222 536 modum
239 467 324 532 flecti
339 465 485 553 precibus
499 475 554 531 aut
566 465 657 530 donis
670 464 765 552 regiis
777 474 896 550 posset,
909 466 976 530 iure
989 467 1121 532 iurando

91 563 206 650 adegit,
217 561 376 626 neminem
384 560 506 624 Romae
518 581 669 646 passuros
682 580 828 645 regnare3
843 558 965 637 deinde,
975 581 1038 644 quo
1047 561 1119 646 plus
1139 583 1173 631 ιο

90 658 204 723 virium
221 657 257 720 in
275 665 385 720 senatu
401 655 577 739 frequentia
591 654 684 719 etiam
698 653 815 718 ordinis
829 652 955 732 faceret,
971 654 1120 721 caedibus

89 752 173 838 regis
197 750 396 814 deminutum
415 760 542 834 patrum
562 771 728 814 numerum
753 747 942 832 primoribus
965 751 1119 833 equestris

89 845 209 933 gradus
228 844 318 908 lectis
332 844 374 907 ad
386 851 594 907 trecentorum
608 865 764 906 summam
781 841 928 926 explerit.
957 843 1120 908 traditum·
1139 867 1170 914 11

88 962 148 1025 que
165 938 243 1002 inde
261 937 370 1014 fertur,
388 936 475 1000 utin
492 945 636 1001 senatum
653 945 840 1000 vocarentur
857 937 912 1019 qui
926 947 1034 1022 patres
1052 939 1120 1022 qui·
1187 952 1194 969 ·

88 1056 148 1120 que
157 1031 332 1116 conscripti
339 1039 458 1109 essent3
473 1030 666 1114 conscriptos
674 1030 820 1095 videlicet
828 1053 946 1094 novum
958 1029 1020 1117 [in]
1031 1055 1123 1097 sena

90 1139 154 1192 tum
168 1124 373 1212 appellabant
385 1124 492 1189 lectos.
519 1124 553 1188 id
567 1125 681 1188 mirum
695 1134 847 1207 quantum
860 1123 979 1208 profuit
991 1126 1032 1189 ad
1046 1148 1121 1190 con-

92 1221 229 1286 cordiam
248 1218 385 1283 civitatis
402 1217 641 1304 iungendosque
658 1216 799 1303 patribus
817 1216 919 1302 plebis
938 1219 1069 1284 animos.

152 1315 195 1379 ll.
215 1314 340 1378 Rerum
353 1312 465 1376 deinde
480 1312 655 1376 divinarum
668 1311 776 1376 habita
789 1334 877 1389 oura3
892 1322 924 1376 et
937 1313 1011 1396 quia
1024 1336 1120 1397 quae·
1139 1339 1151 1384 1

97 1408 166 1472 dam
175 1407 307 1494 publica
321 1429 409 1470 sacra
421 1428 478 1490 per
491 1407 577 1492 ipsos
590 1428 682 1492 reges
697 1406 837 1470 factitata
850 1416 946 1484 erant,
957 1430 996 1472 ne
1009 1408 1120 1473 ubiubi

96 1525 197 1590 regum
215 1501 412 1567 desiderium
425 1511 519 1580 esset,
533 1523 640 1588 regem
655 1501 864 1566 sacrificulum
878 1512 992 1566 creant.
1019 1503 1053 1567 id
1071 1528 1122 1569 sa·
1139 1525 1154 1571 ι

96 1597 266 1663 cerdotium
283 1594 424 1681 pontifici
442 1593 612 1673 subiecere,
625 1618 666 1659 ne
680 1595 804 1660 additus
819 1598 937 1661 nomini
950 1598 1050 1663 honos
1065 1599 1121 1662 ali-

95 1693 162 1777 quid
182 1690 340 1767 libertati,
363 1689 452 1754 cuius
474 1698 550 1754 tunc
574 1689 677 1775 prima
698 1699 765 1754 erat
786 1712 873 1769 cura,
899 1692 1047 1756 officeret.
1084 1715 1121 1757 ao

95 1787 203 1865 nescio,
224 1808 268 1850 an
286 1783 379 1848 nimis
393 1783 533 1866 undique
546 1807 616 1848 eam
630 1784 829 1868 minimisque
843 1784 936 1850 rebus
950 1786 1120 1850 muniendo

95 1882 218 1946 modum
233 1877 436 1944 excesserint.
465 1878 602 1942 consulis
617 1879 699 1942 enim
713 1879 849 1956 alterius,
860 1901 933 1944 cum
945 1880 1024 1943 nihil
1036 1880 1122 1944 aliud
1140 1904 1156 1952 3

97 1975 267 2052 offenderit,
281 1994 397 2038 nomen
409 1972 547 2038 invisum
565 1973 682 2037 civitati
699 1973 774 2038 fuit:
791 1975 922 2039 nimium
932 1975 1120 2060 Tarquinios

101 2091 189 2157 regno
203 2071 371 2136 adsuesce.
406 2067 530 2132 initium
547 2091 567 2132 a
584 2068 694 2133 Prisco
712 2070 840 2134 factum.
876 2093 1026 2157 regnasse
1049 2071 1122 2134 dein

101 2160 319 2230 Ser.Tullium.
346 2185 386 2226 ne
399 2162 560 2226 intervallo
574 2162 701 2246 quidem
714 2163 798 2228 facto
812 2164 951 2240 oblitum,
962 2176 1122 2248 tamquam

99 2257 191 2337 alieni,
209 2258 305 2344 regni
316 2255 495 2343 Superbum
505 2256 711 2341 Tarquinium
725 2258 811 2322 velut
823 2258 1027 2323 hereditatem
1045 2282 1124 2345 gen-

95 2352 131 2418 tis
147 2353 268 2419 scelere
281 2373 320 2416 ac
333 2351 366 2415 vi
377 2351 528 2436 repetisse
533 2376 542 2429 3
561 2351 653 2437 pulso
664 2349 809 2437 Superbo
822 2375 919 2438 penes
931 2351 1122 2417 Collatinum

95 2447 257 2535 imperium
280 2468 360 2511 esse.
396 2446 517 2511 nescire
536 2446 724 2529 Tarquinios
747 2447 885 2532 privatos
907 2447 1022 2510 vivere.
1059 2468 1123 2510 non

96 2540 214 2627 placere
231 2562 360 2618 nomen,
377 2539 588 2625 periculosum
605 2539 742 2605 libertati
759 2563 839 2605 esse.

99 2636 102 2640 ’
153 2637 242 2701 Hinc
260 2635 363 2722 primo
382 2636 498 2700 sensim
517 2637 736 2720 temptantium
749 2637 870 2702 animos
885 2659 988 2701 sermo
1001 2658 1058 2721 per
1075 2644 1122 2701 to·
1140 2656 1157 2702 4

103 2736 161 2794 tam
174 2730 335 2795 civitatem
353 2739 401 2794 est
418 2730 523 2806 datus,
548 2730 774 2814 sollicitamque
797 2731 974 2816 suspicione
996 2729 1122 2816 plebem

105 2819 210 2890 Brutus
232 2823 278 2889 ad
299 2823 476 2888 contionem
498 2833 600 2889 vocat.
635 2823 681 2889 ibi
703 2825 843 2889 omnium
864 2825 1001 2910 primum
1012 2826 1060 2888 ius
1073 2825 1122 2889 iu·
1140 2844 1157 2903 5

103 2918 224 2984 randum
241 2919 353 3006 populi
369 2919 488 2998 recitat,
502 2920 659 2983 neminem
672 2943 803 3006 regnare
816 2943 965 3005 passuros
979 2942 1038 2985 neo
1051 2942 1122 2985 esse

103 3008 318 3091 Romae,unde
331 3013 504 3098 periculum
517 3012 653 3078 libertati
666 3013 757 3078 foret.
779 3015 812 3079 id
826 3037 950 3079 summa
961 3037 1020 3099 ope
1033 3024 1123 3078 tuen-

105 3103 175 3169 dum
190 3128 257 3173 esse
275 3130 379 3191 neque
396 3108 493 3172 ullam
509 3131 585 3185 rem,
601 3130 681 3192 quae
696 3130 733 3173 eo
746 3108 908 3193 pertineat,
923 3118 1123 3172 contemnen-

106 3196 181 3264 dam.
204 3200 337 3266 invitum
351 3224 385 3266 se
399 3203 502 3267 dicere
514 3202 649 3267 hominis
664 3223 761 3266 causa
772 3224 832 3266 nec
844 3202 999 3265 dicturum
1012 3201 1121 3277 fuisse,

110 3292 138 3355 ni
150 3296 259 3362 carius
276 3295 532 3382 reipublicae
502 3307 649 3362 vrnceret.
677 3297 879 3362 concredere
896 3295 1048 3382 populum
1056 3295 1122 3360 Ro-
1140 3315 1159 3364 6

77 3412 81 3453 ·.
115 3406 266 3467 manum,s
250 3389 386 3455 solidam
402 3389 577 3455 libertatem
594 3390 746 3477 reciperat
748 3413 799 3453 am
817 3412 897 3454 esse
925 3389 1048 3499 regium
1066 3411 1122 3477 ge-

85 3494 88 3499 '
117 3497 175 3559 nus,
196 3483 320 3570 regium
339 3506 455 3549 nomen
477 3507 541 3550 non
559 3485 688 3550 solum⁸
679 3509 713 3548 ιιι
731 3485 825 3548 civita
826 3493 870 3562 te,
826 3484 1003 3549 ttsed
973 3483 1068 3547 etiam
1089 3483 1122 3546 in

118 3567 224 3658 tmperio
247 3600 335 3656 esse3
360 3578 395 3642 id
416 3578 555 3656 officere,
579 3579 612 3642 id
634 3579 705 3644 obst
694 3589 759 3643 tare
781 3578 926 3643 libertati
960 3577 1087 3642 ‘hunot
1075 3577 1122 3641 tu'
1141 3600 1155 3647 7

118 3659 196 3749 lnquit
184 3678 281 3736 t‘tua
298 3671 440 3737 voluntat
427 3683 467 3750 te,
481 3673 523 3736 L
534 3672 695 3756 Tarquini,
714 3694 840 3737 remove
857 3681 986 3737 metum.
1013 3671 1123 3735 memi-

117 3756 213 3843 nimus,
234 3766 381 3844 fatemur,
400 3767 519 3831 eiecisti
536 3789 643 3852 reges3
670 3765 799 3830 absolve
817 3765 1034 3831 beneficiumt
1022 3776 1120 3838 tuum,

118 3855 186 3922 siler
206 3859 281 3925 hinc
303 3861 425 3946 regium
446 3883 571 3926 nomen.
607 3883 657 3925 res
676 3869 746 3924 tuas
769 3860 826 3925 tibi
847 3883 911 3924 non
934 3859 1035 3923 solum
1052 3856 1122 3919 red-

119 3942 217 4016 dent·
191 3977 276 4021 cives
298 3955 347 4021 tui
367 3965 493 4021 auctore
514 3979 578 4033 me,
605 3955 724 4032 sed‚⁸
700 3979 726 4019 ει
748 3956 825 4039 quid
848 3956 950 4031 deest,
974 3949 1121 4016 munifice

157 4069 199 4116 lici
209 4075 252 4118 oct.
263 4074 282 4119 1.
934 4052 950 4104 5
