2566 4524
149 282 190 345 113
412 292 531 346 mser.
546 292 588 359 11,
606 290 701 345 1213.
719 290 907 359 genesas}

146 453 214 537 quit
228 453 319 516 ‘inte
333 448 646 536 magiquaminme
659 448 784 512 hosilia
797 470 905 511 ausus.
922 444 1174 512 iubmemmacte

146 547 261 610 tirtute
278 567 360 620 esse,
380 544 408 607 si
423 565 482 627 pro
499 564 570 605 mea
587 545 688 626 patria
701 543 762 605 ista
775 541 875 605 virtus
888 550 998 619 staret,
1014 540 1174 605 nuncime

96 663 129 709 15
146 640 221 705 belli
237 639 370 703 liberum
384 638 581 700 seiunctum
593 636 840 719 inuiolatumque
851 635 927 699 hinc
939 634 1087 701 dimitto!
1107 644 1174 701 tunt

145 732 291 809 Mucius,
314 732 408 815 quasi
423 753 626 795 remunerans
644 731 805 807 meritum,
829 728 1119 813 ‘qnandoquidem’
1133 730 1174 794 in·

147 828 216 912 quit
233 836 297 891 ‘est
313 825 400 910 apud
416 846 448 888 te
465 826 573 888 uirtuti
590 825 706 901 honos,
728 846 764 888 ut
781 825 936 889 beneficio
952 823 1066 889 tuleris
1083 848 1106 888 a
1120 845 1173 901 me,
1211 864 1213 885 .

147 921 235 1007 quod
255 922 348 984 minis
366 920 517 1003 nequisti:
544 922 676 984 treceni
696 921 931 984 coniurauimus
952 919 1115 1005 principes
1134 919 1175 983 iu·

96 1038 130 1086 ις
146 1016 285 1081 venturis
298 1014 472 1090 Romanae,
490 1036 525 1077 ut
534 1014 736 1078 intehactia
750 1036 977 1100 grassaremur.
999 1036 1076 1078 mea
1082 1013 1174 1100 prims

148 1132 218 1175 sors
234 1110 305 1186 fnit,
323 1110 428 1185 ceteri,
447 1130 616 1192 utcumque
634 1109 781 1172 ceciderit
796 1108 900 1194 primi,
917 1107 1026 1192 quoad
1041 1118 1076 1171 te
1092 1130 1174 1195 opor-

147 1216 260 1269 tunnm
276 1204 403 1267 fortuna
419 1203 549 1279 dederit,
568 1226 627 1266 suo
644 1203 778 1286 quisque
796 1223 936 1287 tempore
953 1201 1113 1266 aderunt'

115 1323 129 1367 1
212 1297 312 1363 XlII.
338 1297 485 1361 Mucium
497 1298 673 1371 dimissum,
691 1298 743 1360 cui
755 1318 866 1381 postea
877 1294 1083 1361 Scaevolaea
1095 1295 1173 1361 clade

148 1393 277 1458 dume
289 1415 402 1456 manus
416 1414 592 1478 cognomen
605 1391 748 1466 inditum,
766 1391 863 1476 legati
874 1413 894 1453 a
901 1389 1041 1453 Porsina
1047 1389 1172 1456 Romam

115 1508 131 1554 s
150 1489 249 1552 secuti
263 1508 351 1563 snnt;
368 1487 449 1550 adeo
462 1506 601 1549 moverat
615 1507 688 1548 eum
701 1506 732 1548 et
745 1485 839 1569 primi
850 1483 982 1569 periculi
994 1506 1103 1562 casus,
1118 1505 1173 1568 qno

149 1581 227 1645 nihil
245 1603 279 1644 se
296 1602 421 1665 praeter
437 1602 574 1644 errorem
590 1579 781 1643 insidiatoris
799 1579 944 1655 texisset,
967 1594 1001 1642 et
1018 1576 1172 1645 sabauda

150 1675 310 1738 dimicatio
326 1675 451 1750 totiens,
469 1694 546 1757 quot
564 1674 716 1737 coniurati
730 1682 940 1757 superessent,
956 1682 995 1735 ut
1005 1673 1099 1757 pacis
1108 1691 1170 1737 mn·

117 1791 133 1837 3
151 1769 291 1832 diciones
313 1767 397 1831 ultro
413 1768 509 1832 ferret
525 1767 689 1831 Romanis.
725 1768 876 1830 iactatum
891 1767 926 1830 in
942 1764 1171 1832 condicionibus

149 1864 342 1946 nequiquam
364 1863 404 1925 de
423 1862 603 1944 Tarquiniis
625 1863 660 1925 in
680 1885 814 1947 regnum
834 1860 1054 1938 restituendis,
1081 1857 1171 1946 magi!

149 1959 225 2040 quia
240 1958 275 2019 id
290 1978 407 2041 negare
425 1957 493 2040 ipse
510 1957 692 2038 nequiverat
707 1956 898 2039 Tarquiniis,
915 1977 1014 2039 quam
1030 1954 1190 2039 quodne·

115 2074 134 2117 4
151 2072 261 2136 gatnm
277 2051 316 2112 iri
333 2049 395 2114 sibi
412 2049 453 2113 ab
470 2050 622 2113 Romanis
639 2051 806 2135 ignoraret.
841 2051 882 2114 de
898 2071 978 2136 agro
993 2047 1170 2115 Veientibus

150 2144 344 2209 restituendo
372 2144 574 2228 impetratum
604 2166 816 2229 expressaque
849 2144 1025 2208 necessitas
1056 2142 1169 2209 obsita

153 2238 249 2302 dandi
264 2237 430 2314 Romanis,
448 2239 477 2302 si
487 2237 630 2302 Ianiculo
645 2239 839 2323 praesidium
851 2237 967 2301 deduci
979 2237 1106 2302 vellent.
1129 2234 1167 2299 bit
1211 2264 1213 2271 ·

152 2332 390 2397 condicionibus
413 2334 576 2418 conposita
593 2355 686 2417 pace,
713 2333 884 2395 exercitum
906 2331 948 2396 ab
968 2331 1113 2397 Ianiculo
1126 2330 1168 2393 dt·

118 2449 134 2494 5
152 2426 241 2490 duxit
258 2425 392 2491 Porsina
409 2446 440 2490 et
458 2450 536 2513 agro
552 2427 698 2490 Romano
716 2426 861 2490 excessit.
895 2435 1004 2510 patres
1018 2424 1060 2490 C.
1073 2420 1167 2488 Mucio

150 2519 274 2584 uirtutis
301 2543 396 2583 cansa
423 2540 509 2584 trans
532 2520 672 2583 Tiberim
699 2542 811 2603 agnum
836 2519 920 2582 dono
945 2518 1078 2595 dedere,
1103 2532 1167 2600 quat

150 2632 261 2699 postea
279 2634 351 2677 sunt
369 2613 479 2676 Mucia
496 2634 587 2697 prata
604 2613 770 2697 appellata.

117 2728 133 2775 6
215 2707 305 2792 Ergo
313 2708 357 2769 ita
369 2707 521 2770 honorata
534 2708 648 2769 rirtute
661 2707 796 2769 feminae
809 2728 935 2789 quoque
944 2706 987 2769 ad
994 2706 1120 2791 publica
1126 2702 1168 2767 de·
1210 2710 1213 2723 ¹

153 2822 226 2863 cora
248 2801 412 2862 excitatae.
449 2820 479 2862 et
498 2799 634 2875 Cloelia,
658 2801 748 2884 virgo
765 2823 829 2863 una
847 2822 888 2863 ex
909 2799 1092 2877 obsidibus,
1111 2815 1168 2863 cum
1211 2802 1213 2807 ’

153 2912 255 2955 casn-a
271 2893 480 2957 Etruscorum
502 2894 582 2957 sorte
604 2893 690 2956 hand
710 2893 820 2978 procul
840 2895 909 2977 ripa
931 2893 1060 2958 Tiberis
1083 2893 1168 2959 tono
1211 2896 1213 2909 '

153 3006 268 3061 essent,
286 2986 435 3050 frustrata
448 2988 606 3063 custodes,
624 2987 690 3050 dux
703 2988 838 3073 agminis
851 2988 1011 3073 virginum
1023 2988 1108 3052 inter
1120 2980 1169 3049 ἰὼ
1210 3000 1213 3019 ⁵

152 3082 290 3145 hostium
313 3082 454 3146 Tiberim
476 3084 609 3146 tranauit
632 3083 830 3166 sospitesque
852 3104 962 3146 omnes
983 3073 1169 3146 Romamad

121 3199 135 3242 τ
153 3177 345 3263 propinquos
363 3179 509 3241 restituit.
540 3177 627 3260 quod
643 3176 698 3240 ubi
715 3177 784 3261 regi
800 3176 979 3238 nuntiatum
996 3186 1056 3253 est,
1074 3175 1172 3261 primo,

153 3273 299 3335 incensus
316 3273 377 3349 ira,
396 3290 534 3336 oratores
552 3271 688 3334 Romam
705 3271 791 3333 misit
808 3271 850 3333 ad
868 3268 1025 3334 Cloeliam
1042 3268 1173 3335 obsidem

119 3383 134 3428 s
153 3365 393 3447 deposcendam,
411 3366 488 3428 alias
501 3365 588 3427 hand
599 3365 707 3449 magni
721 3365 841 3439 facerc3
858 3364 982 3440 deinde,
999 3364 1035 3426 in
1052 3362 1175 3427 admire

154 3457 272 3520 tionem
288 3481 410 3536 tersus,
429 3482 524 3543 snpra
539 3457 677 3522 Coclites
690 3457 880 3540 Muciosque
893 3458 999 3521 dicere
1011 3458 1046 3522 id
1063 3457 1177 3522 facinus

154 3572 224 3614 esse
246 3568 278 3615 et
296 3574 373 3637 prae
401 3575 435 3617 se
461 3553 558 3628 ferre,
593 3553 873 3635 quemadmodum,
907 3552 937 3616 si
962 3574 1029 3616 non
1054 3552 1179 3618 dedatur
1211 3540 1213 3629 ξ

154 3643 263 3722 obses,
288 3669 347 3730 pro
367 3668 460 3732 rupto
481 3648 595 3711 foedus
618 3669 653 3711 se
675 3647 868 3723 habiturum,
896 3647 942 3710 sic
961 3648 1105 3712 deditam
1126 3645 1181 3732 [m-
1211 3656 1213 3665 '

120 3756 136 3803 s
155 3737 285 3825 tactam]
299 3741 542 3823 inuiolatamque
555 3741 597 3804 ad
610 3764 685 3805 snos
697 3741 914 3804 remissurum.
939 3741 1102 3825 utrimque
1115 3761 1182 3806 con-

155 3834 233 3897 stitit
254 3833 348 3899 fides:
374 3855 405 3899 et
422 3835 559 3898 Romani
579 3836 696 3921 pignus
718 3836 807 3920 pacis
828 3857 870 3898 ex
890 3834 1023 3900 foedere
1042 3837 1184 3903 restitue·

153 3942 226 3995 runt
238 3942 270 3994 et
283 3931 369 4015 apud
380 3954 486 4017 regem
496 3931 667 3994 Etruscum
679 3953 743 3994 non
751 3944 818 3993 tuta
828 3929 943 4007 solum,
961 3931 1022 3996 sed
1033 3930 1185 3997 honorata

155 4026 250 4090 etiam
271 4025 370 4089 nrtns
388 4025 447 4088 fuit
464 4025 685 4107 laudatamque
702 4024 856 4108 virginem
876 4034 967 4109 parte
984 4024 1138 4090 obsidum
1154 4043 1186 4089 se
