2566 4524
145 240 208 307 302
411 252 528 307 LIBER
544 250 581 320 V,
599 250 641 306 52.
654 250 697 305 53.
718 251 902 322 [aua364]
989 290 993 297 -

145 433 246 497 nuper
266 410 300 475 in
321 408 480 476 Aventino
502 432 597 492 quam
622 409 740 496 insigni
767 407 808 474 ob
835 408 991 475 excellens
1014 415 1135 472 manunt·
1189 400 1197 482 ᾗ

96 516 126 566 11
145 521 215 563 rum
242 497 380 562 studium
403 494 579 578 celebrique
602 495 747 560 dedicata
774 505 823 560 est
844 493 911 559 diei
948 493 1012 559 Aio
1032 491 1159 558 Locutio·
1193 504 1197 511 '

147 582 297 683 templum
314 597 442 682 propter
459 581 625 645 caelestem
643 603 753 645 vocem
772 580 952 645 exauditam
969 580 1003 644 in
1013 579 1095 645 Nora
1105 577 1142 642 ria

145 670 296 733 iussimus
319 668 399 744 fiem3
428 665 622 750 Capitolinos
644 666 736 731 ludos
759 664 964 731 sollemnibus
991 665 1056 731 aliis
1079 662 1170 729 add·

147 755 251 819 dimus
274 753 352 817 colle
377 753 503 835 'umque
525 753 566 816 ad
587 753 621 816 id
642 775 760 816 novum
781 773 842 817 auc
855 773 909 816 ore
935 760 1046 817 senmu
1065 748 1147 815 condi-

96 860 128 907 12
147 840 264 903 dimus:
292 839 347 921 qui
385 839 497 902 horum
515 860 594 922 opus
612 837 673 902 fuit
690 838 822 923 suscipi,
851 837 879 901 si
896 858 961 901 una
982 859 1053 901 cum
1069 833 1148 901 Gallis

147 923 257 989 urbem
273 924 449 989 Romanam
467 923 603 987 relicturi
621 923 753 1000 fuimus,
780 923 890 988 sinon
910 922 1069 988 voluntate
1082 942 1149 985 mm·

148 1011 245 1075 simus
263 1011 296 1074 in
314 1009 470 1094 Capitolio
488 1030 544 1093 per
561 1018 607 1072 tot
624 1031 749 1073 menses
767 1007 955 1085 obsidionis,
975 1008 1004 1073 si
1020 1007 1060 1073 ab
1074 1005 1151 1071 bosti-
1175 1070 1179 1075 .

96 1116 128 1163 13
146 1096 206 1161 bus
225 1105 311 1160 metu
327 1095 440 1160 retenti
458 1095 587 1158 sumus?
604 1094 643 1158 de
662 1094 759 1159 sacris
772 1093 929 1176 loquimur
942 1103 975 1158 et
988 1095 1028 1159 de
1040 1091 1151 1178 templis.

147 1183 223 1267 quid
246 1182 391 1246 tandem?
430 1181 469 1244 de
496 1180 709 1245 sacerdotibus
736 1202 840 1243 nonne
867 1179 900 1242 in
926 1190 1065 1244 mentem
1088 1176 1154 1242 veuit
1167 1198 1178 1231 ’-

147 1278 299 1351 quantum
316 1267 432 1353 piaculi
449 1265 677 1330 committatur?
707 1264 889 1330 Vestalibus
911 1288 1026 1351 nempe
1043 1287 1103 1330 una
1115 1262 1156 1327 ills

148 1355 239 1418 sedes
257 1362 319 1428 est,
347 1375 387 1417 ex
404 1374 467 1436 qua
484 1352 561 1415 nihil
578 1374 728 1435 umquam
749 1361 969 1436 praeterquam
990 1350 1066 1417 urbs
1083 1356 1161 1434 <rapta¹

147 1439 254 1504 movit.
299 1438 418 1503 flamini
434 1437 522 1501 Diali
543 1447 667 1501 noctem
689 1460 786 1503 unam
806 1459 933 1501 manere
956 1447 1046 1502 extra
1065 1434 1169 1501 urben·

146 1525 236 1588 nefas
256 1535 317 1587 est:
340 1524 398 1587 hos
416 1523 567 1587 Veientes
588 1545 646 1606 pro
663 1522 816 1587 Romanis
838 1523 953 1588 factmi
976 1523 1052 1589 estis
1074 1542 1169 1587 saum·

98 1628 131 1674 14
149 1609 256 1673 dotes?
287 1620 318 1672 et
339 1608 485 1673 Vestales
512 1618 583 1672 tuae
611 1618 640 1673 te
668 1609 824 1685 deserent,
852 1607 972 1673 Vesta?
994 1619 1038 1686 ,et
1063 1609 1174 1673 llam·

147 1716 278 1779 peregre
299 1694 468 1759 habitando
490 1694 523 1757 in
545 1694 685 1779 singulas
707 1704 815 1758 noctes
837 1702 961 1758 tantum
984 1695 1046 1759 sibi
1069 1694 1170 1777 reiqua-

98 1799 130 1845 15
148 1779 292 1866 publicae
310 1779 425 1865 piaculi
443 1779 622 1844 contrahet?
643 1780 719 1862 quid
736 1779 810 1855 alia,
830 1802 911 1862 quae
929 1781 1091 1866 auspicato
1106 1777 1158 1865 agi-

146 1889 217 1930 mus
237 1867 338 1929 omnia
358 1865 423 1929 fere
441 1864 522 1929 intra
538 1866 727 1950 pomerium,
746 1865 797 1929 cui
815 1864 965 1930 oblivioni
983 1876 1038 1930 aut
1055 1865 1104 1930 cui
1117 1884 1159 1929 ne·

99 1969 129 2016 16
148 1952 324 2037 glegentiae
347 1951 477 2014 damus?
508 1951 633 2014 comitia
655 1951 785 2026 curiata,
814 1972 895 2034 quae
916 1973 985 2015 rem
1012 1952 1175 2035 militam:

149 2036 316 2112 continent,
335 2034 460 2099 comitia
478 2036 658 2112 centuriata,
677 2036 792 2119 quibus
807 2035 952 2100 consides
972 2037 1169 2119 tribunosque.

148 2120 296 2185 militares
324 2120 449 2197 creatis,
477 2120 532 2185 ubi
557 2122 732 2206 auspicato,
758 2121 819 2186 nisi
845 2120 901 2186 ubi
927 2123 1083 2201 adsolent,
1107 2118 1159 2186 lieri

99 2227 129 2273 17
149 2207 301 2292 possunt?
322 2205 460 2271 Veiosne
479 2206 557 2271 haec
575 2208 798 2271 transferemus
816 2231 856 2271 an
871 2208 1069 2273 comitiorum
1082 2227 1159 2272 canu

146 2293 283 2378 populus
301 2302 387 2357 tanto
405 2293 603 2358 incommodo
620 2293 654 2356 in
671 2293 828 2358 desertam
845 2292 927 2357 hanc
945 2293 986 2359 ab
1010 2295 1059 2360 dis
1076 2291 1158 2359 bomi-

149 2379 305 2461 nibusque
323 2379 433 2444 urbem
451 2378 633 2442 conveniet?
1170 2408 1173 2415 ·

115 2486 128 2530 1
211 2465 307 2530 LIII.
349 2463 415 2529 Sed
432 2487 481 2529 res
499 2466 569 2549 ipsa
592 2465 676 2550 cogit
693 2473 816 2528 vastam
837 2465 992 2530 incendiis
1014 2466 1174 2548 ruinisque·

147 2551 322 2634 relinquere
339 2550 450 2615 urbem
468 2562 499 2615 et
517 2551 557 2614 ad
574 2551 696 2635 integra
718 2551 823 2615 omnia
839 2550 938 2616 Veios
960 2552 1096 2638 migrare
1113 2568 1161 2615 nee

114 2657 129 2703 2
148 2637 199 2701 hic
217 2636 409 2701 aedificando
426 2637 552 2721 inopem
569 2635 694 2721 plebem
707 2658 831 2700 vexare.
854 2636 936 2700 hanc
950 2646 1057 2701 autem
1069 2631 1159 2701 iactan'

148 2722 249 2808 magis
268 2744 396 2786 oausam
415 2743 509 2803 quam
527 2743 634 2785 veram
652 2743 731 2798 esse,
751 2731 785 2784 ut
799 2744 858 2806 ego
871 2744 936 2786 non
949 2723 1063 2800 dicam,
1082 2740 1160 2806 appo·

147 2830 215 2871 rore
234 2805 338 2883 vobis,
359 2805 507 2887 Quirites,
527 2819 613 2890 puto,
633 2807 686 2889 qui
704 2808 901 2884 meministis,
920 2817 994 2872 ante
1013 2806 1159 2873 Gallorum

148 2893 317 2955 adventum
344 2892 439 2955 salvis
458 2892 547 2956 tectis
569 2892 703 2977 publicis
726 2893 933 2977 privatisque,
963 2902 1066 2958 stante
1090 2892 1158 2957 ineo·

148 2977 226 3041 lumi
242 2976 319 3041 urbe
342 2978 422 3041 hano
445 2978 576 3042 eandem
594 3001 659 3042 rem
678 2989 778 3043 actam
798 3000 882 3056 esse,
906 2992 941 3042 ut
958 2977 1059 3045 Veios
1076 2988 1157 3043 trans·

115 3083 130 3131 a
149 3063 364 3150 migraremus.
409 3073 440 3127 et
457 3064 574 3140 videte,
602 3072 752 3146 quantum
771 3064 851 3128 inter
868 3086 972 3129 meam
992 3063 1159 3130 sententiam

149 3161 347 3233 vestramque
364 3149 495 3227 intersit,
514 3149 638 3213 tribuni.
675 3171 742 3226 vos,
761 3150 883 3213 etiamsi
901 3160 977 3215 tuno
995 3149 1159 3215 faciundum

147 3259 211 3300 non
228 3236 335 3312 fuerit,
355 3258 437 3299 nuno
456 3235 562 3317 utique
580 3235 759 3299 faciendum
775 3236 906 3320 putatis:
930 3258 991 3336 ego
1010 3245 1115 3301 contro
1128 3266 1157 3280 ·

147 3343 206 3385 nec
223 3322 256 3384 id
274 3321 376 3384 mirati
394 3321 471 3398 sitis,
490 3322 673 3405 priusquam
691 3319 782 3403 quale
797 3321 837 3385 sit
851 3321 1012 3386 audientis
1026 3360 1069 3370 -
1083 3319 1158 3386 etim

150 3407 261 3469 situm
283 3407 481 3491 migrandum
502 3406 616 3470 fuisset
636 3406 784 3469 incolumi
807 3415 872 3470 tota
894 3406 986 3484 urbe,
1013 3429 1097 3473 nuno
1114 3404 1157 3469 hu

114 3510 131 3558 4
148 3490 255 3555 ruinas
272 3491 491 3573 relinquendas
509 3515 572 3556 non
591 3514 759 3556 censerem.
796 3492 911 3577 quippe
926 3502 995 3556 tum
1013 3510 1158 3558 oaumno·

149 3575 198 3640 bis
224 3576 258 3639 in
283 3576 393 3641 urbem
419 3587 542 3663 captam
569 3577 724 3663 migrandi
750 3577 880 3642 victoria
910 3592 1010 3656 esset,
1062 3576 1158 3644 torino

148 3660 240 3726 nobis
263 3685 300 3726 ac
321 3664 454 3747 posteris
476 3663 605 3741 nostris3
632 3685 715 3727 nuno
736 3662 814 3727 haec
837 3663 982 3750 migratio
1005 3603 1095 3730 nobis
1114 3657 1158 3726 mi·

114 3768 219 3815 asera
241 3770 278 3813 ac
300 3749 412 3834 turpis,
442 3747 542 3814 Gallis
561 3749 697 3836 gloriosa
720 3760 775 3813 est.
820 3750 991 3815 nonenim
1012 3747 1157 3832 reliqui&

147 3834 295 3912 victores,
323 3836 380 3899 sed
402 3835 545 3900 amisisse
571 3835 645 3899 vioti
671 3835 803 3920 patriam
829 3834 1022 3914 videbimus;
1048 3825 1157 3900 hooud

148 3917 255 3984 Aliam
269 3921 356 4020 fuga,
375 3920 435 3985 hoc
449 3930 540 4005 capta
552 3921 638 3999 urbs,
657 3921 717 3985 hoo
731 3922 974 3987 circumsessum
984 3916 1155 4007 Capitolium
1182 3994 1185 3999 Ι

147 4006 342 4071 necessitaus
364 4006 554 4093 inposuisse,
582 4016 617 4071 ut
643 4008 857 4073 desereremus
883 4017 1014 4094 penates
1040 4013 1154 4075 nostroe
