2566 4524
246 336 250 342 .
326 257 444 313 amau
460 258 531 330 vu,
548 259 590 316 ae.
603 258 647 316 aa
668 257 819 332 [acea]
1017 254 1089 321 385

65 422 177 487 nicant
193 416 319 496 hastae,
337 414 496 503 patefacta
513 425 618 505 strage
630 426 722 484 vasta
734 419 886 486 cemetis.'
913 421 991 488 haec
1005 424 1089 492 diota
1108 447 1138 496 11

65 516 201 594 lederat,
224 535 298 580 cum
315 511 436 598 equites
455 511 593 578 consulis
610 511 700 578 iussu
718 513 896 580 discurrunt
916 517 949 582 in
972 541 1088 586 cornua

65 608 298 698 egionibusqne
322 606 358 672 iu
381 605 520 672 mediam
541 606 641 673 aciem
664 607 808 695 aperiunt
828 609 923 676 viam.
965 613 1087 699 primus

65 704 198 770 »mnium
220 700 332 769 consul
352 699 473 767 invadit
493 699 618 768 hostem
639 711 761 769 etcum
778 704 940 790 quoforte
957 708 1088 774 contulit

65 799 205 889 gradum,
228 796 404 888 obtruncat.
439 794 500 862 hoc
518 795 697 882 spectaculo
714 799 840 865 accensi
856 799 967 867 dextra
982 801 1088 870 laeva-
1106 823 1138 873 12

65 917 115 980 pue
136 900 213 959 ante
236 913 271 958 se
292 890 427 977 quisquc
448 892 686 957 memorandum
707 892 862 979 proelium
888 895 958 962 ciet.
1002 907 1087 964 stant

65 988 164 1056 >bnixi
183 984 358 1066 Samnites,
385 1007 576 1071 quamquam
597 985 689 1073 plura
711 987 869 1074 accipiunt
889 1011 985 1074 quam
1006 990 1088 1059 infe·

65 1092 126 1148 unt
142 1080 285 1148 vulnera.
322 1079 515 1165 aliquamdiu
531 1080 594 1146 iam
611 1091 787 1169 pugnatum
804 1093 885 1162 erat,
908 1094 997 1151 atrox
1014 1107 1087 1152 cae·
1104 1108 1136 1157 ra

65 1178 110 1244 les
128 1177 214 1243 circa
233 1175 324 1264 signa
343 1173 547 1254 Samnitium,
565 1175 644 1264 fuga
661 1176 701 1241 ab
719 1177 880 1244 nulladum
897 1190 987 1266 parte
1004 1190 1084 1247 erat:

65 1273 134 1338 adeo
155 1279 258 1336 morte
280 1269 348 1336 sola
368 1269 453 1335 vinci
474 1269 706 1336 destinaverant
727 1271 848 1338 animis.
892 1273 998 1358 itaque
1019 1273 1137 1344 Ro-14

65 1367 153 1446 uani,
174 1387 247 1431 cum
265 1373 297 1430 et
313 1364 410 1430 fluere
427 1364 491 1430 iam
509 1364 693 1435 lassitudine
710 1364 793 1432 vires
812 1366 961 1433 sentirent
979 1377 1010 1434 et
1023 1369 1085 1435 diei

65 1462 141 1528 haud
152 1460 289 1526 multum
302 1482 477 1547 superesse,
496 1459 621 1526 accensi
632 1460 679 1526 ira
692 1461 847 1528 concitant
857 1482 891 1528 se
904 1462 937 1526 in
950 1461 1083 1529 hostem.

65 1566 122 1621 tum
143 1557 282 1642 primum
302 1555 412 1625 referri
433 1554 548 1640 pedem
569 1564 664 1640 atque
680 1555 824 1622 inclinari
839 1579 907 1623 rem
923 1557 956 1623 in
974 1557 1085 1646 fugam
1103 1578 1135 1629 15

65 1653 210 1740 apparuit,
224 1661 292 1717 tum
305 1650 386 1738 capi,
400 1649 501 1717 occidi
511 1647 653 1731 Samnis3
670 1672 730 1718 nec
743 1651 972 1738 superfuissent
983 1654 1083 1733 multi,

65 1748 87 1812 ri
102 1770 170 1812 nox
186 1744 349 1811 victoriam
366 1744 469 1832 magis
486 1765 582 1831 quam
595 1745 748 1832 proelium
761 1746 947 1812 diremisset
974 1757 1006 1813 et
1018 1748 1085 1814 Ro·
1104 1770 1135 1819 16

65 1841 141 1908 nani
157 1841 347 1919 fatebantur,
365 1861 537 1925 numquam
551 1862 624 1906 cum
636 1839 841 1927 pertinaciore
854 1839 945 1906 hoste
958 1841 1085 1908 conflic-

65 1959 139 2016 um,
156 1945 189 2001 et
202 1932 371 2014 Samnites,
391 1956 463 2000 cum
476 1944 685 2020 quaereretur,
703 1957 860 2020 quaenam
871 1937 973 2022 prima
986 1958 1085 2003 causa

65 2052 123 2097 am
136 2027 309 2097 obstinatos
321 2029 473 2097 movisset
485 2029 519 2095 in
531 2028 656 2116 fugam,
674 2029 782 2097 oculos
797 2029 858 2097 sibi
867 2031 1084 2098 Romanorum
1103 2053 1134 2101 1⁷

65 2125 164 2191 cdere
190 2125 278 2191 visos
303 2122 430 2190 aiebant
454 2145 651 2208 vesanosque
673 2124 780 2191 vultus
803 2134 835 2190 et
856 2124 992 2192 furentia
1014 2150 1082 2206 cra3

65 2219 128 2285 nde
144 2219 219 2306 plus
235 2239 332 2307 quam
349 2238 388 2285 ex
406 2216 468 2284 alia
484 2217 549 2282 ulla
565 2239 599 2283 re
617 2219 742 2285 terroris
761 2227 874 2284 ortum.
910 2242 1004 2303 quem
1022 2230 1084 2285 ter-

65 2334 158 2381 urem
174 2336 241 2380 non
252 2334 379 2401 pugnae
392 2312 495 2380 solum
508 2322 635 2391 eventu,
655 2312 713 2378 sed
725 2321 878 2379 nocturna
889 2312 1083 2398 profectione

65 2407 195 2476 confessi
217 2417 299 2474 sunt.
343 2417 469 2495 postero
488 2406 538 2472 die
556 2407 663 2472 vacuis
680 2406 820 2472 hostium
838 2407 949 2473 castris
965 2406 1084 2473 Roma-
1103 2427 1134 2477 18

65 2526 114 2570 rus
131 2503 259 2590 potitur,
271 2521 345 2587 'quo
364 2523 398 2569 se
415 2501 518 2569 omnis
537 2499 772 2588 Campanorum
789 2500 955 2573 multitudo
976 2510 1083 2588 gratu-
1117 2569 1119 2576 ,

65 2595 195 2663 ¹abunda
212 2597 332 2662 effudit.
514 2662 519 2669 .

116 2690 311 2758 xxxrffl.
340 2689 490 2760 Ceterum
501 2690 564 2758 hoc
575 2689 727 2779 gaudium
744 2713 860 2778 magua
876 2710 973 2777 prope
993 2690 1081 2755 clade
1102 2712 1114 2760 1

65 2809 87 2852 n
104 2783 238 2854 Samnio
256 2785 417 2854 foedatum
435 2795 492 2851 est
523 2807 598 2852 nam
615 2785 655 2853 ab
671 2783 813 2853 Saticula
827 2784 988 2873 profectus
1004 2783 1083 2851 Ocr-

65 2880 156 2948 relius
174 2881 286 2948 consul
303 2880 475 2948 exercitum
491 2882 616 2948 incauta
632 2881 667 2946 in
685 2881 800 2948 saltum
818 2904 897 2948 cava
913 2881 994 2946 valle
1011 2902 1083 2969 per-

65 2974 142 3042 dum
159 2975 305 3061 circaque
322 2976 480 3042 insessum
498 2976 538 3042 ab
555 2976 647 3058 hoste
659 2974 797 3055 induxit,
815 2996 874 3042 nec
886 2975 973 3061 prius
987 2997 1082 3060 quam
1101 2997 1120 3062 2

65 3070 152 3158 enipi
169 3079 238 3153 tuto
255 3071 349 3159 signa
364 3092 429 3137 non
444 3080 601 3158 poterant,
623 3071 829 3135 inminentem
845 3069 941 3154 capiti
957 3068 1081 3145 hostem

65 3162 143 3230 uidit.
168 3165 247 3230 dum
263 3166 298 3230 id
310 3185 417 3232 morae
432 3162 627 3232 Samnitibus
645 3173 707 3243 est,
726 3163 830 3248 quoad
847 3170 947 3227 totum
965 3161 998 3225 in
1015 3161 1077 3226 vah
1100 3183 1115 3231 3

65 3255 117 3326 {em
128 3258 271 3339 infimam
284 3259 460 3327 demitteret
472 3281 595 3348 agmen,
609 3258 648 3324 P.
657 3257 779 3326 Decius
792 3256 936 3324 tribunus
949 3254 1083 3320 militum

65 3353 209 3442 conspicit
220 3377 319 3420 unum
333 3354 452 3421 editum
463 3355 497 3420 in
506 3354 588 3421 saltu
597 3354 718 3432 collem,
732 3352 936 3419 inminentem
944 3347 1082 3415 hostium
1116 3438 1120 3443 ⁵

65 3449 181 3530 astris,
199 3449 287 3516 aditu
304 3450 437 3516 arduum
454 3449 593 3536 inpedito
605 3448 737 3538 agmini,
756 3445 909 3535 expeditis
922 3443 1009 3510 haud
1022 3443 1082 3515 dif-

65 3538 177 3611 icilem.
212 3545 320 3630 itaque
341 3544 463 3621 consuli
485 3542 591 3610 territo
613 3543 709 3610 animi
733 3542 876 3609 ‘videsne
894 3539 953 3619 tu,'
980 3539 1116 3624 inquit4

65 3638 105 3707 Ἇ.
120 3639 265 3721 Corneli,
283 3661 434 3708 cacumen
450 3631 529 3705 illud
545 3661 642 3727 supra
657 3637 800 3705 hostem?
816 3660 873 3716 arx
884 3635 938 3702 illa
953 3643 1001 3701 est
1015 3635 1083 3720 spei
1098 3684 1103 3725 .·

65 3735 229 3821 talutisque
245 3745 386 3815 nostrae,
405 3735 433 3800 si
450 3757 534 3814 eam,
553 3734 702 3820 quoniam
720 3732 805 3799 caeci
822 3732 974 3817 reliquere
989 3726 1082 3794 sam.

65 3828 147 3911 uites,
165 3830 291 3918 inpigre
303 3829 454 3918 capimus.
480 3850 521 3894 ne
534 3837 569 3894 tu
581 3828 659 3895 mihi
670 3827 742 3915 plus
760 3849 856 3913 quam
874 3825 966 3891 unius
983 3821 1115 3909 legio-p

65 3923 100 3992 tia
111 3926 275 4014 principes
288 3925 491 4009 hastatosque
504 3924 644 4004 dederis3
662 3947 734 3990 cum
747 3923 862 4007 quibus
880 3920 935 3986 ubi
952 3936 1081 3982 evasero

65 4034 83 4087 n
100 4044 279 4102 summum,
295 4041 394 4109 perge
411 4019 485 4087 hinc
502 4020 588 4087 omni
604 4020 684 4086 liber
700 4027 787 4084 metu
804 4027 897 4103 teque
915 4023 947 4099 et
964 4009 1082 4077 exerci-

102 4139 241 4186 crnaom.
876 4113 912 4168 25

1037 4190 1190 4262 fl
