2566 4524
141 254 203 320 192
396 265 515 320 umus
532 265 590 334 111,
610 264 652 318 u.
666 263 707 317 aa.
727 263 910 333 [auseae]

138 432 323 503 certassent,
351 423 458 487 multis
484 423 620 487 invicem
646 421 788 487 cladibus
810 419 890 485 fessi
910 419 1046 486 iudicem
1063 440 1140 507 popu·

103 520 204 589 olum
220 518 401 584 Romanum
423 539 543 602 cepere.
585 516 719 580 eumad
741 538 870 580 causam
892 514 1044 580 orandam
1062 513 1144 579 venis·

137 626 221 692 sent,
244 612 377 678 concilio
394 611 503 698 populi
520 634 540 675 a
557 610 792 696 magistratibus
811 610 885 674 dato
906 631 1025 696 magna
1042 618 1145 675 conten

137 710 221 774 tione
239 718 354 774 actum.
389 707 515 790 iamque
533 707 624 771 editis
648 705 782 771 testibus
805 727 877 770 cum
895 704 997 770 tribus
1014 702 1149 770 vocariet

137 801 289 889 populum
306 801 385 865 inire
404 801 590 887 suffragium
604 810 770 885 oporteret,
789 799 953 885 consurgit
964 797 1005 863 P.
1021 795 1150 883 Scaptius

136 897 177 963 de
194 896 286 982 plebe
305 918 420 983 magno
437 907 513 960 natu
531 908 563 960 et
582 897 623 960 ‘si
641 895 736 972 licet,’
758 894 860 978 inquit
877 893 1056 972 ‘consules,
1078 894 1113 957 de
1125 912 1152 957 re

135 991 263 1078 publica
280 991 397 1068 dicere,
422 1013 523 1054 errare
542 1013 601 1076 ego
619 989 771 1076 populum
787 990 821 1052 in
838 988 899 1053 hac
917 1010 1016 1053 causa
1033 1010 1097 1053 non
1110 1008 1154 1073 pa-
1183 1066 1186 1071 Ι

102 1087 214 1154 rear?
250 1108 322 1151 cum
344 1095 380 1150 ut
401 1108 517 1149 vanum
539 1108 612 1150 eum
633 1094 786 1170 negarent
808 1083 954 1149 consules
978 1082 1155 1148 audiendum

137 1203 208 1246 esse
225 1181 522 1263 vociferantemque,
541 1179 631 1264 prodi
648 1179 808 1265 publicam
827 1200 968 1256 causam,
988 1174 1157 1243 submoveri
1183 1232 1186 1239 .

102 1297 117 1344 5
135 1276 317 1353 iussissent,
340 1273 482 1339 tribunos
502 1274 647 1359 appellat.
683 1273 814 1350 tribuni,
837 1282 872 1336 ut
890 1273 958 1337 fere
977 1293 1104 1359 semper
1117 1294 1157 1338 re·

135 1385 252 1457 guntur
269 1394 289 1435 a
307 1369 505 1434 multitudine
523 1369 625 1455 magis
644 1391 738 1453 quam
756 1376 884 1453 regimt,
902 1368 1020 1431 dedere
1039 1367 1159 1453 cupidae

101 1486 117 1534 6
136 1465 283 1529 audiendi
304 1463 403 1549 plebi,
431 1473 467 1527 ut
485 1484 565 1547 quae
582 1463 677 1528 vellet
696 1461 843 1548 Scaptius
866 1460 994 1526 diceret
1031 1461 1078 1527 ibi
1092 1460 1158 1538 infit,

136 1583 253 1625 annum
271 1583 305 1625 se
323 1561 449 1624 tertium
468 1570 499 1624 et
516 1560 745 1645 octogesimum
763 1580 857 1645 agere
875 1558 954 1622 etin
971 1580 1111 1645 eoagro,
1126 1556 1160 1621 dc

136 1678 198 1740 quo
217 1656 329 1742 agitur,
348 1655 499 1719 militasse
517 1677 580 1719 non
598 1655 754 1731 iuvenem,
772 1653 923 1718 vicesima
934 1653 1001 1717 iam
1016 1651 1159 1739 stipendia

135 1760 320 1827 merentem,
344 1772 416 1814 cum
435 1750 476 1814 ad
495 1747 638 1814 Coriolos
661 1749 703 1812 sit
724 1746 884 1812 bellatum.
921 1768 959 1811 eo
977 1768 1048 1811 rem
1066 1770 1099 1812 se
1113 1767 1160 1810 ve·

135 1853 251 1909 tustate
269 1843 493 1920 oblitteratam,
521 1853 660 1907 ceterum
679 1864 755 1906 suae
772 1840 942 1905 memoriae
964 1840 1097 1905 infixam
1112 1839 1159 1904 ad·

101 1939 230 2005 sferre:
262 1961 388 2023 agrum,
419 1939 459 2001 de
486 1958 548 2020 quo
574 1936 757 2022 ambigitur,
788 1935 898 1999 finium
928 1932 1158 2000 Coriolanorum
1184 1944 1187 1949 '

135 2033 235 2097 fuisse
258 2033 420 2116 captisque
444 2030 578 2096 Coriolis
601 2032 668 2096 iure
691 2030 766 2095 belli
786 2029 949 2116 publicum
972 2031 1084 2116 populi
1103 2028 1157 2093 Ro-

134 2128 220 2190 mani
237 2126 365 2190 factum.
401 2126 507 2190 mirari
526 2149 574 2203 se,
598 2149 734 2210 quonam
751 2148 837 2190 more
856 2125 1015 2191 Ardeates
1033 2123 1158 2191 Aricini-
1180 2204 1183 2209 Ι

136 2244 210 2305 que,
239 2220 327 2284 cuius
346 2220 414 2306 agri
431 2221 481 2283 ius
499 2242 672 2303 numquam
692 2219 913 2304 usurpaverint
933 2219 1088 2284 incolumi
1103 2216 1157 2283 Co·

134 2315 253 2380 riolana
269 2339 317 2392 re,
346 2337 418 2379 eum
437 2338 471 2379 se
489 2338 508 2379 a
525 2315 643 2400 populo
660 2315 819 2392 Romano,
845 2336 941 2398 quem
963 2336 1024 2399 pro
1043 2312 1154 2379 domino

99 2428 116 2476 8
134 2409 270 2473 iudicem
283 2410 422 2486 fecerint,
441 2409 666 2493 intercepturos
683 2419 817 2493 sperent.
845 2408 906 2473 sibi
920 2409 1075 2495 exiguum
1087 2408 1155 2471 vitae

134 2517 258 2589 tempus
278 2527 453 2589 superesse,
471 2525 535 2568 non
552 2504 693 2588 potuisse
711 2525 746 2567 se
765 2514 870 2567 tamen
886 2503 1039 2568 inducere
1057 2504 1089 2567 in
1101 2498 1154 2567 aul·

133 2622 235 2674 mum,
258 2600 348 2682 quin,
372 2621 466 2682 quem
484 2620 596 2682 agrum
614 2597 703 2661 miles
722 2620 779 2682 pro
796 2607 884 2682 parte
902 2597 986 2661 virili
1003 2620 1100 2661 manu
1112 2612 1153 2657 ee·

132 2694 241 2778 pisset,
261 2715 334 2756 eum
343 2715 439 2756 senex
453 2714 577 2775 quoque
591 2714 678 2768 voce,
698 2713 761 2775 qua
769 2715 832 2757 una
846 2704 965 2776 posset,
984 2692 1165 2756 vindicaret·

133 2808 324 2871 magnopere
343 2791 377 2849 se
397 2787 527 2849 suadere
544 2786 671 2872 populo,
690 2809 730 2850 ne
743 2786 845 2850 inutili
857 2787 979 2872 pudore
994 2809 1085 2851 suam
1096 2785 1151 2869 ipa

135 2902 263 2944 causam
282 2880 452 2942 damnaret.

101 2996 114 3042 1
197 2972 348 3036 LXXII.
386 2971 541 3037 Consules
561 2997 632 3038 cum
652 2972 815 3059 Scaptium
833 2998 897 3039 non
919 2974 1045 3041 silentio
1063 2970 1148 3043 modu

134 3066 190 3133 sed
208 3089 280 3132 cum
298 3068 435 3131 adsensu
454 3068 547 3131 etiam
565 3067 667 3131 audiri
684 3069 994 3146 animadvertissent,
1014 3069 1091 3133 deos
1106 3066 1148 3130 ho-

132 3163 295 3246 minesque
305 3174 466 3239 testantes,
490 3162 642 3246 flagitium
651 3163 764 3247 ingens
778 3163 854 3239 fieri,
872 3177 999 3247 patrum
1012 3164 1146 3248 primaru

96 3279 112 3325 2
132 3269 304 3322 arcessunt.
342 3280 414 3321 cum
432 3257 470 3321 iis
490 3258 652 3321 circumire
671 3257 784 3334 tribus,
808 3279 910 3334 orare,
933 3280 973 3322 ne
992 3259 1147 3344 pessimum

131 3352 255 3415 facinus
278 3353 382 3435 peiore
405 3350 548 3435 exemplo
567 3351 765 3415 admitterent
787 3352 906 3416 iudices
928 3352 962 3415 in
986 3376 1076 3417 suam
1096 3364 1165 3413 reu·

131 3444 219 3507 litem
241 3447 404 3522 vertend0,
433 3468 505 3508 cum
527 3446 724 3530 praesertim,
753 3447 846 3510 etiarn
870 3446 898 3508 si
920 3446 971 3511 fas
996 3448 1036 3511 sit
1057 3460 1145 3511 eurum

133 3539 333 3602 emolumenti
352 3540 401 3603 sui
418 3540 515 3604 iudici
533 3563 612 3616 esse,
631 3563 829 3624 nequaquam
843 3551 965 3604 tantum
980 3564 1057 3627 agro
1070 3541 1144 3603 intet-

133 3634 276 3717 cipiendo
294 3635 485 3717 acquiratur,
510 3648 661 3718 quantum
680 3637 839 3700 amittatur
861 3635 1035 3699 alienandis
1053 3628 1144 3698 iniat·

98 3747 114 3795 3
133 3727 287 3790 sociorum
305 3730 427 3794 animis.
464 3753 536 3792 nam
554 3731 658 3794 famae
676 3731 803 3813 quidem
821 3753 859 3795 ac
876 3731 950 3794 fidei
969 3732 1143 3795 damnant·

131 3820 199 3886 iora
216 3842 300 3898 esse,
324 3845 419 3904 quam
438 3845 518 3906 quae
541 3825 699 3888 aestimari
720 3835 859 3909 possent.
896 3825 957 3889 hoc
975 3824 1092 3911 legatos
1107 3837 1143 3883 re·

131 3915 212 3980 ferre
231 3915 373 3993 domum,
392 3916 452 3981 hoc
470 3918 605 4004 vulgari,
624 3918 684 3983 hoc
703 3920 803 3984 socios
822 3920 944 3997 audire,
964 3920 1025 3985 hcc
1041 3920 1142 3981 hostes

96 4029 115 4076 4
132 4030 194 4094 quo
208 4032 280 4076 cum
294 4011 400 4077 dolore
413 4011 482 4089 hos,
501 4035 563 4096 quo
582 4035 653 4077 cum
667 4014 783 4098 gaudio
801 4013 886 4078 illosl
907 4011 1076 4101 Scaptione
1086 4008 1141 4077 hot
