2566 4524
150 262 215 330 364
427 270 545 327 Lissa
561 271 631 342 vu,
649 270 690 325 14.
711 273 787 340 [au.
799 271 895 340 ease]

116 453 131 503 1
213 429 330 497 XIIII.
357 428 504 494 Dictator
516 449 706 512 quamquam
720 450 786 492 rem
799 426 917 493 bonam
932 427 1078 516 exemplo
1092 427 1166 496 haud

150 523 305 613 probabili
326 533 429 588 aotam
451 521 611 600 cernebat,
639 530 743 586 tamen
769 520 927 587 facturum
952 523 1041 606 quod
1064 523 1166 589 milites

150 619 267 685 vellent
285 641 319 683 se
336 617 467 703 recepit,
487 615 689 700 Tulliumque
703 624 839 695 secreto,
858 637 1017 700 quaenam
1033 616 1112 683 haec
1126 639 1166 684 res

117 734 133 782 a
152 713 193 780 sit
209 722 264 778 aut
281 733 344 796 quo
362 719 432 777 acta
448 733 549 789 more,
567 718 776 797 percontatur.
812 709 938 779 Tullius
953 734 1073 799 magno
1085 734 1165 799 opere

151 832 172 874 a
188 807 339 872 dictatore
356 814 475 892 petere,
497 826 538 870 ne
556 827 591 871 se
609 804 740 871 oblitum
758 805 942 891 disciplinae
959 806 1117 886 militaris,
1136 829 1165 872 ne

116 981 119 984 Δ
154 900 204 968 sui
232 921 313 966 neve
342 898 560 986 imperatoriae
589 898 762 965 maiestatis
793 899 951 966 crederet:
988 899 1164 966 multitudini

153 994 340 1072 concitatae,
357 1014 438 1078 quae
456 992 554 1058 ferme
572 991 752 1058 auctoribus
770 991 881 1058 similis
900 1002 1001 1072 esset,
1023 1016 1090 1061 non
1105 993 1163 1060 sub

152 1089 285 1154 traxisse
316 1109 351 1153 se
377 1088 504 1166 ducem,
539 1087 676 1170 nequis
703 1087 798 1165 alius,
833 1087 935 1170 qualis
961 1097 1051 1154 mota
1077 1109 1165 1154 creare

119 1182 319 1250 emultitudo
345 1181 474 1259 soleret,
505 1181 661 1247 existeret.
695 1177 770 1245 nam
796 1181 987 1266 sequidem
1012 1183 1092 1248 nihil
1114 1204 1165 1249 non

152 1275 278 1342 arbitrio
295 1276 491 1363 imperatoris
509 1285 666 1354 acturum3
683 1275 729 1339 illi
741 1297 867 1360 quoque
884 1285 991 1342 tamen
1009 1279 1166 1344 videndun

152 1392 268 1457 magno
294 1392 389 1457 opere
415 1392 501 1450 esse,
536 1379 572 1434 ut
602 1369 774 1434 exercitum
799 1370 832 1434 in
856 1379 1014 1455 potestate
1040 1371 1165 1438 haberet

152 1464 271 1529 differri
292 1487 357 1530 non
376 1486 471 1551 posse
494 1464 573 1530 adeo
591 1464 763 1529 concitatos
781 1464 913 1530 animos.
949 1465 1038 1552 ipsos
1058 1466 1118 1532 sibi
1131 1467 1167 1532 lo-

152 1579 225 1638 cum
251 1579 288 1623 ac
315 1567 438 1645 tempus
463 1558 626 1646 pugnandi
653 1568 847 1645 sumpturos,
875 1559 903 1624 si
924 1558 965 1624 ab
992 1560 1167 1646 imperatore

116 1670 135 1718 4
151 1673 215 1717 non
233 1652 332 1717 detur.
368 1653 445 1718 dum
462 1654 541 1718 haec
557 1652 739 1736 loquuntur,
762 1653 901 1718 iumenta
919 1653 1000 1718 forte
1017 1654 1168 1740 pascentio

152 1756 240 1816 extra
261 1747 379 1814 vallum
398 1745 492 1814 Gallo
514 1748 654 1834 abigenti
675 1747 738 1812 duo
760 1748 874 1813 milites
892 1747 1034 1814 ‚Romani
1056 1751 1168 1817 ademe-

151 1851 234 1906 runt.
269 1842 303 1907 in
324 1865 380 1908 eos
403 1864 481 1907 saxa
502 1843 643 1908 coniecta
664 1865 684 1907 a
702 1839 818 1921 Gallis,
842 1842 954 1908 deinde
977 1843 1018 1908 ab
1035 1843 1169 1910 Romana

119 1954 134 2002 5
153 1935 286 2000 statione
304 1935 421 2000 clamor
438 1945 524 2000 ortus
543 1957 580 2000 ac
595 1958 781 2022 procursum
798 1937 955 2020 utrimque
969 1946 1027 2002 est.
1056 1938 1169 2022 iamque

151 2027 238 2092 haud
253 2029 363 2114 procul
380 2029 463 2095 iusto
475 2030 657 2116 proeliares
671 2040 772 2110 erant,
791 2031 825 2095 ni
838 2031 979 2096 celeriter
991 2032 1169 2119 diremptum

154 2133 313 2188 certamen
332 2145 390 2210 per
412 2125 608 2191 centuriones
630 2135 724 2190 esset.
760 2125 924 2191 adfirmata
945 2136 1030 2192 certe
1048 2149 1087 2192 ao
1104 2147 1170 2192 casu

154 2213 240 2281 Tulli
261 2218 346 2304 apud
367 2217 550 2285 dictatorem
570 2218 650 2284 fides
673 2227 735 2297 est,
757 2240 817 2285 neo
832 2220 1003 2305 recipiente
1020 2221 1087 2307 iarn
1102 2220 1170 2285 dila·

153 2309 270 2375 tionem
299 2334 334 2378 re
363 2313 397 2377 in
426 2322 587 2400 posterum
613 2314 697 2378 diem
723 2313 854 2379 edicitur
879 2315 946 2380 acie
972 2324 1168 2402 pugnaturos.

119 2420 134 2471 6
152 2403 284 2470 dictator
305 2415 424 2485 tamen,
448 2416 483 2472 ut
504 2408 558 2491 qui
575 2408 677 2494 magis
696 2407 808 2472 animia
826 2430 922 2490 quam
939 2408 1061 2474 viribus
1080 2409 1169 2473 fretus

152 2499 194 2566 ad
211 2510 369 2566 certamen
385 2502 602 2580 descenderet,
621 2502 727 2567 omnia
744 2502 983 2588 circumspicere
1001 2511 1096 2588 atque
1113 2501 1171 2589 agi·

151 2604 218 2661 tare
240 2597 356 2681 coepit,
387 2606 423 2661 ut
449 2606 516 2662 arte
541 2597 645 2680 aliqua
671 2606 820 2662 terrorem
846 2597 991 2662 hostibus
1017 2598 1170 2663 incuteret.

154 2689 270 2754 sollerti
296 2690 493 2755 animarem
519 2714 633 2755 novam
661 2692 831 2778 excogitat,
863 2713 926 2775 qua
953 2692 1069 2756 deinde
1090 2688 1171 2756 multi

153 2784 252 2847 nostri
273 2792 367 2866 atque
389 2784 509 2848 externi
529 2785 746 2871 imperatores,
772 2794 881 2850 nostra
902 2806 1029 2869 quoque
1051 2786 1171 2870 quidam

121 2891 135 2938 t
154 2884 269 2953 aetate,
293 2875 343 2940 usi
361 2885 447 2941 sunt:
469 2878 562 2943 mulis
581 2888 678 2944 strata
695 2879 817 2944 detrahi
833 2878 920 2944 iubet
943 2879 1090 2964 binisque
1111 2890 1172 2943 tan·

154 2978 222 3032 tum
244 2971 438 3040 centunculis
459 2973 575 3038 relictis
598 2995 751 3059 agasones
773 2973 888 3059 partim
910 2973 1043 3060 captivis
1067 2973 1171 3060 partim

119 3076 135 3126 8
155 3084 320 3150 aegrorum
342 3066 436 3130 armis
463 3076 589 3132 ornatos
615 3067 745 3152 inponit.
780 3067 829 3131 his
855 3066 922 3132 fere
947 3067 1033 3132 mille
1061 3066 1171 3132 effectis

153 3167 279 3223 centum
300 3161 452 3226 admiscet
474 3161 594 3244 equites
617 3171 649 3226 et
665 3169 757 3225 nocte
775 3183 869 3246 super
886 3168 990 3225 castra
1006 3161 1040 3224 in
1058 3168 1171 3226 montes

153 3254 286 3319 evadere
307 3275 345 3320 ac
368 3255 455 3319 silvis
478 3276 512 3319 se
534 3254 691 3320 occultare
708 3254 795 3319 iubet
811 3276 914 3337 neque
931 3254 1006 3318 inde
1024 3263 1099 3320 ante
1115 3274 1172 3318 mo·

119 3359 135 3407 9
153 3348 219 3411 veri
236 3370 332 3430 quam
349 3348 390 3414 ab
408 3371 443 3414 se
461 3349 636 3435 acciperent
654 3349 789 3435 signum.
824 3348 907 3433 ipse,
929 3347 987 3413 ubi
1003 3346 1171 3426 inluxit,in

153 3440 311 3506 radicibus
333 3443 486 3508 montium
504 3443 670 3508 extendere
688 3443 787 3508 aciem
806 3442 908 3528 coepit
925 3442 1052 3521 sedulo,
1075 3452 1111 3508 ut
1125 3439 1171 3506 ad·

104 3546 137 3595 10
155 3555 265 3598 versus
288 3544 410 3600 montes
433 3537 618 3603 consisteret
639 3537 748 3602 hostis.
784 3537 935 3601 instructo
957 3538 1033 3602 vani
1056 3534 1170 3602 terroris

154 3636 320 3712 apparatu,
338 3630 393 3713 qui
406 3631 533 3715 quidem
551 3640 648 3696 terror
664 3630 736 3717 plus
753 3652 853 3716 paene
870 3630 953 3695 veris
971 3630 1093 3696 viribus
1109 3649 1170 3716 pro-

153 3719 227 3799 fuit,
249 3723 351 3809 primo
369 3725 495 3791 credere
512 3726 609 3791 duces
629 3723 807 3802 Gallorum,
830 3747 894 3789 non
916 3720 1168 3791 descensurosin

154 3837 289 3900 aequum
297 3817 469 3897 Romanos,
488 3818 614 3897 deinde,
633 3819 688 3884 ubi
701 3819 868 3904 degressos
881 3828 1012 3904 repente
1026 3818 1168 3888 viderunt

154 3920 185 3976 et
201 3911 262 3997 ipsi
279 3913 364 3977 avidi
381 3913 558 3978 certaminis
571 3914 604 3979 in
616 3913 769 3999 proelium
781 3921 890 4001 ruunt,
908 3912 1061 4000 priusque
1072 3926 1168 3999 pugna

154 4006 257 4092 coepit
273 4028 369 4092 quam
386 4007 512 4093 signum
529 4008 569 4073 ab
587 4007 719 4073 ducibus
739 4007 873 4072 daretur.
