2566 4524
144 267 207 334 276
376 278 493 334 LIBER
511 278 546 348 V,
565 276 607 332 24
621 276 663 332 25.
683 275 863 347 [auc.359.
875 275 940 347 360]

112 461 127 511 6
144 440 177 504 in
191 447 361 524 conspectu
375 436 429 514 sit,
448 435 573 501 uberior
585 434 778 520 ampliorque
792 433 937 500 Romano
951 432 1048 521 agro?
1064 431 1155 498 urbem

145 555 269 618 quoque
287 532 358 598 urbi
374 530 495 596 Romae
513 530 563 594 vel
582 529 645 595 situ
662 529 712 593 vel
730 529 965 614 magnificentia
981 528 1156 615 publicorum

112 651 126 697 7
145 629 399 714 privatorumque
422 636 574 690 tectorum
597 645 634 688 ac
656 624 795 688 locorum
817 624 1063 710 praeponebant.
1099 622 1157 706 quin

144 723 199 788 illa
224 743 349 806 quoque
376 719 457 785 actio
483 718 682 796 movebatur,
715 740 795 802 quae
820 730 893 804 post
919 732 1044 805 captam
1070 723 1157 805 utique

145 817 282 883 Romam
309 839 328 880 a
355 811 456 880 Gallis
484 813 668 878 celebratior
693 813 768 891 fuit,
800 814 1044 900 transmigrandi
1070 815 1157 880 Veios.

112 930 128 980 8
147 927 286 977 ceterum
302 921 423 995 partem
441 907 526 994 plebi
544 918 665 992 partem
680 917 807 971 senatus
822 906 1023 973 destinabant
1036 910 1159 976 habitau-

147 1006 197 1071 dis
215 1004 320 1081 Veiis3
346 1005 489 1087 duasque
511 1001 604 1067 urbes
628 1002 804 1067 communis
821 1002 867 1067 rei
883 1002 1031 1088 publicae
1049 1005 1159 1071 incolit

112 1100 263 1187 apopulo
280 1099 424 1164 Romano
446 1119 551 1183 posse.
587 1097 739 1161 adversus
761 1118 841 1180 quae
860 1119 932 1161 cum
951 1098 1112 1185 optimates
1125 1100 1159 1165 its

146 1195 321 1271 tenderent,
353 1204 388 1257 ut
409 1193 576 1257 morituros
604 1213 639 1256 se
665 1192 756 1258 eitius
783 1191 922 1259 dicerent
948 1193 982 1257 in
1009 1204 1158 1281 conspectu
1194 1238 1196 1281 :

144 1289 254 1376 populi
276 1288 412 1354 Romani
438 1309 533 1371 quam
555 1286 724 1371 quicquam
746 1310 853 1352 earum
874 1309 980 1353 rerum
1001 1302 1158 1376 rogaretur:
1194 1288 1196 1293 ’

96 1406 129 1455 10
147 1386 263 1471 quippe
281 1385 414 1448 nuncin
432 1405 495 1447 una
512 1381 590 1446 urbe
608 1397 729 1446 tantum
747 1382 980 1448 dissensionum
998 1406 1083 1462 esse,
1099 1381 1159 1468 quid

145 1481 180 1545 iu
201 1477 325 1543 duabus
347 1476 478 1542 urbibus
505 1475 592 1541 fore?
622 1476 778 1541 victamne
804 1487 839 1540 ut
865 1477 1035 1561 quisquam
1060 1476 1159 1543 victrici

146 1574 265 1659 patriae
283 1571 453 1657 praeferret
468 1570 644 1653 sineretque
657 1571 807 1634 maiorem
820 1569 980 1635 fortunam
993 1573 1092 1658 captis
1104 1592 1159 1637 esse

98 1689 128 1737 11
149 1665 239 1732 Veiis
266 1688 360 1750 quam
387 1664 596 1729 incolumibus
623 1664 736 1728 fuerit?
761 1675 919 1750 postremo
944 1688 979 1732 se
1001 1665 1159 1752 relinquit

145 1762 267 1828 civibus
285 1762 319 1826 in
334 1762 436 1847 patria
452 1783 561 1846 posse,
584 1769 619 1824 ut
636 1759 811 1844 relinquant
828 1760 963 1845 patriam
980 1774 1076 1847 atque
1091 1762 1158 1826 cives

144 1857 262 1922 nullam
277 1856 342 1920 vim
356 1878 506 1939 umquam
521 1853 721 1919 subacturum
726 1880 735 1933 3
755 1866 799 1919 et:
818 1855 857 1919 Τ.
869 1853 1036 1935 Sicinium,
1054 1858 1081 1923 is
1093 1856 1158 1921 euim

145 1974 184 2016 ex
211 1951 343 2014 tribunis
369 1949 471 2035 plebis
492 1949 664 2034 rogationis
687 1949 753 2014 eius
776 1949 856 2014 lator
877 1961 958 2028 erat,
985 1952 1157 2016 conditorem

145 2045 243 2109 Veios
263 2053 434 2126 sequantur
449 2041 558 2108 relicto
576 2043 636 2108 deo
653 2043 804 2122 Romulo,
828 2043 880 2108 dei
897 2043 978 2125 filio,
1000 2050 1158 2133 parenteet

145 2151 272 2204 auctore
291 2137 378 2201 urbis
396 2137 534 2203 Romae:
551 2175 594 2186 -·

112 2257 125 2302 1
210 2231 326 2297 XXV.
353 2231 445 2296 Haec
460 2255 532 2297 cum
545 2231 648 2297 foedis
667 2232 889 2298 certaminibus
908 2253 1085 2320 agerentur,
1100 2254 1158 2300 nan

145 2339 265 2414 partem
285 2327 480 2392 tribunorum
497 2327 582 2413 plebi
599 2338 704 2412 patres
722 2328 755 2391 in
770 2351 860 2392 suam
875 2331 1064 2395 senteutiam
1076 2342 1161 2395 traxe

112 2439 228 2500 arant,
254 2423 341 2487 nulla
362 2445 412 2486 res
436 2423 497 2487 alia
519 2423 664 2487 manibus
691 2434 864 2508 temperare
890 2424 1018 2508 plebem
1045 2425 1160 2511 cogebat

145 2540 240 2602 quam
262 2518 361 2601 quod,
388 2517 443 2582 ubi
465 2518 551 2581 rixae
574 2517 814 2581 committendae
837 2540 934 2582 causa
956 2519 1075 2585 clamor
1089 2530 1165 2584 ortus

145 2630 242 2690 esset,
269 2613 426 2698 principes
451 2625 578 2678 senatus
603 2613 697 2698 primi
723 2612 832 2678 turbae
859 2614 1028 2681 offerentes
1055 2638 1088 2680 se
1109 2608 1166 2700 peti

112 2731 127 2777 e
146 2709 293 2791 feririque
311 2719 405 2791 atque
423 2708 523 2772 occidi
538 2708 697 2773 iubebant.
726 2707 766 2772 ab
779 2708 892 2773 horum
906 2711 1063 2776 aetatibus
1076 2707 1173 2794 digni-

145 2803 325 2885 tatibusque
344 2813 375 2865 et
392 2801 562 2866 honoribus
582 2802 735 2866 violandis
753 2803 829 2866 dum
847 2802 1073 2881 abstinebatur,
1092 2794 1173 2868 etad

107 2920 127 2965 ,4
145 2897 281 2979 reliquos
301 2896 418 2959 similes
438 2907 568 2961 conatus
587 2898 775 2961 verecundia
792 2898 856 2962 irae
875 2897 1032 2965 obstabat.
1060 2893 1177 2965 camil-

147 2991 207 3066 lus,
223 2990 392 3054 identidem
408 2991 552 3056 omuibus
566 2991 642 3055 locis
658 2990 939 3069 contionabundus,
953 2992 1041 3058 haud
1054 2994 1172 3063 mirum,

148 3081 288 3171 [inquit]
300 3086 331 3149 id
341 3086 468 3168 quidem
479 3108 559 3162 esse,
569 3084 672 3150 furere
683 3087 849 3162 civitatem,
865 3108 946 3170 quae
956 3075 1180 3152 damnaavoti

146 3181 286 3244 omnium
308 3203 412 3244 rerum
435 3180 588 3265 potiorem
611 3202 718 3244 curam
740 3203 835 3264 quam
852 3181 1004 3267 religione
1024 3206 1058 3248 se
1075 3179 1178 3246 exsol‘

113 3297 128 3343 5
146 3277 240 3339 vendi
258 3275 386 3351 habeat,
406 3274 482 3339 nihil
501 3276 540 3339 de
554 3275 728 3340 conlatione
741 3277 843 3340 dicere
859 3277 950 3361 stipis
964 3279 1068 3343 verius
1081 3290 1175 3360 qum!

145 3371 310 3445 decumae,
330 3371 455 3453 quando
469 3393 506 3433 ea
520 3393 554 3434 se
572 3370 706 3453 quisque
723 3371 869 3455 privatim
882 3371 1082 3458 obligaverit,
1097 3368 1179 3443 libs*

114 3484 128 3531 6
147 3476 234 3527 ratus
249 3465 289 3527 sit
301 3465 452 3549 populus:
471 3465 629 3530 enimvero
642 3464 720 3529 illud
734 3489 768 3530 se
786 3480 888 3530 tacere
908 3490 999 3532 suam
1017 3466 1175 3533 conscicu⁴

146 3559 222 3622 tiam
249 3581 311 3622 uon
336 3560 416 3644 pati,
445 3560 530 3642 quod
552 3582 591 3623 ex
614 3583 651 3624 ea
674 3573 793 3624 tantum
815 3562 947 3647 praeda,
975 3585 1055 3645 quae
1071 3568 1172 3626 reum

146 3652 339 3716 moventium
358 3654 411 3730 sit,
431 3654 564 3717 decuma
581 3655 771 3739 designetur,
791 3655 877 3720 urbis
892 3671 987 3739 atque
1002 3658 1067 3742 agri
1078 3642 1170 3734 capti·

113 3769 126 3815 7
146 3768 226 3829 quae
241 3760 271 3811 et
285 3748 355 3832 ipsa
367 3761 442 3813 voto
455 3751 657 3824 contineatur,
673 3751 862 3814 mentionem
876 3751 995 3815 nullam
1009 3750 1080 3815 fieri.
1094 3753 1170 3808 cum

124 3864 183 3924 ea
204 3842 388 3929 disceptatio
411 3867 526 3928 anceps
550 3846 671 3908 senatui
694 3845 762 3909 visa
784 3846 930 3930 delegata
951 3848 992 3910 ad
1014 3838 1165 3941 poptifi‘ffl'
1193 3874 1196 3893 ¹

146 3947 242 4015 esset,
272 3938 411 4003 adhibito
436 3938 570 4004 Camillo
597 3941 701 4004 visum
724 3941 871 4026 collegio,
899 3942 983 4026 quod
1010 3944 1070 4005 eius
1090 3938 1160 3997 tssffl

136 4046 332 4118 :conceptum
349 4046 458 4100 votum
475 4034 656 4100 Veientium
674 4035 788 4101 fuisset
804 4053 837 4101 et
853 4049 927 4123 post
944 4050 1048 4103 votum
1062 4034 1152 4109 iup0·
