2566 4524
151 250 192 317 88
406 261 585 331 urrann,
603 259 645 314 27.
666 258 926 329 [anancaeo]

151 419 312 488 consulem
328 417 421 497 haec,
450 419 507 483 sed
524 417 723 504 tergiversari
739 440 790 482 res
809 414 957 504 cogebat:
985 415 1066 481 adeo
1087 416 1122 481 in
1137 416 1177 482 al-

150 527 250 582 teram
267 528 396 579 causam
413 530 477 578 non
495 511 617 598 collega
630 511 732 576 solum
745 532 896 597 praeceps
911 519 991 588 erat,
1012 511 1069 576 sed
1082 512 1174 577 omnis

150 609 246 675 factio
263 606 426 675 nobilium.
453 606 498 670 ita
515 606 653 670 medium
668 628 702 670 se
720 604 859 691 gerendo
877 625 935 669 nec
952 603 1056 690 plebis
1073 604 1173 669 vitavit
1208 632 1211 663 ε

115 727 132 773 4
150 704 258 771 odium
275 723 335 767 nec
352 701 437 786 apud
453 709 558 786 patres
576 701 710 786 gratiam
727 700 805 764 iniit.
841 708 946 785 patres
965 698 1094 765 mollem
1110 721 1174 765 con·
1205 724 1211 751 -τ

151 797 253 864 sulem
272 806 303 862 et
321 795 523 861 ambitiosum
539 795 612 873 rati,
639 795 748 881 plebes
767 794 926 872 fallacem,
954 794 1106 879 brevique
1126 816 1172 880 ap-

117 914 132 961 5
149 891 267 977 paruit,
295 890 490 974 adaequasse
512 912 584 954 eum
602 887 702 976 Appii
720 889 835 954 odium.
872 897 1032 953 certamen
1049 886 1172 955 consuli-

149 986 210 1053 bus
232 985 397 1063 inciderat,
424 994 494 1050 uter
515 985 673 1050 dedicaret
690 983 831 1049 Mercuri
853 983 973 1049 aedem.
1014 992 1171 1049 senatusa

151 1104 186 1146 se
203 1103 271 1146 rem
289 1080 329 1144 ad
346 1078 497 1166 populum
514 1079 630 1156 reiecit,
649 1079 712 1143 utri
730 1101 839 1143 eorum
856 1077 1011 1143 dedicatio
1025 1077 1115 1143 iussu
1125 1098 1172 1163 po·

149 1176 216 1262 puli
234 1177 308 1241 data
325 1184 423 1252 esset,
451 1197 525 1239 eum
541 1196 688 1260 praeesse
711 1195 867 1250 annonae,
894 1180 1103 1237 mercatorum
1118 1169 1171 1237 col·

149 1271 268 1357 legium
286 1269 461 1347 instituere,
481 1268 644 1334 sollemnia
662 1290 719 1353 pro
736 1267 884 1353 pontifice
901 1267 995 1331 iussit
1013 1258 1168 1352 suscipere

118 1366 285 1452 epopulus
313 1364 541 1429 dedicationem
564 1363 651 1428 aedis
674 1363 728 1426 dat
749 1360 797 1426 M.
820 1359 985 1439 Laetorio,
1011 1360 1105 1447 primi
1123 1356 1168 1447 pili

151 1459 338 1535 centurioni,
365 1459 451 1541 quod
477 1458 569 1522 facile
596 1464 760 1542 appareret
787 1478 850 1520 non
877 1466 941 1521 tam
968 1454 1010 1520 ad
1031 1455 1168 1521 honorem

153 1553 235 1629 eius,
263 1553 315 1616 cui
341 1551 459 1615 curatio
483 1551 574 1616 altior
600 1551 728 1638 fastigio
756 1550 911 1615 enodata
937 1560 1037 1628 esset,
1065 1548 1168 1615 factum

151 1669 245 1731 quam
264 1646 304 1710 ad
327 1646 492 1710 consulum
508 1646 723 1732 ignominiam.

119 1763 133 1808 1
218 1738 347 1806 Saevire
374 1740 447 1806 inde
473 1741 581 1824 utique
608 1739 773 1805 consulum
803 1739 882 1805 alter
910 1749 1095 1826 patresque,
1123 1736 1169 1804 sed

150 1835 234 1923 plebi
262 1845 423 1901 creverant
449 1836 546 1900 animi
572 1846 603 1900 et
633 1834 727 1921 longe
754 1834 816 1900 alia
842 1857 937 1919 quam
967 1835 1071 1920 primo
1095 1832 1170 1899 insti·

116 1950 131 1998 8
150 1940 274 1995 tuerant
290 1931 343 1994 via
360 1929 593 2015 grassabantur.
623 1929 787 2015 desperato
806 1929 890 1995 enim
908 1929 1075 1995 consulum
1093 1942 1170 1994 sena·

151 2035 263 2108 tuaque
282 2023 411 2101 auxilio,
441 2046 513 2088 cum
529 2024 562 2087 in
580 2024 629 2088 ius
649 2024 721 2088 duci
739 2023 911 2089 debitorem
929 2024 1099 2103 vidissent,
1123 2044 1173 2089 un-

151 2116 246 2202 dique
263 2118 471 2183 convolabant
476 2144 485 2197 ;
503 2141 605 2203 neque
623 2120 783 2185 decretum
798 2120 940 2185 exaudiri
953 2121 1093 2187 consulis
1106 2140 1170 2208 prae

151 2211 283 2297 strepitu
305 2221 336 2276 et
359 2212 494 2278 clamore
515 2223 636 2299 poterat
657 2237 774 2298 neque,
802 2237 875 2279 cum
897 2215 1071 2293 decresset,
1098 2212 1174 2300 quis-

117 2325 131 2372 9
151 2328 247 2391 quam
264 2306 508 2393 obtemperabat.
536 2309 568 2373 vi
582 2309 743 2396 agebatur,
762 2318 927 2393 metusque
941 2310 1043 2373 omnis
1056 2318 1091 2374 et
1104 2308 1178 2396 peri-

151 2400 257 2466 culum
274 2402 440 2481 libertatis,
460 2426 532 2468 cum
549 2404 582 2467 in
601 2415 771 2490 conspeetu
790 2404 928 2468 consulis
948 2404 1065 2491 singuli
1080 2428 1100 2470 a
1115 2400 1175 2491 plu-

149 2492 236 2562 ribus
263 2496 466 2575 violarentur,
493 2497 527 2561 in
554 2498 721 2563 creditores
749 2521 768 2562 a
794 2497 987 2563 debitoribus
1015 2508 1176 2564 verterant.
1206 2504 1211 2541 ³

101 2611 132 2658 10
150 2606 245 2677 super
262 2591 341 2657 haec
358 2591 451 2655 timor
467 2591 595 2656 incessit
614 2589 726 2657 Sabini
744 2591 831 2668 belli,
861 2593 1039 2676 dilectuque
1058 2594 1178 2658 decreto

148 2708 242 2750 nemo
259 2708 375 2749 nomen
397 2685 496 2762 dedit,
524 2684 647 2749 furente
665 2685 772 2771 Appio
796 2697 826 2750 et
843 2687 1016 2751 insectante
1039 2687 1179 2753 ambitio-

149 2801 222 2844 nem
241 2778 389 2864 collegae,
409 2778 464 2861 qui
480 2778 624 2864 populari
639 2779 761 2844 silentio
775 2803 841 2845 rem
859 2780 1019 2866 publicam
1035 2782 1178 2867 proderet

150 2881 180 2937 et
198 2873 239 2936 ad
256 2872 297 2949 id,
317 2872 402 2955 quod
420 2872 459 2937 de
477 2873 594 2938 credita
611 2875 745 2960 pecunia
761 2875 811 2940 ius
830 2898 894 2939 non
912 2875 1059 2953 dixisset,
1080 2877 1177 2943 adice-

148 2975 208 3043 ret,
237 2975 329 3030 utne
347 2964 495 3031 dilectum
513 2967 640 3050 quidem
663 2990 703 3032 ex
722 2978 848 3033 senatus
870 2969 1015 3035 consulto
1036 2968 1177 3037 haberet:

99 3082 129 3128 11
149 3083 212 3124 non
239 3082 309 3125 esse
336 3069 441 3125 tamen
467 3062 622 3127 desertam
650 3063 776 3128 omnino
799 3085 865 3128 rem
891 3064 1052 3149 publicam
1078 3086 1177 3150 neque

148 3156 321 3241 proiectum
344 3156 507 3222 consulare
529 3156 699 3243 inperium,
728 3181 762 3223 se
784 3180 883 3222 unum
905 3168 936 3222 et
962 3180 1039 3224 suae
1067 3170 1100 3224 et
1125 3182 1177 3246 pa·

98 3270 129 3318 12
149 3259 231 3314 trum
257 3251 429 3316 maiestatis
455 3253 612 3317 vindicem
638 3253 714 3318 fore.
760 3275 832 3318 cum
858 3253 1075 3318 circumstaret
1103 3252 1176 3320 coti·

148 3344 242 3408 diana
259 3345 441 3424 multitudo,
469 3347 595 3410 licentia
618 3369 763 3425 accensa,
792 3348 887 3433 arripi
905 3371 1003 3411 unum
1020 3347 1176 3435 insignem

148 3438 261 3503 ducem
280 3440 468 3504 seditionum
485 3441 585 3505 iussit.
617 3441 670 3505 ille
688 3463 760 3505 cum
779 3466 798 3506 a
815 3441 975 3507 lictoribus
994 3442 1059 3506 iam
1077 3443 1178 3508 trahe·

146 3540 244 3610 retur,
267 3533 464 3618 provocavit,
488 3557 546 3599 nec
565 3536 712 3601 cessisset
728 3536 943 3622 provocationi
962 3537 1086 3615 consul,
1106 3537 1177 3622 quia

146 3650 210 3692 non
228 3624 359 3691 dubium
377 3636 443 3692 erat
461 3629 569 3715 populi
586 3629 750 3708 iudicium,
778 3631 839 3695 nisi
862 3653 955 3717 aegre
978 3631 1063 3696 victa
1083 3630 1179 3718 perti·

146 3721 237 3786 nacia
254 3716 335 3787 foret
353 3723 484 3788 consilio
502 3724 604 3811 magis
623 3733 654 3789 et
677 3726 859 3790 auctoritate
883 3724 1061 3811 principum
1083 3746 1176 3810 quam

145 3804 255 3904 populi
280 3816 429 3884 elamore:
457 3818 535 3883 adeo
563 3830 745 3906 supererant
771 3821 867 3885 animi
893 3820 934 3885 ad
961 3821 1175 3886 sustinendam

97 3933 127 3980 13
146 3910 306 3977 invidiam.
342 3934 483 3978 crescere
508 3913 580 3979 inde
606 3914 724 3979 malum
746 3914 781 3979 in
802 3914 869 3978 dies
895 3938 961 3980 non
987 3914 1175 3982 elamoribus

146 4009 241 4074 modo
258 4006 373 4093 apertis
388 4009 453 4086 sed,
473 4009 558 4092 quod
570 4009 668 4074 multo
681 4008 887 4094 perniciosius
902 4018 978 4088 erat,
998 4009 1175 4077 secessione
