2566 4524
135 250 199 317 298
402 262 520 317 LIBER
537 262 573 334 V,
591 261 636 317 ts.
650 260 693 317 49.
714 265 752 330 [a.
762 279 788 317 u.
799 279 821 317 c.
831 262 896 334 364]

134 430 336 499 morerentur,
354 421 419 485 iam
431 419 559 507 pigritia
572 420 716 506 singulos
728 420 900 506 sepeliendi
912 421 1063 507 promisce
1074 444 1136 487 acer·

133 519 225 572 vatos
243 507 385 571 cumulos
404 507 566 571 hominum
585 505 730 585 urebant3
748 505 978 591 bustorumque
995 506 1065 572 inde
1081 504 1136 573 Gal·

133 593 265 658 licorum
282 593 408 657 nomine
426 592 583 678 insignem
600 591 706 655 locum
723 592 836 656 fecere.
1166 660 1169 665 ,

98 700 117 747 4
197 679 343 743 Indutiae
361 678 473 743 deinde
492 700 565 741 cum
582 678 734 742 Romanis
753 677 855 743 factae
870 686 902 742 et
915 678 1139 831 conloquiap'q}

135 765 235 829 missu
252 765 474 849 imperatorum
492 763 613 840 habita3
631 763 793 847 inquibus
808 786 879 827 cum
893 764 1064 829 identidem
1131 764 1137 778 '

133 851 250 914 famem
265 849 423 914 obicerent
435 871 534 932 eaque
547 850 734 913 necessitate
749 850 790 913 ad
803 850 995 914 deditionem
1008 862 1138 926 vocarent,

134 936 246 1000 dicitur
264 937 451 1000 avertendae
469 936 536 999 eius
555 935 710 1020 opinionis
728 957 825 999 causa
846 935 955 1000 multis
977 935 1055 1001 locis
1063 935 1136 1086 panis
1175 934 1183 1023 l

100 1023 174 1089 ode
194 1021 350 1107 Capitolio
368 1022 501 1086 iactatus
520 1043 590 1085 esse
612 1021 645 1084 in
663 1021 801 1085 hostium
825 1021 988 1087 stationes.
1030 1044 1062 1087 se
1093 1022 1139 1085 ian
1177 1028 1180 1035 '

135 1129 237 1190 neque
255 1107 445 1171 dissimulari
462 1129 565 1189 neque
583 1106 657 1170 ferri
675 1107 756 1170 ultra
772 1106 874 1171 fames
891 1116 1025 1192 poterat.
1056 1108 1139 1191 itaque

134 1194 210 1257 dum
232 1193 364 1258 dictator
386 1192 534 1256 dilectum
555 1214 612 1277 per
634 1215 668 1256 se
690 1191 817 1257 Ardeae
839 1192 947 1270 habet,
977 1194 1139 1280 megistum

135 1279 275 1362 equitum
293 1279 334 1342 L.
354 1277 517 1342 Valerium
539 1301 558 1341 a
580 1277 669 1342 Veiis
692 1277 848 1342 abducere
872 1280 1045 1343 exercitum
1065 1278 1140 1355 iubet,
1165 1292 1176 1339 .·

101 1384 116 1431 6
134 1374 225 1450 parat
241 1365 429 1448 instruitque
447 1364 561 1447 quibus
580 1363 664 1428 haud
682 1364 773 1448 inpar
795 1364 954 1428 adoriatur
971 1365 1090 1442 hostes,
1108 1364 1142 1427 in-
1168 1402 1172 1409 ·

135 1450 224 1514 terim
240 1449 437 1535 Capitolinus
456 1450 609 1514 exereitus
629 1449 825 1527 stationibus,
844 1448 960 1535 vigiliis
979 1450 1090 1528 fessus,
1106 1470 1143 1514 su·
1165 1516 1168 1521 ,

133 1536 249 1620 peratis
268 1546 373 1600 tamen
390 1535 536 1599 humanis
555 1534 700 1599 omnibus
719 1534 824 1612 malis,
844 1556 917 1598 cum
934 1535 1053 1600 famem
1068 1556 1144 1601 unau

132 1631 244 1684 natum
261 1621 346 1684 vinci
362 1643 426 1685 non
445 1621 568 1698 sineret,
588 1621 728 1685 diemde
746 1620 797 1685 die
809 1631 1026 1706 prospectans,
1044 1618 1144 1705 ecquod

101 1706 285 1772 tauxilium
313 1706 352 1771 ab
376 1708 526 1771 dictatore
552 1716 729 1791 appareret,
759 1715 918 1791 postremo
946 1730 1004 1792 spe
1030 1726 1168 1792 quoque,¹

132 1793 196 1856 iam
213 1815 277 1857 non
296 1793 399 1857 solum
417 1792 487 1857 cibo
506 1792 668 1856 deficiente
686 1803 730 1869 et,
754 1814 826 1856 cum
849 1793 999 1857 stationes
1018 1792 1144 1878 procede·

132 1889 214 1955 rent,
237 1901 335 1963 prope
354 1878 557 1943 obruentibus
575 1878 733 1941 infirmum
751 1899 864 1963 eorpus
886 1879 998 1955 annis,
1027 1879 1076 1943 vel
1090 1874 1146 1942 ded

133 1963 184 2026 vel
201 1964 311 2026 redimi
330 1985 364 2027 se
382 1984 579 2045 quacumque
597 1963 741 2047 pactione
762 1972 893 2049 possent
913 1964 1021 2043 iussit,
1048 1965 1145 2029 iactau-

133 2047 217 2111 tibus
235 2071 298 2112 non
317 2047 448 2112 obscure
469 2045 580 2125 Gallis,
599 2048 684 2113 haud
702 2072 818 2134 magna
835 2051 980 2114 mercede
1000 2073 1034 2115 se
1051 2045 1146 2116 adduci

97 2149 240 2218 aposse‚
272 2145 308 2196 ut
334 2133 528 2198 obsidionem
554 2134 738 2217 relinquant.
783 2145 855 2199 tum
883 2146 1013 2200 senatus
1039 2136 1144 2201 habitur

133 2218 328 2303 tribunisque
356 2219 489 2283 militum
514 2221 675 2305 negotium
702 2221 824 2298 datum,
855 2229 890 2285 ut
920 2222 1142 2307 paciscerentur.

132 2304 205 2368 inde
231 2306 312 2370 inter
335 2305 375 2388 Q.
400 2303 575 2390 Sulpicium
601 2305 760 2370 tribunum
786 2306 921 2371 militum
947 2318 980 2372 et
1002 2309 1144 2373 Brennum

132 2392 277 2476 regulum
305 2389 467 2456 Gallorum
495 2392 658 2474 conloquio
686 2402 842 2456 transacta
868 2415 920 2457 res
946 2404 997 2458 est
1024 2405 1055 2459 et
1079 2391 1143 2458 mille

131 2478 237 2561 pondo
255 2478 322 2542 auri
344 2479 479 2562 pretium
500 2478 609 2562 populi
630 2477 776 2564 gentibus
799 2501 874 2543 mox
894 2479 1078 2564 imperaturi
1096 2479 1144 2543 fae·

97 2582 113 2628 9
133 2573 209 2627 tum.
254 2565 299 2627 rei
318 2564 517 2629 foedissimae
539 2586 596 2647 per
614 2585 647 2627 se
670 2564 791 2628 adiecta
808 2564 979 2649 indignitas
1004 2581 1064 2631 est:
1085 2585 1144 2651 pon·

133 2649 208 2712 dera
225 2649 265 2713 ab
285 2647 386 2714 Gallis
405 2650 509 2712 adlata
526 2649 634 2731 iniqua
656 2659 688 2712 et
709 2649 833 2714 tribuno
855 2662 1021 2716 recusante
1040 2651 1143 2716 additu

132 2733 172 2798 ab
190 2733 343 2798 insolente
363 2731 456 2798 Gallo
479 2735 610 2818 ponderi
631 2735 755 2820 gladius
779 2735 947 2820 auditaque
970 2734 1143 2802 intoleranda

132 2818 285 2882 Romanis
304 2842 379 2882 vox:
402 2841 461 2882 vae
479 2820 569 2883 victis
589 2842 668 2885 esse.

99 2922 112 2967 1
195 2903 457 2968 XXXXVHH.
500 2902 565 2969 Sed
597 2907 703 2989 diique
734 2916 765 2970 et
789 2907 934 2973 homines
965 2909 1141 2994 prohibuere,

132 2989 309 3074 redemptos
333 2991 437 3055 vivere
460 2991 629 3056 Romanos.
675 3016 748 3056 nam
774 2992 855 3057 forte
882 2995 1035 3076 quadam,
1062 2994 1143 3080 prius·

132 3097 227 3158 quam
244 3076 374 3141 infanda
392 3100 510 3141 merces
528 3078 741 3162 perficeretur,
761 3101 817 3164 per
834 3079 1068 3146 altercationem
1083 3099 1142 3144 nou·

132 3162 207 3225 dum
234 3163 320 3226 omni
350 3187 424 3227 auro
456 3186 495 3248 ap
519 3185 594 3227 enso
626 3164 757 3228 dictator
787 3165 955 3229 intervenit
986 3165 1141 3248 auferrique

97 3265 112 3311 2
131 3271 243 3312 aurum
261 3250 301 3313 de
318 3251 421 3314 medio
440 3259 471 3312 et
490 3186 599 3314 danos
619 3250 808 3314 summoveri
824 3249 922 3315 iubet.
963 3275 1038 3317 cum
1054 3252 1095 3317 illi
1107 3268 1141 3313 re·

131 3334 264 3398 nitentes
282 3346 391 3419 pactos
410 3335 548 3398 dicerent
567 3357 646 3410 sese,
665 3345 768 3422 negat,
789 3359 858 3400 eam
871 3337 1051 3421 pactionem
1063 3351 1140 3402 ratam

131 3439 212 3494 esse,
231 3441 325 3501 quae,
352 3431 520 3504 postquam
537 3421 605 3505 ipse
624 3422 756 3485 dictator
773 3432 894 3486 creatus
914 3434 1013 3502 esset,
1040 3424 1139 3488 iniussu

132 3525 190 3567 suo
208 3503 248 3568 ab
266 3504 420 3570 inferioris
438 3507 514 3570 iuris
529 3507 714 3592 magistratu
728 3507 811 3572 faeta
824 3517 917 3586 esset,
937 3508 1138 3590 denuntiatque

96 3586 247 3664 sGallia
275 3599 310 3653 ut
332 3613 366 3655 se
389 3593 429 3655 ad
451 3592 603 3676 proelium
631 3594 806 3677 expediant.
852 3616 928 3659 suos
954 3596 990 3660 in
1016 3608 1137 3661 acervum

132 3675 272 3738 conicere
291 3678 428 3741 sarcinas
447 3688 477 3740 et
495 3701 582 3742 arma
599 3689 705 3762 aptare
723 3680 878 3763 ferroque,
897 3703 961 3745 non
980 3704 1055 3746 auro
1070 3694 1137 3744 rect·

129 3782 239 3845 perare
255 3763 388 3845 patriam
405 3763 501 3840 iubet,
520 3764 553 3827 in
571 3775 740 3849 conspectu
759 3765 909 3831 habentes
928 3767 1005 3832 fana
1022 3767 1136 3831 deuna

130 3847 279 3933 coniuges
303 3859 333 3912 et
354 3849 469 3913 liberos
492 3859 523 3913 et
546 3851 647 3914 solum
669 3851 787 3935 patriae
809 3852 951 3917 deforme
973 3852 1046 3918 belli
1066 3844 1136 3914 molit

95 3953 112 3998 4
130 3943 161 3996 et
178 3934 291 4011 omnia,
311 3957 391 4018 quae
410 3936 537 3999 defendi
554 3937 715 4021 repetique
734 3947 765 4001 et
777 3937 888 4002 ulcisci
900 3939 950 4003 sas
964 3939 1013 4003 sit.
1035 3928 1136 4002 insum

130 4019 242 4084 deinde
260 4019 369 4100 aciem,
389 4031 423 4085 ut
440 4021 501 4086 loci
519 4032 630 4087 natura
645 4023 836 4109 patiebatur,
855 4023 888 4088 in
906 4025 1071 4090 semirutae
1086 4014 1135 4085 solt
