2566 4524
326 273 442 328 1111111
459 275 517 345 m,
536 275 578 328 aa.
592 274 635 328 24.
654 273 808 344 [11411]
1022 265 1084 332 147

64 456 164 522 gmen
179 431 355 496 Tusculum
368 431 459 517 rapit.
481 431 559 496 nihil
572 443 695 517 praeter
708 456 796 497 arma
811 442 842 497 et
855 434 941 517 quod
955 436 1034 501 cocti
1043 435 1085 503 ad

64 549 177 592 ranum
195 525 256 589 fuit
274 524 336 590 cibi
353 524 435 589 ferre
453 527 543 590 militi
564 527 662 591 licuit.
699 540 899 593 conmeatum
921 528 961 594 ab
979 530 1083 596 Roma

64 621 157 688 onsnl
177 617 345 684 Cornelius
364 619 520 685 subvehit.
553 621 673 704 aliquot
689 644 816 688 menses
835 622 967 688 Tusculi
985 624 1117 694 bellat

64 739 126 780 rm.
152 726 243 802 parte
256 715 411 779 exercitus
426 714 536 781 consul
550 726 653 780 castra
664 714 851 802 Aequorum
869 719 1082 806 oppugnabat,

65 809 929 897 artemTuscnlanisdederatadarcemrecnperandam.
952 815 1085 879 vinum-

64 929 142 970 uam
159 926 201 969 1ο
219 903 316 968 subiri
334 904 451 990 potuit,
477 904 578 969 fames
600 916 761 991 postremo
782 907 856 972 inde
874 908 1008 973 detraxit
1026 910 1084 974 ho·

64 1013 139 1066 tem.
184 1020 248 1082 quo
269 1008 438 1083 postquam
456 1010 585 1064 ventum
603 1001 643 1065 ad
665 1011 840 1066 extremum
858 1012 919 1080 est,
947 1003 1082 1069 inermes
1102 1024 1116 1072 5

64 1096 188 1178 edique
205 1115 314 1158 omnes
334 1093 393 1158 sub
410 1094 520 1181 iugum
539 1094 579 1159 ab
593 1094 783 1161 Tusculanis
797 1097 896 1162 missi.
919 1096 978 1163 hos
991 1098 1082 1184 igno·

64 1191 182 1255 riniosa
204 1188 282 1272 fuga
304 1188 433 1254 domum
455 1211 491 1254 se
516 1189 704 1275 recipientes
725 1191 889 1256 Romanus
916 1193 1027 1256 consul
1048 1193 1082 1256 in

64 1285 165 1371 rlgido
185 1293 373 1347 consecutus
392 1283 433 1347 ad
449 1272 549 1348 unum
567 1305 676 1350 omnes
694 1285 817 1350 occidit.
847 1286 947 1350 victor
963 1287 1004 1352 ad
1019 1284 1082 1351 Co-
1101 1307 1115 1355 6

64 1402 153 1444 umen
170 1415 214 1426 -
232 1377 266 1441 id
283 1377 352 1442 loco
368 1400 486 1443 nomen
503 1389 552 1443 est
569 1417 612 1429 -
629 1380 769 1444 exercitu
784 1380 893 1446 relicto
916 1391 1019 1445 castra
1036 1381 1083 1445 lo-

65 1485 106 1539 st.
142 1482 174 1538 et
199 1472 279 1536 alter
304 1472 430 1549 consul,
456 1483 625 1558 postquam
650 1474 819 1540 moenibus
843 1476 907 1540 iam
928 1475 1080 1540 Romanis
1124 1504 1128 1509 ·

64 1567 139 1632 ulso
154 1567 249 1632 hoste
266 1566 439 1651 periculum
459 1588 530 1632 1111
548 1568 692 1646 desierat,
712 1578 743 1633 et
755 1570 824 1655 ipse
839 1569 880 1635 ab
894 1570 997 1635 Roma
1009 1593 1082 1655 pro-

64 1664 159 1728 ectus.
185 1662 232 1727 ita
249 1660 395 1727 bifariam
409 1662 555 1728 consules
568 1663 704 1749 ingressi
716 1664 855 1729 hostium
868 1664 949 1730 fines
960 1665 1081 1751 ingenti
1100 1686 1114 1731 ⁷

65 1757 217 1822 ortamine
233 1756 308 1821 binc
325 1755 472 1833 Volscos,
491 1756 566 1821 hinc
583 1757 715 1840 Aequos
733 1758 933 1843 populantur.

108 1850 237 1917 Eodem
251 1873 334 1915 anno
346 1851 485 1916 descisse
497 1839 645 1917 Antiates
659 1853 744 1937 apud
757 1852 924 1937 plerosque
937 1861 1080 1916 auctores

65 1946 181 2012 nvenio.
213 1947 255 2010 L.
270 1944 454 2010 Cornelium
472 1947 635 2011 consulem
651 1946 686 2011 id
702 1945 821 2011 bellum
838 1946 977 2033 gessisse
991 1945 1081 2031 oppi-

65 2041 184 2126 lnmque
203 2041 335 2127 cepisse,
355 2051 474 2105 certum
493 2041 671 2118 adfirmare,
691 2040 765 2125 quia
784 2042 871 2106 nulla
888 2041 974 2127 apud
992 2050 1081 2105 vetu-

65 2135 158 2201 ticres
177 2135 245 2200 eius
264 2135 310 2199 rei
327 2134 444 2200 mentio
462 2144 519 2213 est,
537 2158 601 2200 non
619 2136 731 2200 ausim.

110 2229 265 2296 XXIIIL
293 2229 367 2295 Hoc
383 2229 467 2294 bello
484 2229 625 2316 perfecto
639 2229 840 2294 tribunicium
858 2229 944 2294 domi
962 2228 1080 2293 bellum
1099 2249 1112 2296 1

65 2333 150 2391 atres
169 2325 299 2389 territat.
336 2323 488 2403 clamant,
507 2324 618 2388 fraude
641 2323 722 2400 fieri,
741 2324 826 2406 quod
843 2323 920 2387 foris
939 2333 1081 2386 teneatur

65 2420 218 2486 sarcitur:
244 2418 477 2483 frustrationem
500 2441 570 2483 eam
592 2417 671 2504 legis
694 2417 849 2482 tollendae
867 2439 952 2493 esse,
981 2438 1015 2480 se
1032 2416 1081 2480 ni

65 2514 110 2580 n'lo
126 2515 233 2580 minus
251 2536 319 2578 rem
337 2523 517 2600 susceptam
534 2523 726 2598 peracturos.
762 2509 896 2576 obtinuit
914 2521 1019 2573 tamen
1036 2509 1078 2572 L.
1098 2527 1113 2575 r

65 2608 217 2675 lucretius
235 2608 414 2694 praefectus
431 2607 533 2686 urbis,
561 2617 596 2672 ut
614 2606 752 2672 actiones
771 2604 955 2671 tribuniciae
972 2604 1005 2668 in
1023 2603 1079 2668 ad·

65 2717 176 2788 'cutum
194 2704 359 2771 consulum
377 2700 585 2769 differrentur.

108 2799 190 2866 Erat
209 2809 241 2865 et
257 2821 341 2864 nova
358 2809 468 2865 exorta
484 2821 581 2863 causa
598 2807 712 2864 motus.
742 2796 786 2862 A.
802 2794 968 2862 Cornelius
987 2803 1018 2858 et
1037 2791 1078 2876 Q
1098 2811 1113 2859 3

65 2891 201 2960 1111111111
220 2903 403 2979 quaestores
420 2892 468 2958 M.
488 2892 632 2970 Volscio,
655 2893 742 2977 quod
758 2891 859 2956 falsus
882 2887 1079 2955 hauddubie

65 2990 135 3056 estis
147 2991 182 3055 in
195 2988 374 3057 Caesonem
391 2989 559 3065 extitisset,
583 2989 667 3052 diem
684 2987 837 3051 dixerant.
872 2985 978 3048 multis
993 2983 1078 3047 enim
1095 3003 1112 3048 4

65 3084 214 3150 manabat
234 3085 373 3163 indiciis,
400 3106 503 3169 neque
525 3083 653 3148 fratrem
675 3080 800 3157 Volsci,
828 3102 868 3144 ex
895 3101 958 3162 quo
982 3076 1080 3141 semel

66 3176 146 3243 berit
162 3200 262 3267 aeger,
282 3201 434 3263 umquam
451 3201 517 3243 non
532 3179 628 3242 modo
644 3177 750 3241 visum
766 3176 800 3238 in
812 3172 949 3259 publico,
969 3170 1026 3234 sed
1039 3190 1079 3232 ne

66 3273 263 3339 dsurrexisse
286 3273 414 3358 quidem
436 3295 477 3337 ex
497 3272 608 3337 morbo
634 3272 867 3352 multorumque
893 3265 966 3330 tabe
992 3285 1080 3327 men-

66 3387 118 3432 um
134 3379 309 3445 mortuum,
327 3388 386 3432 nec
404 3366 453 3432 his
472 3366 679 3452 temporibus,
705 3366 738 3428 in
756 3385 837 3448 quae
855 3361 943 3426 testis
962 3360 1080 3425 crimen
1098 3379 1113 3426 5

66 3461 247 3540 oniecisset,
276 3461 453 3527 Caesonem
475 3460 597 3526 Romae
620 3460 738 3534 visum,
766 3454 1003 3523 adfirmantibus
1026 3453 1081 3537 qui

66 3565 322 3635 ura-meruerant,
346 3578 454 3621 secum
472 3577 545 3619 eum
563 3565 630 3619 turn
648 3553 907 3637 frequentemque
930 3550 970 3614 ad
990 3549 1081 3634 signa

66 3646 116 3716 ine
132 3651 197 3717 ullo
216 3660 394 3716 commeatu
411 3649 526 3728 fuisse3
553 3649 615 3713 nisi
636 3648 681 3713 ita
702 3657 800 3723 esset,
823 3645 913 3709 multi
934 3642 1080 3728 privatim

66 3744 190 3812 'erebant
207 3744 338 3813 Volscio
358 3745 504 3810 iudicem.
542 3767 615 3808 cum
638 3743 680 3808 ad
702 3741 853 3806 iudicium
875 3740 920 3803 ire
938 3761 1002 3802 non
1025 3756 1112 3803 au-c

66 3840 147 3919 bret,
175 3862 288 3906 omnes
311 3863 367 3905 eae
388 3862 439 3904 res
457 3840 490 3903 in
514 3862 612 3904 unum
635 3846 843 3923 congruentes
865 3834 951 3898 baud
977 3831 1079 3916 magis

66 3933 175 4001 {obiam
189 3934 424 4001 damnationem
436 3933 556 4011 Volsci,
576 3956 671 4017 qnam
686 3930 840 3999 Caesonis
856 3927 985 3994 Volscio
998 3933 1079 3988 teste

66 4039 158 4110 uerat,
176 4029 346 4096 faciebant.
373 4029 406 4094 in
420 4052 508 4094 mora
522 4027 638 4093 tribuni
653 4037 750 4104 erant,
770 4025 824 4110 qui
841 4022 967 4089 comitia
985 4039 1081 4103 quae·
1098 4036 1112 4086 7

856 4123 907 4175 10·
