2566 4524
308 255 427 313 maun
443 256 528 330 vm,
546 257 657 316 ιι-ιι
677 258 827 333 [scaea]
1021 254 1085 322 425

67 420 101 484 ιιι
123 416 250 483 moenia
275 416 432 483 statuisse.
468 438 506 482 eo
531 416 616 482 facto
642 427 748 485 utrum
774 419 814 487 ab
841 443 876 487 se
896 422 1020 508 prodita
1042 447 1083 489 an
1101 455 1134 509 11

67 524 160 580 servat
161 537 181 579 a
197 513 299 598 patria
317 511 420 578 videat
408 521 468 591 tur,
486 513 520 577 in
532 513 748 584 fideRomana
759 517 897 603 positum
914 541 994 586 esse.
1021 519 1084 589 sibi

67 608 201 694 privatim
219 630 278 672 nec
294 607 412 693 pacisci
430 608 598 692 quicquam
615 631 675 675 nec
690 619 811 697 petere,
833 612 959 699 publice
974 624 1083 700 petere
1101 644 1136 697 12

67 724 150 787 luam
166 702 285 788 pacisci
302 702 417 790 magis,
437 711 485 780 ut,
505 703 532 767 si
545 704 912 792 success1ssetmcept1s
931 710 1081 797 cogitaret

67 797 191 884 populus
208 794 372 862 Romanus
390 797 510 882 potius,
534 819 606 863 cum
623 809 741 883 quanto
709 801 862 868 tstudio
879 802 1081 890 periculoque

67 892 224 958 reditum
214 914 248 956 m
274 891 442 957 amicitiam
470 914 560 958 suam
587 903 671 959 esset
696 916 791 979 quam
813 918 876 980 qua
898 897 1028 964 stultitia
1049 910 1081 966 et

67 986 227 1052 temeritate
245 986 285 1051 de
308 984 412 1051 officio
436 985 610 1053 decessum.
655 989 861 1056 conlaudatus
884 990 955 1056 ab
945 1014 1080 1078 tmpera-
1097 1023 1135 1074 13

67 1107 120 1150 :ore
137 1084 198 1150 tria
214 1083 300 1148 milia
317 1082 451 1147 militum
469 1084 509 1149 ad
527 1086 742 1171 occupandam
760 1109 830 1152 eam
846 1096 967 1173 partem
980 1088 1078 1167 urbis,

67 1199 149 1262 quam
161 1175 287 1245 Samnit
275 1188 321 1243 tes
334 1177 522 1257 insidebant,
541 1179 676 1264 accepit.
694 1181 852 1266 praesidio
865 1181 948 1246 eiL.
959 1179 1079 1264 Quinc-

67 1274 118 1338 tius
135 1273 278 1339 tribunus
297 1271 375 1337 milit
363 1281 430 1337 tum
447 1273 656 1359 praepositus.

116 1365 251 1434 XXVI.
277 1367 402 1432 Eodem
415 1378 555 1454 tempore
568 1377 599 1434 et
610 1367 789 1456 Nymphius
802 1379 977 1479 praetorem
987 1367 1116 1437 Sam*
1104 1399 1117 1450 ς

67 1462 164 1528 titium
182 1471 247 1528 arte
266 1463 435 1549 adgressus
453 1463 698 1549 petutrpulera
663 1486 711 1543 u,
730 1464 877 1576 quopiam
895 1465 996 1531 omnis
1013 1465 1079 1531 Ro·

67 1581 167 1624 nanus
186 1558 341 1623 exercitus
360 1567 414 1623 aut
427 1559 509 1623 circa
521 1556 716 1645 Palaepolim
730 1569 784 1625 aut
796 1561 829 1625 in
771 1559 970 1628 tSamnio
984 1578 1078 1642 esset,

67 1653 170 1720 sineret
196 1675 231 1718 se
258 1652 359 1718 classe
386 1652 576 1718 circumvehi
601 1653 642 1719 ad
663 1655 842 1720 Romanum
864 1680 987 1744 agrum,
1015 1679 1080 1723 non

67 1771 140 1813 tram
161 1747 257 1813 modo
279 1747 389 1825 maris,
417 1748 474 1813 sed
494 1748 556 1835 ipsi
574 1749 645 1815 urbi
661 1750 837 1836 propinqua
852 1751 922 1816 loca
940 1752 1079 1838 depopu-

67 1852 196 1907 aturum.
242 1842 299 1907 sed
320 1851 356 1906 ut
377 1841 512 1921 falleret,
539 1853 631 1910 nocte
652 1844 913 1931 proficiscendum
935 1867 1005 1910 esse
1024 1867 1077 1911 ex·
1102 1871 1120 1921 ι

67 1936 231 2022 emploquc
253 1959 350 2001 naves
374 1935 582 2003 deducendas.
619 1939 704 2023 quod
726 1961 788 2024 quo
810 1939 961 2006 maturius
979 1939 1077 2018 fieret,

67 2029 155 2095 »mnis
167 2029 314 2095 iuventus
325 2027 516 2096 Samnitium
529 2041 652 2116 praeter
664 2033 875 2110 necessarium
889 2033 975 2100 urbis
987 2055 1077 2120 prae·

67 2123 167 2189 idium
186 2125 227 2189 ad
243 2124 318 2190 litus
336 2124 443 2190 missa.
480 2124 534 2189 ubi
553 2125 628 2189 dum
644 2124 824 2212 Nymphius
842 2127 875 2192 in
892 2127 1027 2194 tenebris
1046 2137 1077 2195 et
1101 2145 1120 2195 3

67 2218 250 2285 uultitudinc
269 2229 368 2284 semet
384 2219 455 2305 ipsa
472 2219 649 2304 inpediente
668 2220 776 2285 sedulo
791 2220 861 2286 aliis
875 2221 936 2286 alia
948 2223 1080 2306 imperia

67 2311 183 2381 orbans
202 2314 273 2379 terit
292 2327 428 2399 tempus,
454 2311 619 2379 Charilaus
636 2334 677 2377 ex
695 2313 857 2398 conposito
875 2313 915 2379 ab
934 2315 1026 2380 sociis
1043 2315 1078 2379 in

67 2407 162 2474 rbem
179 2416 324 2494 receptus
344 2430 417 2473 cum
436 2431 560 2474 summa
576 2406 663 2473 urbis
680 2406 827 2473 Romano
844 2407 941 2474 milite
961 2407 1079 2494 inples-

67 2514 114 2580 et,
137 2502 207 2568 tolli
224 2501 392 2568 clamorem
408 2502 514 2580 iussit,
537 2501 578 2567 ad
595 2522 690 2585 quem
708 2499 822 2568 Graeci
840 2502 931 2588 signo
948 2511 1078 2588 accepto

67 2649 71 2662 .
86 2596 281 2684 principibus
300 2597 455 2681 quievere.
491 2595 604 2663 Nolani
617 2619 673 2685 per
690 2619 835 2663 aversam
850 2605 972 2682 partem
990 2595 1076 2661 urbis
1099 2616 1116 2663 4

67 2692 102 2758 ia
113 2691 229 2759 Nolam
243 2692 362 2758 ferente
376 2693 539 2780 effugiunt.
578 2689 773 2760 Samnitibus
787 2691 923 2759 exclusis
942 2690 981 2757 ab
999 2689 1077 2757 urbe

67 2796 85 2852 ιι
111 2787 286 2872 expeditior
310 2788 343 2853 in
369 2788 546 2874 praesentia
571 2786 649 2875 fuga
674 2788 719 2854 ita
743 2786 879 2865 foedior,
909 2795 1078 2873 postquem

67 2881 190 2946 ιιιιοιιιο
208 2891 388 2960 evaserunt,
407 2882 489 2959 msa,
513 2883 629 2968 quippe
646 2882 701 2966 qui
718 2882 853 2948 inermes
870 2881 956 2947 nulla
972 2902 1077 2946 rerum
1094 2901 1111 2950 o

69 2998 182 3046 uarum
203 2999 267 3041 non
287 2976 395 3044 relicta
416 2977 497 3043 inter
517 2977 638 3054 hostes,
665 2975 835 3041 ludibrium
856 2999 920 3041 non
941 2975 1077 3041 externis

67 3070 160 3147 nodo,
185 3079 233 3136 set
250 3071 343 3137 etiam
361 3070 579 3156 popularibus,
608 3070 732 3155 spoliati
754 3080 847 3153 atque
870 3079 997 3154 egentes
1021 3069 1077 3132 do-

67 3186 124 3229 nos
143 3165 272 3231 rediere.
313 3165 398 3231 haud
419 3165 548 3252 ignarus
571 3164 725 3250 opinionis
748 3162 888 3239 alterius,
914 3182 977 3243 qua
998 3161 1114 3230 haece

67 3256 185 3325 ιιοάιιιο
202 3257 243 3325 ab
259 3254 453 3325 Samnitibus
468 3259 552 3325 facta
569 3257 709 3335 traditur,
730 3279 801 3321 cum
819 3252 998 3320 auctoribus
1016 3253 1076 3318 hoo

67 3353 139 3431 lodi,
156 3352 273 3438 quibus
292 3354 418 3440 dignius
436 3354 521 3420 credi
538 3363 600 3430 est,
621 3364 688 3418 tum
705 3351 817 3417 foedus
835 3347 1075 3434 Neapohtauum

67 3484 93 3497 -
111 3469 150 3513 eo
173 3447 256 3513 enim
279 3447 391 3516 deinde
414 3471 538 3514 summa
554 3447 600 3513 rei
618 3443 811 3513 Graecorum
828 3443 913 3509 venit
931 3481 973 3491 —
991 3442 1076 3508 simi-

67 3546 111 3608 {us
129 3563 205 3607 vero
223 3541 299 3607 facit
316 3543 402 3629 ipsos
420 3543 453 3608 in
471 3541 639 3608 amicitiam
657 3540 786 3607 redisse.
817 3537 955 3603 Publilio
969 3538 1077 3603 trium·
1099 3557 1113 3605 r

67 3637 133 3705 hus
155 3637 314 3716 decretus,
342 3637 427 3722 quod
449 3637 525 3704 satis
544 3635 691 3703 credebat
678 3645 738 3713 tur,
762 3633 924 3715 obsidione
941 3631 1040 3698 domit
1027 3642 1075 3699 tos

67 3740 159 3802 ostes
177 3731 324 3798 infidam
341 3733 476 3799 venisse.
513 3732 576 3797 duo
600 3730 771 3817 singularia
787 3727 910 3795 haec
883 3727 996 3794 ervire
1014 3726 1075 3812 pri·

67 3849 138 3896 tum
155 3827 331 3914 contigere,
352 3827 533 3914 prorogatio
550 3826 673 3925 imperii
689 3848 753 3891 non
771 3834 843 3891 ante
860 3823 894 3891 in
911 3821 975 3888 ullo
992 3821 1076 3886 facta
1201 3875 1205 3881 .

67 3929 80 3988 ι
96 3929 170 3987 acto
188 3920 306 3987 honore
324 3921 511 4007 triumphus.

112 4013 267 4083 XXVII.
312 4013 411 4082 Aliud
442 4014 575 4082 subinde
606 4014 724 4082 bellum
751 4035 823 4080 cum
849 4009 974 4077 alterius
1000 4024 1107 4075 orael
