2566 4524
221 274 283 339 108
374 253 377 258 ’
454 283 573 339 mnan
586 283 629 354 11,
647 282 692 340 re.
707 283 751 339 rr.
772 286 847 356 [aa.
859 282 1024 355 anuas]

218 443 266 508 M.
289 441 408 509 Fabius
436 442 546 507 consul
573 440 729 506 transiluit
753 441 884 506 iacentis
911 464 1042 528 corpus,
1069 441 1232 529 obiectaque

218 561 328 624 parma
355 537 429 601 ‘hoc
455 536 581 601 iurastis
587 534 606 615 ,'
636 536 739 619 inquit
766 535 908 614 ‘milites,
940 535 1101 624 fugientes
1133 538 1236 605 vosin

185 654 199 702 6
219 644 321 699 castra
342 631 516 696 redituros?
542 632 621 696 adeo
642 631 865 718 ignavissimos
887 631 987 697 hostis
1011 632 1117 721 magis
1138 632 1235 699 timetis

218 750 313 813 quam
335 727 445 791 Iovem
467 725 681 809 Martemque,
708 748 765 812 per
786 748 866 809 quos
889 725 1038 791 iurastis?
1063 737 1098 792 at
1124 749 1182 814 ego
1199 728 1236 793 in-

218 823 338 887 iuratus
357 830 410 886 aut
431 820 531 886 victor
547 831 694 899 revertar,
714 830 768 885 aut
786 843 884 907 prope
902 831 933 886 te
946 820 1007 900 bie,
1029 820 1151 905 Quinte
1162 820 1236 901 Fabi,

219 916 372 981 dimicans
390 915 520 981 cadam!
556 916 677 980 consuli
695 925 763 979 tum
782 914 887 981 Caeso
899 914 1030 994 Fabius,
1049 917 1164 1003 prioris
1179 916 1247 983 anni.

221 1012 344 1077 consul:
365 1011 524 1077 ‘verbisne
532 1010 612 1088 istis,
631 1010 737 1088 frater,
755 1018 790 1074 ut
798 1018 950 1097 pugnent,
969 1019 1000 1076 te
1013 1010 1238 1097 impetraturum

185 1128 199 1174 r
219 1106 340 1172 credis?
357 1105 401 1170 dii
418 1105 638 1192 impetrabunt,
658 1127 714 1191 per
731 1127 812 1188 quos
828 1105 982 1170 iuravere.
1009 1113 1043 1170 et
1059 1129 1132 1186 nos,
1149 1116 1183 1172 nt
1195 1106 1249 1181 do,

218 1210 268 1267 eet
284 1222 445 1288 proceres,
464 1209 500 1264 ut
516 1199 618 1265 Fabio
635 1199 762 1264 nomine
781 1208 829 1265 est
846 1200 987 1288 dignum,
1005 1202 1180 1289 pugnando
1193 1222 1236 1289 po·

217 1296 281 1362 tius
304 1319 398 1380 quam
422 1295 616 1361 adhortando
640 1294 849 1360 accendamus
872 1294 1007 1359 militum
1029 1294 1175 1363 animos!
1202 1294 1237 1361 tir

216 1389 251 1456 in
267 1390 404 1481 primum
421 1391 554 1456 infensis
572 1390 671 1454 hastis
689 1388 854 1475 provolant
877 1390 941 1454 duo
958 1388 1067 1469 Fabii,
1095 1399 1236 1483 totamque

217 1494 384 1549 moverunt
402 1507 510 1548 secum
528 1485 638 1549 aciem.

185 1599 197 1645 1
282 1577 508 1643 XXXXVII.
544 1578 671 1643 Proelio
698 1600 738 1642 ex
764 1587 853 1663 parte
880 1600 944 1643 una
965 1579 1131 1658 restituto,
1157 1574 1235 1645 nibil,

220 1671 348 1759 segnius
366 1673 399 1736 in
417 1695 514 1738 cornu
533 1673 631 1738 altero
650 1672 710 1738 Cn.
728 1671 871 1736 Manlius
894 1672 1006 1738 consul
1026 1696 1172 1761 pugnam
1187 1671 1240 1751 ries

184 1787 198 1834 2
217 1766 285 1845 bat,
309 1766 365 1832 ubi
382 1790 480 1854 prope
499 1767 609 1832 similis
628 1766 755 1831 fortuna
773 1775 822 1832 est
839 1776 973 1832 versata
1009 1791 1086 1833 nam
1104 1778 1142 1834 ut
1157 1766 1234 1835 altat

216 1861 249 1925 in
267 1884 363 1926 comu
383 1861 423 1944 Q.
433 1861 579 1938 Fabium,
599 1862 645 1927 sic
662 1862 695 1925 in
712 1860 774 1925 hoc
790 1861 896 1946 ipsum
915 1862 1080 1927 consulem
1096 1860 1234 1927 Manlium

217 1955 281 2018 iam
304 1956 392 2020 velut
414 1955 504 2021 fusos
529 1965 675 2041 agentem
697 1954 797 2020 hostis
820 1964 852 2019 et
872 1955 995 2042 inpigre
1016 1956 1136 2022 milites
1157 1948 1233 2023 sertll

219 2056 354 2127 suntet,
381 2059 416 2113 ut
432 2049 484 2114 ille
502 2049 591 2136 gravi
614 2050 742 2115 vulnere
764 2050 846 2115 ictus
870 2073 910 2116 ex
928 2050 996 2116 acie
1019 2052 1134 2131 cessit,
1159 2052 1231 2119 intr·

184 2160 198 2208 3
218 2142 337 2206 fectum
354 2143 413 2208 rati
436 2145 570 2230 gradum
591 2144 739 2223 retulere3
762 2144 996 2229 cessissentque
1017 2144 1107 2226 loco,
1129 2146 1163 2213 ni
1177 2164 1230 2211 oon·

218 2237 268 2303 sul
286 2237 363 2303 alter
381 2261 452 2303 cum
471 2239 590 2322 aliquot
607 2239 718 2304 turmis
737 2240 877 2323 equitum
890 2239 923 2303 in
937 2262 1009 2305 eam
1021 2250 1147 2327 partem
1159 2240 1232 2307 citsb'

218 2354 299 2414 equo
309 2333 468 2410 advectus,
488 2334 594 2399 vivere
604 2332 766 2398 clamitans
781 2333 944 2419 collegam,
964 2356 1000 2399 se
1012 2332 1230 2401 victoreml'nst

183 2446 198 2492 4
217 2425 314 2493 altero
333 2450 430 2493 comu
448 2428 569 2507 adesse,
587 2450 655 2493 rem
672 2426 853 2492 inclinatam
872 2428 1086 2495 sustinuisset
1113 2426 1233 2495 Manlii·-
1259 2436 1273 2517 j

216 2543 341 2607 quoque
360 2524 401 2588 ad
417 2523 645 2588 restituendam
663 2523 763 2587 aciem
782 2523 902 2608 seipse
921 2545 1028 2588 coram
1042 2524 1146 2590 offert.
1174 2523 1229 2587 duo·
1259 2600 1265 2605 ,

215 2639 286 2680 rum
313 2618 478 2682 consulum
507 2617 634 2704 cognita
660 2639 715 2681 ora
744 2618 921 2682 accendunt
952 2617 1093 2684 militum
1162 2619 1171 2635 '

218 2710 310 2775 simul
329 2721 360 2776 et
377 2713 486 2777 vanior
503 2712 567 2777 iam
586 2721 653 2777 erat
670 2711 810 2776 hostium
828 2711 927 2789 acies,
956 2712 1049 2791 dum,
1074 2713 1228 2779 abundat

216 2805 414 2870 multitudine
433 2806 513 2884 freti,
534 2805 694 2871 subtracta
712 2804 854 2870 subsidia
871 2806 1002 2871 mittunt
1018 2808 1063 2872 ad
1080 2818 1228 2891 castraq-

183 2900 396 2984 spugnanda.
432 2900 465 2963 in
483 2922 563 2984 quae
584 2901 662 2965 haut
684 2922 800 2987 magno
823 2900 993 2966 certamine
1014 2900 1141 2989 impetn
1155 2901 1226 2971 {aab
1254 2976 1273 2994 ,ὀ

217 2991 292 3056 dum
309 2994 445 3079 praedae
463 2993 565 3080 magis
583 3017 679 3078 quam
696 3016 822 3080 pugnae
840 3016 996 3060 memores
1019 3004 1159 3063 tererent
1257 3010 1273 3031 ᾗ

216 3108 286 3172 pus,
306 3088 402 3152 triarii
415 3088 560 3166 Romani,
580 3090 633 3174 qui
642 3089 777 3174 primam
791 3088 1006 3174 inruptionem
1020 3091 1176 3157 sustinere
1253 3140 1257 3150 ·

216 3192 391 3269 potuerant,
411 3183 516 3248 missis
535 3184 576 3248 ad
594 3183 740 3248 consules
757 3182 886 3259 nuntiis,
907 3205 971 3267 quo
983 3182 1057 3249 loco
1070 3208 1125 3251 res
1137 3184 1227 3253 θῦσαί

216 3278 395 3364 conglobati
413 3279 453 3343 ad
471 3278 660 3365 praetorium
677 3277 809 3342 redeunt
827 3285 934 3342 elsua
952 3287 1068 3363 sponte
1085 3279 1148 3366 ipsi
1161 3292 1228 3365 prot·

183 3374 294 3440 olium
310 3383 471 3438 renovant.
507 3382 539 3438 et
555 3371 695 3436 Manlius
714 3370 825 3437 consul
841 3380 987 3437 revectus
1009 3373 1044 3437 in
1068 3384 1183 3451 casua,
1259 3387 1273 3431 ε

216 3488 324 3547 omnes
342 3476 448 3551 portas
466 3467 563 3532 milite
581 3467 735 3553 opposito,
754 3465 899 3532 hostibus
917 3465 1004 3529 viam
1022 3466 1185 3534 clauserat.
1204 3478 1229 3527 ο
1260 3466 1263 3471 ’

217 3561 392 3645 desperatio
407 3561 520 3627 Tuscis
539 3561 658 3627 rabiem
676 3561 778 3648 magis
797 3582 891 3645 quam
910 3560 1082 3651 audaciam
1099 3554 1227 3629 acotffl
1266 3584 1273 3591 ·

215 3677 290 3718 nam
307 3676 380 3718 cum
396 3655 600 3734 incursantes,
619 3677 817 3740 quacumque
832 3654 952 3719 exitum
966 3656 1226 3739 ostenderetque
1258 3650 1261 3657 ⁴

216 3770 298 3813 vano
319 3748 504 3832 aliquotiens
526 3752 645 3836 impetu
667 3750 780 3827 issent,
808 3748 922 3837 globus
940 3749 1098 3815 iuvenum
1118 3768 1193 3817 unns
1203 3740 1233 3807 ll-

183 3865 197 3910 7
215 3843 321 3930 ipsum
338 3843 509 3922 consulem,
528 3845 684 3931 insignem
703 3846 812 3923 armis,
830 3844 961 3910 invadit.
996 3845 1104 3931 prima
1119 3844 1227 3925 excep&

216 3962 235 4003 a
253 3937 524 4004 circumstantibus
543 3939 619 4018 tela,
648 3940 794 4004 sustineri
812 3939 925 4005 deinde
942 3939 992 4005 vis
1014 3938 1136 4025 nequit
1171 3950 1226 3999 ω·
1258 3980 1262 3993 ·

217 4031 266 4096 sul
292 4032 451 4098 mortifero
478 4034 606 4099 vulnere
632 4034 713 4100 ictus
741 4035 838 4113 eadit,
866 4034 994 4120 fusique
1023 4036 1109 4102 eirca
1128 4042 1223 4101 omnfl·
1258 4072 1273 4101 r
