2566 4524
144 232 211 300 476
304 241 424 299 LIBER
439 240 541 314 VIIII,
558 240 603 298 32.
613 241 660 299 83.
679 245 718 312 [a.
726 258 756 298 u.
768 192 866 298 elib.
880 240 975 314 cust]

145 403 324 475 nuntiatum
342 411 404 480 est,
424 400 581 485 extemplo
598 409 752 467 tesseram
769 400 838 466 dari
854 399 958 480 iubet,
977 410 1015 467 ut
1029 403 1168 490 prandeat

145 497 237 566 miles
254 498 449 581 firmatisque
467 495 538 562 cibo
553 494 675 579 riribus
693 517 782 561 arma
798 495 912 582 capiat
940 495 1027 563 dieto
1044 507 1167 585 paretur.

113 613 130 664 o
147 593 258 661 consul
279 591 335 658 ubi
357 599 492 657 armatos
513 599 704 676 paratosque
720 589 814 669 vidit,
837 590 931 678 signa
951 600 1046 659 extra
1064 592 1168 660 vallum

145 687 279 775 proferri
299 684 393 752 iussit
413 693 445 749 et
461 683 548 749 baud
568 683 678 770 procul
699 682 791 751 hoste
811 684 963 751 instruxit
980 686 1093 754 aciem.
1126 687 1167 754 d

146 781 298 868 quamdiu
314 778 426 844 intenti
443 777 600 863 utrimque
618 786 772 845 steterunt
784 789 1002 865 expectantes,
1021 790 1059 847 ut
1071 781 1112 849 ab
1127 780 1164 848 sd

112 874 293 949 eremariis
311 873 429 940 clamor
447 882 479 938 et
494 895 603 959 pugna
623 872 789 960 inciperet;
816 884 848 940 et
868 875 959 960 prius
983 874 1034 942 sol
1056 876 1167 944 men‘die

147 992 182 1039 se
195 968 358 1036 inclinavit
371 989 468 1054 quam
480 967 579 1033 telum
591 966 665 1033 hinc
682 980 737 1033 aut
753 967 838 1034 illinc
857 969 1013 1037 emissum
1027 981 1088 1037 est
1109 970 1164 1037 inde

147 1087 188 1132 ne
213 1064 331 1130 infecta
350 1086 386 1129 re
408 1062 559 1142 abiretur,
587 1062 705 1129 clamor
726 1061 766 1130 ab
788 1061 934 1130 Etruscis
957 1065 1063 1132 oritur
1083 1065 1168 1133 conci·

112 1183 129 1233 a
146 1169 287 1244 nuntque
305 1157 400 1224 tubae
413 1167 445 1224 et
462 1157 555 1244 signa
570 1157 755 1224 inferuntur.
782 1179 843 1224 nec
855 1158 990 1246 segnius
1002 1159 1166 1228 allemania

146 1272 256 1343 pugna
271 1253 377 1319 initur.
409 1262 597 1319 concurrunt
613 1252 748 1320 infensis
765 1254 888 1320 animis.
919 1277 1059 1324 numero
1075 1256 1166 1335 hosis,

112 1369 130 1420 8
147 1350 262 1416 virtrde
275 1347 440 1415 Romanus
458 1357 594 1434 superat.
631 1370 748 1435 anceps
764 1348 919 1435 proelium
936 1349 1060 1418 multos
1076 1351 1168 1417 ubin-

147 1466 210 1530 que
228 1453 259 1509 et
275 1441 485 1509 fortissimum
500 1463 660 1528 quemque
678 1441 830 1522 absumit,
848 1464 909 1510 nec
924 1443 1016 1530 prius
1035 1446 1168 1513 inclinata

145 1560 198 1604 res
221 1547 269 1604 est
291 1559 388 1624 quam
410 1537 550 1604 secunda
567 1537 651 1605 acies
668 1536 814 1604 Romana
831 1537 872 1604 ad
888 1538 995 1624 prima
1011 1540 1118 1629 signa,
1131 1541 1169 1606 in·

113 1653 129 1704 a
148 1633 228 1720 tegri
245 1632 350 1711 fessis,
370 1641 599 1698 successerunt
633 1631 778 1710 Etrusci,
796 1632 872 1716 quia
886 1631 985 1699 nullis
1002 1634 1168 1702 recentibus

147 1729 296 1798 subsidiis
314 1729 394 1795 fulta
411 1729 513 1817 prima
530 1728 614 1796 acies
630 1727 788 1808 scitante
807 1728 899 1816 signa
911 1728 1063 1815 circoque
1075 1750 1168 1797 omnes

147 1825 336 1892 ceciderunt.
372 1824 458 1891 nullo
481 1845 631 1908 umquam
652 1822 770 1909 proelio
788 1821 886 1910 firges
907 1822 1017 1890 minus
1034 1847 1096 1892 nec
1110 1825 1169 1912 plus

147 1921 254 1986 caedis
271 1919 395 1999 fuisset,
412 1919 447 1985 ni
464 1917 638 1985 obstinatos
656 1918 736 1983 mori
754 1916 878 1984 Tuscos
895 1938 962 1984 nox
979 1919 1120 2000 texisset,
1134 1920 1170 1984 ita

96 2033 130 2082 10
148 2024 183 2080 nt
195 2014 330 2079 victores
342 2014 431 2099 prius
444 2034 539 2097 quam
553 2013 628 2078 victi
644 2012 810 2100 pugnandi
821 2011 918 2077 finem
931 2012 1086 2082 lacerent
1110 2021 1170 2102 post

148 2130 297 2176 occasum
316 2107 391 2173 solis
411 2107 537 2194 signum
554 2107 694 2193 receptui
712 2107 820 2174 datum
837 2116 900 2186 est;
926 2118 1022 2176 nocte
1040 2108 1082 2176 ab
1098 2118 1171 2175 uuo·

97 2220 128 2270 11
148 2202 260 2289 quein
278 2211 382 2269 castra
403 2201 547 2268 reditum.
583 2223 644 2268 nec
661 2201 774 2268 deinde
791 2201 962 2287 quicquam
979 2224 1020 2270 ec
1039 2200 1171 2270 annoni

146 2297 299 2364 memoria
325 2296 440 2384 dignae
466 2297 552 2382 apud
575 2294 719 2363 Sutrium
740 2305 866 2382 gestum
892 2305 955 2374 est,
983 2296 1062 2381 quia
1087 2306 1117 2364 et
1138 2316 1170 2363 cx

87 2408 90 2413 ’
146 2392 285 2459 bostium
304 2392 443 2459 exercitu
464 2391 566 2478 prima
583 2400 649 2456 tota
666 2391 750 2457 acies
769 2390 872 2457 deleta
888 2413 953 2458 uno
976 2392 1098 2478 proelio
1113 2391 1170 2458 fuc-

146 2498 195 2553 rat
221 2486 417 2554 subsidiariis
446 2487 540 2552 modo
566 2486 696 2565 relictis,
729 2486 784 2551 vix
809 2487 895 2571 quod
922 2486 1002 2553 satis
1030 2498 1115 2555 esset
1137 2485 1170 2552 ad

97 2598 128 2649 12
147 2593 321 2649 castrorum
337 2582 540 2669 praesidium,
555 2590 586 2646 et
599 2582 684 2666 apud
697 2581 859 2648 Romanos
877 2590 1002 2647 tantum
1015 2583 1170 2649 vulnerum

145 2678 216 2758 furit,
231 2688 266 2744 ut
282 2678 388 2764 plures
406 2689 480 2764 post
496 2676 650 2763 proelium
669 2676 767 2742 saucii
784 2677 979 2744 decesserint
992 2700 1091 2764 quam
1103 2676 1171 2745 ceci·

147 2774 257 2839 derant
273 2774 307 2838 in
325 2773 401 2838 acie.

114 2883 128 2931 1
211 2866 386 2931 XXXIII.
414 2865 455 2949 Q.
474 2864 593 2932 Fabius
615 2865 810 2950 insequentis
834 2866 908 2953 anni
930 2868 1045 2934 consul
1067 2867 1171 2935 bellum

146 2962 189 3028 ad
199 2958 341 3027 Sutrium
356 2962 487 3049 excepit,
502 2962 624 3049 collega
632 2961 733 3028 Fabio
744 2961 782 3028 O.
792 2956 934 3041 Marcius
944 2963 1077 3032 Rutilus
1091 2964 1170 3029 datus

112 3071 129 3119 2
147 3064 205 3123 est.
243 3065 382 3126 ceterum
405 3066 436 3123 et
452 3056 573 3123 Fabius
598 3055 851 3142 supplementum
869 3055 909 3122 ab
927 3054 1038 3124 Roma
1055 3038 1171 3125 adduxit

127 3160 129 3164 ’
147 3162 179 3219 et
196 3175 298 3219 novus
317 3153 472 3219 exercitus
491 3153 585 3218 domo
603 3152 722 3217 accitus
740 3151 885 3217 Etruscis
903 3153 1000 3218 venit

112 3263 128 3312 8
210 3247 364 3314 Permulti
381 3248 455 3313 anni
472 3248 536 3312 iam
550 3254 647 3325 erant,
662 3268 734 3312 cum
751 3247 833 3313 inter
849 3244 1000 3333 patricios
1016 3248 1172 3337 magistra·

29 3414 32 3421 ,
146 3351 199 3408 tus
216 3343 421 3427 tribunosque
438 3342 525 3407 nulla
543 3340 713 3407 certamina
729 3340 864 3419 fuerant,
883 3362 958 3406 cum
976 3363 1019 3408 ex
1038 3365 1079 3411 ea
1094 3339 1173 3409 sami·

146 3436 203 3514 lia,
222 3457 305 3520 quae
321 3436 408 3502 velut
425 3437 531 3503 fatalis
550 3436 651 3521 (cum)
669 3434 803 3502 tribunis
822 3457 859 3501 ac
875 3434 964 3520 plebi
980 3447 1067 3518 erat,
1087 3447 1173 3504 certa·

113 3546 222 3595 tmen
244 3529 351 3595 oritur.
385 3529 451 3617 Ap.
471 3530 625 3597 Claudius
649 3551 761 3596 censor
787 3529 987 3596 circumactis
1014 3530 1126 3600 decem
1148 3535 1173 3594 et

146 3633 216 3690 octo
230 3624 401 3705 mensibus,
411 3627 496 3711 quod
504 3625 644 3691 Aemilia
655 3625 726 3711 lege
738 3624 862 3690 finitum
876 3646 1035 3693 censurae
1049 3627 1173 3715 spatium

142 3719 297 3807 temporis
315 3730 391 3798 erat,
411 3742 483 3786 cum
498 3717 536 3786 O.
550 3718 696 3787 Plautius
714 3716 836 3806 collega
853 3718 921 3784 eius
940 3720 1132 3808 magistratu
1146 3734 1171 3783 sc

112 3831 128 3880 t
146 3813 334 3895 abdicasset,
352 3814 440 3880 nulla
456 3815 489 3879 vi
507 3814 641 3900 conpelli
659 3822 694 3879 ut
711 3811 872 3879 abdicaret
887 3814 1004 3900 potuit.
1037 3812 1078 3882 P.
1094 3812 1172 3883 Sem·

145 3911 275 3994 pronius
294 3921 361 3977 erat
377 3909 522 3976 tribunus
543 3908 660 3995 plebis,
683 3907 739 3993 qui
755 3907 911 3974 finiendae
929 3929 1090 3978 censuros
1104 3910 1173 3975 intro

144 4000 321 4089 legitimum
348 4014 471 4091 tempus
499 4003 653 4070 actionem
679 4012 876 4090 susceperat,
903 4023 971 4071 non
996 4003 1171 4093 popularem
