2566 4524
142 268 205 335 190
400 279 519 333 meaa
532 278 590 349 111,
609 279 653 333 ca
670 279 713 333 ro.
734 280 809 349 [au.
821 278 918 348 asos]

140 437 357 505 oboedientem
379 437 467 501 inre
488 446 554 500 tam
579 436 702 521 trepida
721 434 864 521 patribus
891 434 1085 522 praeberent3
1102 454 1141 521 ap
1166 428 1169 433 ’

138 534 255 620 pellare
277 531 419 597 tribunos
442 553 640 596 communem
666 531 800 616 patriam
826 529 1041 616 auxiliumque
1061 552 1144 596 eorm

107 650 121 699 6
138 627 293 714 inplorare
311 627 441 691 vastatis
460 626 554 711 agris,
573 625 651 690 urbe
672 648 770 711 prope
789 624 984 712 obpugnata.
1015 646 1146 691 consentu

139 722 280 787 omnium
298 720 430 784 dilectus
448 719 624 784 decernitur
640 718 846 803 habeturque.
882 741 957 784 cum
974 718 1147 785 consuletis

139 815 284 880 contione
300 814 568 900 pronuntiassent,
597 825 721 898 tempus
743 836 807 878 non
828 835 901 879 esse
922 836 1038 880 causas
1055 834 1149 902 cogno

141 909 263 987 scendi,
291 931 399 973 omnes
421 908 559 972 iuniores
580 919 707 992 postero
730 908 779 971 die
798 908 900 993 prima
916 907 989 973 luce
1009 909 1046 974 in
1062 928 1152 994 campo
1174 980 1177 987 ,

107 1025 120 1071 t
138 1002 256 1068 Martio
274 1004 435 1082 adessent,
454 1003 682 1090 cognoscendis
701 1003 805 1067 causis
824 1026 948 1082 eorum,
973 1004 1030 1087 qui
1046 1004 1153 1069 nonin

138 1121 202 1162 non
220 1099 393 1176 dedissent,
417 1098 500 1163 bello
518 1099 657 1184 perfecto
676 1120 710 1162 se
728 1098 857 1162 daturos
875 1107 1018 1183 tempus,
1045 1121 1100 1185 pro
1112 1098 1155 1163 (le-

138 1203 256 1258 sertore
274 1192 428 1271 futurum,
448 1194 537 1258 cuius
555 1216 619 1258 non
635 1192 824 1280 probassent
842 1215 987 1272 causam,
1006 1193 1107 1259 omnis
1119 1194 1170 1263 in.

104 1297 250 1355 eventus
272 1288 374 1352 adfuit
395 1297 521 1374 postero
544 1288 604 1351 die.
641 1287 785 1353 cohortes
808 1287 870 1352 sibi
893 1308 1041 1372 quaeque
1067 1302 1156 1354 centu·

137 1381 241 1447 riones
263 1382 422 1469 legerunt,
450 1382 516 1447 bini
539 1392 698 1447 senatores
722 1381 855 1468 singulis
878 1382 1063 1448 cohortibus
1083 1402 1156 1469 prae·

136 1476 240 1561 positi.
278 1477 357 1541 haec
379 1477 485 1541 omnia
506 1476 585 1541 adeo
607 1486 730 1541 mature
751 1476 893 1563 perfecta
914 1478 1108 1563 accepimus,
1128 1484 1156 1541 ut

138 1570 244 1656 signa,
272 1593 309 1635 eo
327 1571 397 1655 ipso
416 1571 466 1634 die
485 1594 504 1635 a
522 1570 740 1655 quaestoribus
758 1594 798 1636 ex
815 1572 935 1636 aerario
954 1588 1101 1659 prompta
1114 1571 1157 1637 de·

136 1663 262 1747 lataque
287 1664 321 1728 in
347 1686 507 1749 campum,
540 1676 651 1748 quarta
682 1665 744 1728 diei
777 1665 855 1730 hora
880 1676 969 1731 mota
995 1689 1038 1732 ex
1063 1686 1157 1751 campo

137 1758 201 1822 sint
218 1759 436 1843 exercitusque
453 1781 569 1836 novus,
596 1759 707 1845 paucis
726 1759 907 1825 cohortibus
929 1771 1077 1827 veterum
1091 1760 1157 1827 mili·

136 1862 203 1916 tum
221 1853 382 1918 voluntate
400 1853 614 1936 sequentibus,
634 1854 782 1918 manserit
795 1856 836 1919 ad
850 1855 1010 1921 decimum
1024 1856 1155 1943 lapidem.

103 1965 118 2014 9
136 1947 306 2030 insequens
329 1949 396 2011 dies
420 1947 543 2012 hostem
565 1948 599 2011 in
617 1959 820 2033 conspectum
838 1949 925 2014 dedit
948 1946 1155 2037 castraquesd

138 2039 330 2105 Corbionem
347 2042 459 2105 castris
478 2051 551 2106 sunt
568 2043 744 2108 coniuncta.
771 2044 863 2109 tertio
881 2045 932 2108 die
951 2068 1027 2110 cum
1044 2046 1091 2111 ira
1104 2044 1154 2111 lto

136 2158 261 2213 manos,
280 2136 365 2213 illos,
384 2158 457 2201 cum
475 2137 589 2202 totiens
606 2137 824 2216 rebellassent,
848 2139 1045 2206 conscientia
1061 2140 1153 2226 culpa

136 2251 174 2294 ac
191 2230 368 2314 desperatio
386 2231 534 2309 inritaret,
553 2254 642 2296 mora
659 2232 827 2296 dimicandi
845 2233 932 2298 nulla
950 2244 1000 2300 est
1017 2236 1108 2301 facta.

103 2345 116 2391 1
198 2324 314 2389 LXX.
350 2325 390 2390 In
408 2326 547 2391 exercitu
564 2326 709 2390 Romano
728 2349 799 2390 cum
818 2327 881 2392 duo
899 2328 1050 2397 consules
1067 2334 1152 2395 esseut

134 2429 288 2505 potestate
306 2422 384 2506 pari,
404 2423 490 2505 quod
508 2420 746 2485 saluberrimum
764 2421 798 2485 in
815 2422 1087 2490 administratione
1101 2442 1151 2487 ns·

134 2537 268 2601 gnarum
286 2538 391 2580 rerum
409 2527 471 2594 est,
499 2538 623 2581 summa
638 2516 774 2601 imperii,
803 2517 997 2583 concedente
1014 2519 1149 2607 Agrippa

133 2632 231 2696 penes
250 2611 404 2696 collegam
422 2622 497 2689 erat,
516 2621 548 2675 et
564 2611 722 2695 praelatus
740 2612 791 2675 ille
809 2612 961 2678 facilitate
974 2615 1151 2680 summitten-

134 2705 174 2768 tis
193 2727 227 2769 se
246 2706 376 2769 comiter
391 2706 602 2791 respondebat
620 2707 880 2771 communicando
898 2709 1033 2774 consilia
1045 2708 1148 2773 laudet·

100 2819 115 2864 a
134 2821 195 2882 que
214 2809 246 2862 et
263 2801 426 2882 aequando
444 2801 585 2886 inparem
604 2800 673 2865 sibi.
710 2802 745 2864 in
757 2802 824 2866 acie
839 2801 1010 2885 Quinctius
1024 2805 1147 2869 dexmn

134 2913 244 2968 cornu,
271 2890 418 2980 Agrippa
436 2894 596 2959 sinistrum
618 2895 731 2974 tenuit3
761 2895 817 2981 Sp.
836 2895 1004 2964 Postumio
1021 2894 1147 2965 Albole·

133 2996 208 3072 gato
225 2986 318 3051 datur
335 2989 439 3054 media
461 2991 544 3054 acies
567 2990 697 3067 tuenda,
724 2989 864 3076 legatum
881 2992 1018 3057 alterum
1036 2993 1074 3058 P.
1092 2986 1146 3058 Sul·

99 3080 249 3167 spiciam
276 3083 433 3167 equitibus
460 3084 653 3170 praeficiunt.
697 3085 819 3168 pedites
851 3085 892 3150 ab
923 3086 1040 3153 dextro
1070 3100 1144 3153 cort!

133 3178 259 3264 egregie
289 3201 471 3265 pugnavere
502 3178 587 3242 haud
614 3179 752 3264 segniter
781 3178 1003 3247 resistentibus
1031 3177 1142 3249 Volatit

96 3271 170 3339 4P.
195 3271 355 3358 Sulpicius
382 3297 439 3360 per
465 3274 601 3339 mediam
626 3273 766 3338 hostium
791 3274 893 3338 aciem
920 3296 996 3341 cum
1026 3276 1143 3362 equitatu

130 3367 279 3452 perrupit.
315 3369 398 3431 unde
417 3391 489 3434 cum
507 3369 618 3432 eadem
635 3368 750 3432 reverti
766 3378 876 3454 posset
891 3369 935 3434 ad
953 3392 1047 3450 suos,
1063 3368 1144 3457 priua·

131 3481 227 3544 quam
248 3461 348 3526 hostis
371 3463 512 3528 turbatos
540 3463 665 3527 ordines
692 3463 846 3541 reficeret,
874 3472 964 3551 terga
990 3466 1143 3553 inpugna

131 3553 270 3619 hostium
287 3556 384 3620 satius
403 3557 507 3622 visum
525 3566 582 3622 est.
618 3568 839 3642 momentoque
856 3559 1011 3645 temporis
1027 3560 1061 3625 in
1076 3574 1144 3623 avet·

131 3671 200 3713 sam
220 3648 410 3716 incursando
433 3651 532 3716 aciem
557 3652 686 3736 ancipiti
703 3662 818 3718 terrore
841 3652 1031 3740 dissipasset
1046 3654 1142 3721 hosta

130 3742 163 3807 ni
180 3765 239 3808 suo
255 3745 381 3830 proprio
399 3769 471 3810 eum
488 3747 607 3832 proelio
632 3748 753 3830 equites
772 3746 963 3813 Volscorum
986 3759 1019 3815 et
1034 3748 1143 3831 Aeque

95 3862 111 3909 s
128 3861 200 3904 rum
217 3853 384 3926 exceptum
405 3842 597 3926 aliquamdiu
619 3843 803 3908 tenuissent.
838 3841 884 3907 ibi
905 3865 983 3909 vero
1002 3838 1142 3929 Sulpiciut

128 3957 244 4023 negare
261 3939 430 4002 cunctandi
448 3948 572 4022 tempus
595 3959 680 4015 esse,
708 3937 938 4002 circumventos
959 3936 1143 4003 interclusor-

128 4052 190 4116 que
207 4030 249 4097 ab
268 4032 333 4098 suis
352 4031 542 4111 vociferans,
569 4033 602 4096 ni
621 4042 765 4117 equestre
781 4031 936 4119 proelium
954 4031 1058 4099 conixi
1074 4018 1142 4095 ornnl
