2566 4524
343 242 629 313 brannacum.
648 241 802 315 [acmo]
1023 233 1087 300 627

53 403 147 477 etiam
174 400 302 490 egregie
328 410 377 467 est
396 399 685 486 Perusinorumque
707 411 739 467 et
762 399 966 469 Clusinorum
993 425 1119 474 caesar

53 496 188 584 amplius
205 495 293 561 milia
305 496 364 561 tria
377 504 409 561 et
421 495 513 583 signa
525 494 671 561 militaria
684 496 725 560 ad
737 495 848 583 viginti
862 506 963 584 capta
992 495 1085 564 Sam·
1103 519 1118 566 a

52 596 166 665 uitium
181 616 298 683 agmen
315 616 388 660 cum
400 616 457 681 per
464 592 653 682 Paelignum
670 616 782 680 agrum
799 593 933 681 fugeret,
951 593 1085 660 circum-

53 701 183 761 ventum
194 688 385 777 aPaelignis
399 698 462 769 est3
480 709 521 755 ex
532 687 660 755 milibus
675 689 813 774 quinque
831 689 872 754 ad
888 688 974 755 mille
989 689 1082 755 caesi.

113 786 241 875 Magna
257 784 325 851 eius
343 784 415 864 diei,
433 806 496 869 quo
509 783 543 850 in
553 780 711 850 Sentinati
727 807 805 872 agro
822 784 984 864 bellatum,
997 784 1084 851 fama
1101 803 1118 850 4

54 890 101 949 cst
121 880 221 947 etiam
240 901 317 949 vero
338 878 453 945 stanti:
480 878 537 945 sed
563 878 757 966 superiecere
783 879 912 964 quidam
937 879 1083 968 augendo

53 974 164 1055 fidem,
190 973 247 1060 qui
271 974 305 1039 in
330 972 468 1039 bostium
494 971 633 1038 exercitu
661 973 805 1061 peditum
835 973 921 1039 milia
948 994 1119 1053 cccxxx,5

55 1069 194 1157 equitum
209 1090 266 1135 sex
278 1078 309 1135 et
322 1067 531 1155 quadraginta
543 1066 640 1146 milia,
652 1065 738 1133 mille
754 1076 973 1155 carpentorum
986 1068 1084 1154 scrip-

55 1186 121 1235 sere
138 1163 251 1243 fuisse,
270 1158 389 1230 scilicet
406 1184 480 1228 cum
496 1160 629 1229 Umbris
643 1160 830 1248 Tuscisque,
849 1186 929 1249 quos
947 1172 979 1228 et
995 1163 1082 1250 ipsos
1102 1182 1119 1229 c

54 1278 183 1351 pugnas
199 1256 342 1325 adfuisse
346 1282 357 1339 ;
384 1266 416 1323 et
431 1267 468 1322 ut
483 1255 701 1323 Romanorum
718 1279 844 1344 quoque
861 1267 1014 1345 augerent
1031 1280 1085 1325 co-

53 1354 135 1445 pias,
152 1353 197 1420 1..
215 1351 420 1419 Volumnium
440 1373 499 1438 pro
517 1352 646 1418 consule
663 1353 777 1417 ducem
794 1351 976 1419 consulibus
994 1374 1084 1419 exer-

54 1447 213 1533 citumque
235 1448 303 1515 eius
325 1446 503 1536 legionibus
521 1447 685 1513 consulum
703 1446 851 1514 adiciunt
885 1447 919 1512 in
940 1447 1082 1535 pluribus
1103 1466 1117 1512 r

54 1542 219 1611 annalibus
241 1543 375 1609 duorum
392 1564 431 1608 ea
452 1540 617 1609 consulum
638 1543 765 1630 propria
785 1542 916 1609 victoria
937 1551 999 1622 est,
1017 1541 1084 1609 Vo-

53 1634 190 1704 lumnius
207 1637 241 1702 in
255 1633 386 1704 Samnio
402 1635 529 1703 interim
544 1658 596 1702 res
613 1637 704 1724 gerit,
724 1634 976 1723 Samnitiumque
995 1660 1084 1703 exer-

53 1730 150 1797 citum
165 1731 199 1796 in
216 1730 382 1798 Tifernum
399 1740 539 1797 montem
556 1731 743 1817 conpulsum
759 1752 824 1797 non
841 1732 1006 1797 deterritus
1023 1733 1083 1795 ini-

52 1826 170 1913 quitate
185 1826 249 1893 loci
266 1827 369 1893 fundit
385 1827 549 1917 fugatque.

111 1919 154 2006 Q„
162 1921 284 1988 Fabius
292 1921 436 1989 Deciano
450 1921 590 1988 exercitu
601 1920 710 1988 relicto
722 1921 756 1986 in
764 1920 911 1986 Etruriae
923 1920 1117 2006 praesidius

53 2016 117 2085 suis
139 2015 318 2105 legionibus
340 2016 483 2082 deductis
501 2016 543 2082 ad
563 2015 674 2082 urbem
696 2017 736 2081 de
755 2013 855 2083 Gallis
873 2014 1081 2100 Etruscisque

51 2130 90 2179 ιο
106 2106 305 2179 Samnitibus
327 2110 540 2197 triumphavit.
576 2109 692 2175 milites
714 2110 958 2197 triumphantem
981 2108 1080 2175 secuti
1100 2128 1115 2178 9

50 2213 135 2273 sunt.
163 2202 320 2271 celebrata
335 2204 504 2271 inconditis
522 2202 712 2270 carminibus
730 2203 916 2270 militaribus
933 2225 996 2269 non
1015 2227 1082 2267 ma-

49 2298 102 2389 gis
124 2298 256 2365 victoria
279 2297 321 2383 Q.
337 2298 432 2367 Fabii
457 2320 553 2383 quam
579 2320 664 2363 mors
690 2296 851 2384 praeclara
871 2296 910 2362 P.
927 2296 1010 2361 Deci
1033 2307 1082 2363 est

50 2391 249 2478 excitataque
265 2392 416 2458 memoria
434 2391 572 2480 parentis
591 2400 725 2476 aequata
743 2399 857 2457 eventu
873 2388 1000 2477 publico
1018 2391 1082 2477 pri-

49 2497 186 2575 vatoque
202 2487 248 2552 lili
264 2486 420 2553 laudibus.
452 2488 526 2552 data
538 2508 578 2551 ex
595 2486 712 2573 praeda
728 2485 880 2552 militibus
898 2485 978 2550 aeris
996 2494 1082 2552 octo-
1101 2507 1133 2554 10

48 2584 123 2673 geni
142 2581 208 2649 bini
226 2604 366 2669 sagaque
383 2592 415 2648 et
432 2583 570 2660 tunicae,
593 2581 732 2668 praemia
749 2580 803 2645 illa
820 2590 1005 2667 tempestate
1022 2581 1081 2646 rni-

47 2674 134 2745 litiae
150 2675 396 2761 haudquaquam
414 2677 599 2763 spernenda.

110 2769 253 2839 XXXI.
274 2770 338 2838 His
355 2772 400 2837 ita
416 2771 512 2837 rebus
529 2770 628 2857 gestis
641 2793 700 2835 nec
714 2770 748 2835 in
763 2767 958 2835 Samnitibus
976 2769 1080 2834 adhuc
1100 2790 1112 2836 1

46 2888 107 2935 nec
124 2866 159 2931 in
170 2865 301 2932 Etruria
316 2887 381 2953 pax
398 2875 478 2933 erat:
496 2890 570 2931 nam
586 2876 617 2931 et
629 2865 792 2931 Perusinis
811 2864 990 2932 auctoribus
1008 2874 1079 2951 post

47 2960 221 3029 deductum
234 2961 274 3028 ab
288 2960 417 3028 consule
431 2961 603 3028 exercitum
620 2960 806 3043 rebellatum
819 2960 931 3039 fuerat,
946 2972 977 3025 et
987 2957 1079 3027 Sam·
1099 2979 1113 3026 a

48 3054 131 3123 nites
159 3055 343 3142 praedatum
368 3056 401 3121 in
428 3078 539 3143 agrum
562 3051 734 3119 Vescinum
756 3054 1022 3135 Formianumque
1048 3063 1079 3117 et

44 3160 139 3241 parte
156 3151 219 3216 alia
235 3150 268 3216 in
284 3150 498 3217 Aeserninum
516 3171 660 3234 quaeque
678 3147 834 3214 Vulturno
856 3147 999 3211 adiacent
1020 3145 1080 3209 flu-

44 3246 128 3315 mini
144 3247 344 3313 descendere.
379 3246 531 3312 adversus
550 3268 604 3311 eos
618 3243 682 3331 Ap.
694 3242 846 3310 Claudius
864 3250 989 3329 praetor
1005 3261 1077 3306 cum
1096 3260 1113 3308 a

46 3341 190 3409 exercitu
209 3340 353 3407 Deciano
379 3340 507 3407 missus.
549 3338 670 3408 Fabius
696 3339 730 3403 in
754 3337 883 3403 Etruria
907 3335 1078 3403 rebellante

46 3436 154 3505 denno
175 3445 322 3521 quattuor
343 3437 429 3503 milia
450 3445 482 3502 et
502 3436 690 3523 quingentos
707 3433 933 3499 Perusinorum
954 3430 1078 3510 occidit,

47 3532 135 3621 cepit
151 3532 195 3599 ad
210 3531 295 3597 mille
314 3532 528 3621 septingentos
547 3529 763 3616 quadraginta,
777 3527 832 3612 qui
848 3526 1001 3614 redempti
1015 3527 1078 3593 sin·
1096 3546 1113 3594 4

47 3626 116 3715 guli
141 3625 224 3693 aeris
247 3626 392 3692 trecentis
416 3627 544 3704 decem3
569 3625 688 3712 praeda
710 3622 771 3688 alia
797 3622 899 3689 omnis
926 3621 1077 3689 militibus

48 3742 211 3789 concessa
244 3716 434 3787 Samnitium
449 3718 601 3808 legiones,
620 3726 831 3805 campartem
847 3715 912 3804 Ap.
923 3715 1076 3783 Claudius
1096 3735 1111 3782 5

47 3824 188 3903 praetor,
206 3824 327 3901 partem
344 3815 386 3880 L.
401 3813 591 3880 Volumnius
609 3836 666 3901 pro
685 3812 813 3879 consule
832 3820 1026 3897 sequeretur,
1044 3808 1077 3871 in

48 3931 162 3999 agrum
182 3905 346 3976 Stellatem
368 3919 591 3975 convenerunt.
630 3907 675 3975 ibi
697 3918 729 3973 et
752 3904 941 3973 Samnitium
967 3924 1076 3968 omnes

47 4005 218 4073 considunt
249 4012 279 4069 et
304 4002 432 4091 Appius
457 4002 711 4089 Volumniusque
741 4011 843 4068 castra
873 3996 1075 4083 coniungunt.
