2550 4530
289 268 408 326 mssa
425 269 511 340 vm,
529 269 554 325 a.
568 268 594 325 4.
613 273 651 340 [a.
661 268 692 327 o.
701 269 761 326 341.
769 269 833 341 340]
1015 259 1081 329 399

62 429 171 498 ulibus
196 427 342 495 abdicare
366 449 400 494 se
422 428 622 516 magistratu,
650 431 712 513 quo
734 427 887 496 maturius
908 431 984 498 novi
1005 452 1080 498 con-

62 526 134 594 ules
165 524 321 590 adversus
352 532 472 589 tantam
502 523 618 590 molem
644 523 719 591 belli
745 534 937 606 crearentur,
966 526 1078 615 religio

62 621 192 699 ncessit,
215 619 257 685 ab
274 618 335 698 eis,
358 640 492 703 quorum
513 618 702 684 inminutum
717 619 884 706 imperium
905 630 1003 701 esset,
1027 643 1080 688 co·

62 716 137 782 ritia
153 714 276 780 haberi.
316 713 422 798 itaque
440 714 653 801 interregnum
669 714 791 780 initum.
827 715 890 782 duo
907 716 1114 805 interregess

62 819 181 878 uerunt
209 808 258 875 M.
281 807 428 876 Valerius
459 831 497 875 ac
527 807 575 875 M.
601 808 739 876 Fabius:
773 808 931 900 [Fabius]
963 813 1080 880 meavit

62 905 196 974 onsules
222 903 262 970 T.
289 903 448 971 Manlium
474 902 670 989 Torquatum
700 905 839 985 tertium,
878 905 917 972 P.
938 905 1078 974 Decium

62 1001 188 1067 durem.

107 1095 163 1161 Eo
183 1115 264 1160 anno
282 1092 501 1160 Alexandrum
518 1093 610 1180 Epiri
626 1116 734 1182 regem
750 1094 784 1159 in
800 1093 926 1160 Italiam
944 1093 1077 1162 classem
1097 1116 1114 1164 6

62 1189 210 1278 ppulisse
232 1197 367 1266 constat,
395 1189 481 1274 quod
503 1187 633 1269 bellum,
662 1190 690 1256 si
709 1189 812 1275 prima
834 1189 910 1256 satis
927 1211 1079 1277 prospera

62 1288 198 1364 cissent,
230 1284 315 1351 haud
341 1285 436 1350 dubie
462 1285 504 1350 ad
529 1285 690 1353 Romanos
720 1285 924 1372 pervenisset
969 1286 1113 1352 eadem?

62 1391 136 1447 etas
162 1401 268 1446 rerum
294 1378 404 1467 magni
424 1378 600 1446 Alexandri
626 1391 687 1460 est,
720 1402 828 1464 quem,
857 1402 962 1447 sorore
984 1379 1078 1445 huius

62 1485 167 1553 utum,
186 1474 220 1539 in
237 1474 298 1540 alio
312 1483 414 1540 tractu
427 1474 512 1541 orbis
524 1475 676 1540 invictum
689 1473 779 1541 bellis
792 1475 940 1541 iuvenem
953 1472 1079 1540 fortuna

62 1570 159 1638 norbo
178 1569 320 1635 extinxit

116 1663 266 1731 Ceterum
283 1664 433 1743 Romani,
461 1665 521 1731 etsi
543 1664 677 1730 defectio
700 1665 857 1731 sociorum
878 1665 1077 1750 nominisque
1096 1681 1114 1729 8

62 1759 159 1827 'ratini
175 1759 262 1825 haud
279 1759 376 1826 dubia
393 1769 472 1838 erat,
492 1769 610 1838 tamen,
633 1768 795 1844 tamquam
812 1759 852 1826 de
870 1756 1077 1838 Samnitibus,

62 1877 113 1922 ron
138 1854 180 1920 de
206 1877 240 1920 se
266 1876 374 1921 curam
400 1865 542 1941 agerent,
573 1856 682 1921 decem
707 1854 864 1942 principes
889 1854 1080 1921 Latinorum

62 1948 187 2016 bornam
217 1959 441 2029 evocaverunt,
477 1948 592 2034 quibus
622 1951 812 2036 imperarent
841 1971 922 2034 quae
952 1949 1077 2016 vellent.

62 2053 210 2131 praetores
227 2052 296 2109 tum
314 2044 393 2110 duos
407 2044 539 2110 Latium
555 2043 705 2123 habebat,
723 2043 766 2111 L.
775 2043 920 2112 Annium
933 2042 1080 2113 Setinum
1097 2061 1113 2110 9

62 2137 336 2207 santumnium
355 2137 590 2218 Cerceiensem,
610 2139 703 2205 ambo
720 2161 762 2205 ex
778 2140 898 2206 colonis
915 2139 1078 2207 Romanis.
1204 2144 1217 2157 “

62 2252 108 2319 rer
126 2254 208 2318 quos
229 2242 353 2319 praeter
376 2231 521 2322 Signiam
538 2231 751 2318 Velitrasque,
778 2245 810 2300 et
831 2234 917 2320 ipsas
940 2233 1079 2300 colonias

62 2325 227 2406 Romanas,
245 2326 356 2395 Volsci
373 2330 468 2394 etiam
487 2327 580 2394 exciti
598 2328 639 2393 ad
656 2350 743 2393 arma
759 2337 857 2393 erant.
902 2348 957 2392 eos
978 2328 1080 2393 nomi·

62 2422 149 2489 ratim
167 2423 292 2489 evocari
307 2422 435 2508 placuit.
474 2423 551 2488 haut
568 2423 715 2506 cuiquam
732 2421 864 2488 dubium
882 2431 962 2502 erat,
985 2443 1079 2508 super
1097 2440 1132 2489 10

62 2536 116 2603 {ua
135 2539 171 2584 re
192 2517 375 2584 accirentur.
410 2519 516 2602 itaque
538 2517 668 2584 concilio
690 2517 777 2604 prius
794 2516 902 2584 habito
919 2525 1079 2604 praetores

62 2629 149 2697 {uam
164 2610 301 2678 Romam
317 2612 596 2699 proficiscerentur,
619 2621 765 2680 evocatos
784 2634 819 2678 se
836 2611 876 2679 ab
895 2620 1006 2678 senatu
1023 2611 1080 2675 do-

62 2716 124 2773 cent
139 2706 287 2774 Romano
304 2717 336 2772 et
352 2729 434 2792 quae
452 2704 557 2775 actum
572 2707 612 2774 iri
634 2728 742 2774 secum
764 2707 904 2788 credant,
927 2705 1079 2792 quidnam

62 2801 94 2867 td
110 2824 149 2868 ea
165 2800 348 2889 responderi
363 2802 487 2889 placeat
504 2801 652 2868 referunt.

115 2895 197 2962 ΠΠ.
234 2894 318 2962 Cum
336 2896 422 2962 aliud
439 2896 491 2962 alii
510 2905 686 2976 censerent,
705 2906 773 2963 tum
789 2895 931 2963 Annius:
955 2901 1079 2982 ‘quam
1098 2915 1112 2962 1

62 3006 147 3075 quam
172 2991 242 3078 ipse
269 3013 329 3079 ego
349 2990 468 3071 rettuli,
496 2991 572 3076 quid
592 2991 775 3078 responderi
795 2990 947 3077 placeret,
974 3000 1081 3057 tamen

62 3085 155 3174 nugis
181 3086 224 3152 ad
250 3108 406 3152 summam
431 3108 536 3152 rerum
561 3096 739 3153 nostrarum
760 3083 915 3171 pertinere
937 3083 1079 3162 arbitror,

62 3180 129 3263 qnid
153 3180 313 3268 agendum
337 3180 429 3247 nobis
455 3202 550 3266 quam
577 3181 653 3265 quid
678 3177 871 3264 loquendum
893 3177 942 3245 sit
986 3177 1080 3243 facile

62 3275 110 3342 ait
130 3275 295 3363 explicatis
317 3275 455 3342 consiliis
477 3275 713 3343 accommodare
734 3272 829 3340 rebus
856 3270 961 3340 verba.
1004 3288 1113 3339 namn

62 3366 198 3436 lietiam
218 3391 304 3435 nunc
326 3370 385 3436 sub
409 3367 521 3436 umbra
541 3370 678 3437 foederis
701 3368 793 3455 aequi
816 3367 997 3435 servitutem
1012 3368 1080 3455 pati

62 3464 226 3545 lauimus,
250 3464 327 3550 quid
344 3463 446 3544 abest,
469 3465 545 3549 quin
561 3465 692 3552 proditis
712 3462 860 3531 Sidicinis
882 3484 946 3530 non
961 3461 1081 3530 Roma-

62 3570 164 3629 lorum
192 3558 308 3638 solum,
341 3559 398 3626 sed
425 3557 615 3626 Samnitium
641 3581 766 3644 quoque
797 3558 881 3625 dicto
910 3580 1078 3645 pareamus

62 3654 363 3744 espondoamusque
379 3653 546 3733 Romanis,
569 3676 641 3733 nos,
659 3652 716 3722 ubi
731 3651 902 3733 innuerint,
919 3653 1078 3741 posituros

62 3749 158 3819 rma?
186 3749 237 3815 sin
258 3758 364 3816 autem
384 3749 512 3816 tandem
533 3748 684 3816 libertatis
707 3748 897 3815 desiderium
921 3748 1079 3815 remordet
1097 3768 1113 3815 a

62 3847 189 3924 nimos,
212 3845 240 3913 si
257 3842 370 3913 aedos
388 3855 449 3925 est,
473 3845 501 3911 si
523 3845 670 3923 societas,
698 3844 842 3930 aequatio
864 3842 940 3909 iuris
962 3852 1024 3921 est,
1052 3842 1080 3907 si

62 3940 305 4029 onnnguineos
322 3963 381 4008 nos
398 3940 614 4008 Romanorum
631 3962 716 4020 esse,
734 3940 820 4027 quod
837 3938 913 4006 olim
929 3934 1077 4024 pudebat,

62 4058 135 4107 unc
156 4035 286 4125 gloriari
308 4035 394 4117 licet,
424 4037 451 4102 si
474 4035 597 4104 socialis
618 4035 681 4103 illis
703 4035 858 4102 exercitus
875 4031 904 4097 is
927 4041 988 4112 est,
1015 4052 1078 4117 quo
