2566 4524
316 279 433 335 maan
450 281 493 352 11,
510 277 554 333 44.
575 283 614 350 [a.
628 279 816 352 ossa-rso]
1017 269 1079 337 105

111 438 344 504 XXXXHII.
380 437 425 502 Et
445 438 497 503 hic
520 462 621 504 annus
640 439 799 505 tribunum
821 448 980 506 auctorem
997 440 1078 528 legis
1097 464 1111 512 1

63 536 189 624 ‚grariae
216 533 341 598 habuit:
368 532 440 598 Tib.
462 533 647 599 Pontificius
674 533 743 598 fuit.
778 534 806 599 is
830 535 961 599 eandem
982 535 1077 615 viam,

63 631 132 695 'elut
148 628 358 716 processisset
378 625 433 713 Sp.
453 628 594 706 Licinio,
617 629 779 716 ingressus
813 628 962 694 dilectum
978 630 1080 715 pauli-

64 748 120 812 per
136 723 290 809 impediit.
325 722 514 808 perturbatis
532 722 645 787 iterum
662 722 818 808 patribus,
836 722 963 809 Appius
983 722 1112 793 Clau-2

63 821 117 883 lius
137 818 255 883 victam
273 817 471 882 tribuniciam
487 827 676 903 potestatem
695 818 797 883 dicere
814 818 917 904 priore
936 841 1027 897 anno,
1045 819 1080 884 in

63 913 224 979 ›raesentia
237 933 281 990 re,
301 910 444 997 exemplo
458 911 698 997 inperpetuum,
718 913 843 996 quando
857 913 1017 978 inventum
1028 915 1078 993 sit,

63 1008 110 1072 uis
129 1007 236 1091 ipsam
253 1004 373 1070 viribus
391 1003 537 1084 dissolvi3
563 1007 767 1090 nequeenim
785 1030 935 1090 umquam
953 1008 1113 1078 desum-s

63 1125 128 1180 um,
157 1101 213 1183 qui
231 1110 320 1165 etex
338 1100 460 1187 collega
477 1102 640 1166 victoriam
658 1101 718 1167 sibi
736 1111 768 1167 et
784 1103 918 1190 gratiam
940 1105 1078 1170 melioris

63 1197 141 1260 artis
161 1195 245 1260 bono
263 1194 391 1280 publico
407 1195 483 1260 velit
500 1196 685 1278 quaesitam,
705 1205 736 1261 et
753 1197 869 1282 plures,
889 1197 917 1262 si
933 1198 1077 1282 pluribus

63 1289 198 1374 possit,
222 1288 363 1353 tribunos
382 1288 423 1352 ad
440 1289 590 1353 auxilium
610 1289 773 1355 consulum
791 1301 916 1377 paratos
935 1291 1017 1370 fore,
1046 1301 1077 1357 et

63 1381 213 1458 mumsel
231 1383 382 1448 adversus
402 1405 510 1448 omnes
530 1383 605 1448 satis
620 1406 700 1449 esse.
728 1385 838 1449 darent
850 1386 944 1450 modo
958 1395 990 1450 et
1003 1408 1077 1452 con·
1093 1408 1111 1457 4

64 1478 129 1542 ules
149 1486 180 1541 et
197 1476 351 1562 primores
365 1486 489 1563 patrum
504 1500 640 1564 operam,
660 1487 704 1558 ut,
724 1478 751 1544 si
764 1479 868 1544 minus
883 1502 1001 1559 omnes,
1021 1481 1078 1546 ali-

63 1590 124 1655 [uos
147 1581 254 1634 tamen
277 1594 317 1635 cx
338 1571 472 1636 tribunis
493 1571 540 1637 rei
560 1572 705 1657 publicae
728 1595 764 1638 ac
788 1575 910 1639 senatui
931 1576 1078 1642 concilia·

63 1676 121 1730 ent.
159 1665 334 1750 praeceptis
352 1663 452 1750 Appii
473 1666 583 1730 moniti
603 1677 709 1751 patres
733 1677 764 1733 et
785 1669 924 1735 universi
946 1671 1076 1736 comiter
1094 1691 1111 1741 5

63 1781 83 1824 ‚c
101 1760 240 1846 benigne
263 1758 407 1824 tribunos
429 1759 600 1845 appellare,
629 1770 660 1826 et
682 1762 877 1841 consulares,
904 1773 940 1827 ut
963 1765 1076 1848 cuique

63 1877 154 1919 :orum
166 1855 314 1940 privatim
327 1854 445 1938 aliquid
457 1856 534 1919 iuris
548 1857 701 1926 adversus
712 1857 853 1944 singulos
868 1867 942 1935 erat,
961 1859 1077 1944 partim

63 1950 147 2032 gratia
168 1950 283 2035 partim
311 1949 493 2014 auctoritate
520 1949 695 2030 obtinuere,
723 1962 758 2016 ut
783 1951 966 2018 tribuniciae
988 1962 1077 2039 pote-

63 2044 136 2110 ttatis
149 2044 232 2108 vires
248 2043 389 2108 salubres
407 2043 523 2108 vellent
539 2044 586 2109 rei
602 2045 746 2130 publicae
765 2069 849 2112 esse:
867 2050 1075 2132 quattuorque
1093 2069 1110 2117 a

63 2138 240 2204 ribunorum
259 2138 409 2202 adversus
429 2160 540 2216 unum,
568 2149 754 2204 moratorem
772 2140 890 2226 publici
908 2142 1074 2219 commodi,

63 2233 161 2298 auxilio
179 2233 328 2296 dilectum
346 2232 490 2297 consules
508 2232 634 2297 habent.
670 2234 743 2298 inde
762 2235 802 2298 ad
819 2234 938 2300 Veiens
956 2235 1074 2301 bellum
1094 2259 1108 2304 7

63 2329 188 2412 ¹uolenti,
207 2350 270 2412 quo
288 2328 426 2411 undique
444 2349 486 2392 ex
496 2326 625 2391 Etruria
642 2328 759 2392 auxilia
776 2340 993 2408 convenerant,
1012 2353 1075 2394 non

63 2447 110 2488 am
126 2423 308 2490 Veientium
326 2423 427 2509 gratia
451 2424 606 2488 concitata
627 2445 723 2506 quam
740 2423 826 2507 quod
843 2423 874 2487 in
893 2446 982 2509 spem
999 2447 1076 2488 ven-

63 2539 113 2582 um
125 2528 202 2596 erat,
223 2518 379 2582 discordia
391 2517 540 2583 intestina
557 2515 688 2582 dissolvi
700 2540 767 2582 rem
777 2517 952 2581 Romanam
965 2538 1059 2602 posse
1064 2541 1074 2596 ;

63 2612 264 2698 irincipesque
282 2613 315 2692 in
333 2611 472 2676 omnium
484 2611 631 2676 Etruriae
648 2611 836 2697 populorum
854 2610 993 2676 conciliis
1011 2610 1074 2676 fre·
1092 2629 1110 2678 8

63 2706 182 2784 nebant,
201 2716 343 2772 aeternas
362 2729 438 2792 opes
457 2729 527 2771 esse
540 2703 710 2784 Romanas,
729 2705 790 2771 nisi
807 2706 889 2772 inter
902 2715 1001 2771 semet
1013 2706 1076 2792 ipsi

63 2801 252 2867 reditionibus
271 2801 422 2871 saeviant.
457 2800 490 2865 id
508 2823 606 2864 unum
623 2823 794 2880 venenum,
818 2823 887 2866 eam
909 2800 1014 2868 labem
1032 2800 1077 2865 ci-

63 2892 194 2960 itatibus
219 2895 375 2981 opulentis
397 2904 566 2980 repertam,
594 2903 629 2959 ut
651 2915 767 2982 magna
791 2895 911 2982 inperia
932 2894 1076 2960 mortalia

63 2999 160 3054 ssent.
201 2989 256 3054 diu
283 2998 493 3054 sustentatum
517 2989 552 3053 id
576 2989 694 3054 malum
720 2990 833 3076 partim
854 2999 980 3076 patrum
1002 3007 1110 3056 con-9

63 3082 127 3146 iliis
139 3084 252 3168 partim
268 3084 419 3170 patientia
436 3082 538 3169 plebis
555 3084 620 3148 iam
633 3085 674 3148 ad
688 3095 826 3148 extrema
838 3085 976 3148 venisse:
995 3084 1074 3149 duas

63 3175 188 3242 ivitates
201 3200 242 3243 ex
254 3201 319 3242 una
332 3178 443 3256 factas,
463 3199 538 3243 suos
553 3177 665 3260 cuique
678 3178 759 3263 parti
768 3177 980 3263 magistratus,
1000 3198 1074 3240 suas

63 3293 132 3358 eges
151 3294 231 3337 esse.
266 3273 404 3359 primum
425 3271 459 3336 in
476 3272 642 3338 dilectibus
661 3273 781 3337 saevire
800 3269 922 3347 solitos,
945 3269 1126 3338 eosdem10

63 3366 177 3433 abello
196 3377 303 3431 tamen
319 3367 463 3453 paruisse
481 3365 628 3444 ducibus,
648 3366 868 3450 qualicumque
885 3363 973 3430 urbis
992 3373 1076 3430 statu

63 3472 192 3526 ranente
209 3461 376 3547 disciplina
392 3462 518 3526 militari
533 3461 602 3526 sisti
614 3462 754 3548 potuisse
759 3486 768 3539 ;
786 3461 850 3525 iam
867 3483 932 3526 non
943 3461 1075 3546 parendi

63 3555 282 3643 ragistratibus
299 3579 420 3621 morem
436 3557 470 3620 in
488 3565 590 3621 castra
607 3578 732 3640 quoque
745 3556 926 3621 Romanum
943 3554 1075 3620 militem

63 3651 143 3734 equi
170 3649 316 3736 proximo
334 3650 417 3716 bello
434 3650 467 3714 in
484 3650 554 3736 ipsa
571 3652 647 3728 acie,
666 3651 785 3735 inipso
804 3650 981 3727 certamine,
1002 3671 1075 3715 con·
1094 3668 1124 3716 11

63 3766 141 3811 ensu
168 3745 324 3811 exercitus
351 3746 496 3810 traditam
522 3745 603 3810 ultro
629 3745 792 3810 victoriam
823 3744 914 3809 victis
940 3741 1074 3828 Aequis,

63 3838 137 3927 lgna
157 3840 299 3918 deserta,
325 3840 545 3926 imperatorem
566 3840 600 3904 in
623 3840 689 3905 acie
710 3837 866 3918 relictum,
892 3838 1016 3902 iniussu
1040 3838 1075 3900 in

63 3944 147 3998 astra
163 3935 309 3999 reditum.
341 3934 492 4021 profecto,
513 3934 540 3999 si
557 3935 698 4013 instetur,
719 3956 776 3999 suo
794 3933 892 3999 milite
910 3930 994 3996 vinci
1010 3929 1075 3993 Ro-
1093 3949 1125 3996 12

63 4049 130 4091 ram
147 4051 253 4115 posse.
279 4029 358 4094 nihil
377 4030 462 4096 aliud
480 4052 559 4116 opus
579 4052 649 4096 esse
667 4052 761 4115 quam
779 4029 875 4095 indici
889 4023 1074 4108 ostendique

1060 4114 1209 4256 Γ
