2566 4524
253 260 374 318 amua
389 259 476 334 rur,
493 261 593 318 aare
611 260 876 336 [auara-aaa]
1022 253 1088 324 437

59 423 93 490 ab
111 419 311 490 Samnitibus
329 443 417 487 arma
433 419 545 500 inlata,
565 422 623 487 sed
640 443 713 488 cum
730 431 863 507 utraque
881 423 976 489 simul
992 437 1088 512 gente

59 517 170 585 bellum
189 516 343 583 Romanis
360 515 472 582 fuisse.
507 537 567 582 nec
584 526 691 582 tamen
711 538 763 583 res
784 517 851 584 ulla
872 519 1086 588 memorabilis
1105 535 1120 582 o

59 624 133 681 acta:
152 634 232 701 ager
239 610 368 698 Apulus
380 607 609 696 Samniumque
627 622 814 693 evastatum,
832 612 940 680 hostes
958 635 1018 681 nec
1035 615 1088 682 hic

58 731 108 775 nec
130 708 198 774 illic
218 707 347 773 inventi.
383 706 506 772 Romae
527 716 700 774 nocturnus
727 718 827 775 terror
847 709 892 775 ita
914 731 955 776 ex
976 727 1087 778 somno

58 803 209 891 trepidam
230 810 359 888 repente
381 800 540 868 civitatem
561 802 691 882 excivit,
718 813 753 868 ut
776 802 970 891 Capitolium
991 815 1087 891 atque

57 921 106 965 arx
123 897 314 981 moeniaque
328 905 360 961 et
372 904 481 982 portae
498 895 593 982 plena
605 906 797 963 armatorum
813 898 940 965 fuerint.
967 910 1086 967 etcum
1105 915 1119 960 r

57 1002 277 1061 concursatum
298 989 531 1076 clamatumque
552 992 594 1057 ad
615 1014 704 1058 arma
725 991 871 1058 omnibus
892 993 971 1060 locis
989 1005 1085 1075 esset,

55 1091 152 1177 prima
169 1089 242 1153 luce
259 1108 319 1153 nec
336 1097 447 1152 auctor
462 1108 522 1152 nec
539 1109 637 1153 causa
654 1087 780 1154 terroris
797 1089 970 1177 conparuit

108 1183 237 1250 Eodem
249 1204 333 1247 anno
347 1182 387 1248 de
400 1178 590 1248 Tusculanis
603 1181 716 1249 Flavia
728 1182 891 1269 rogatione
902 1183 1013 1270 populi
1025 1184 1087 1251 fuit
1104 1205 1120 1255 a

54 1278 213 1345 iudicium.
239 1277 288 1343 M.
297 1277 428 1342 Flavius
446 1276 711 1366 tribunusplebis
729 1277 800 1343 tulit
812 1278 854 1344 ad
869 1278 1033 1364 populum,
1052 1290 1088 1345 ut
1236 1278 1241 1288 '

54 1371 297 1440 inTusculanos
320 1371 633 1451 animadverteretur,
656 1394 790 1456 quorum
812 1371 950 1459 (eorum)
972 1395 1032 1460 ope
1050 1397 1088 1441 ac

54 1468 183 1535 consilio
193 1467 346 1533 Veliterni
355 1465 619 1553 Privernatesque
632 1467 751 1554 populo
760 1467 905 1534 Romano
913 1468 1032 1534 bellum
1041 1470 1089 1536 fe-

55 1563 181 1630 cissent.
205 1561 342 1648 populus
352 1561 553 1628 Tusculanus
566 1584 640 1628 cum
653 1562 841 1650 coniugibus
855 1586 893 1629 ac
905 1563 1013 1632 liberis
1022 1565 1088 1632 Ro-
1106 1578 1120 1627 9

52 1680 135 1724 mam
148 1657 245 1722 venit.
267 1679 306 1722 ea
318 1656 486 1722 multitudo
499 1666 588 1723 veste
600 1666 721 1724 mutata
733 1667 765 1725 et
778 1657 883 1746 specie
895 1682 1021 1727 reorum
1034 1662 1088 1727 tri-

54 1751 110 1820 bue
125 1751 246 1830 circuit,
260 1750 395 1838 genibus
408 1773 444 1818 ae
457 1752 598 1818 omnium
615 1752 798 1819 advolvens.
823 1753 896 1841 plus
909 1755 1015 1840 itaque
1028 1757 1087 1821 mi-
1104 1767 1138 1818 10

52 1846 222 1915 sericordia
235 1846 277 1911 ad
292 1867 414 1932 poenae
431 1847 557 1914 veniam
573 1848 804 1934 impetrandam
821 1870 918 1934 quam
931 1871 1028 1916 causa
1046 1852 1088 1917 ad

52 1943 171 2010 crimen
192 1941 394 2029 purgandum
414 1941 523 2009 valuit.
559 1943 660 2010 tribus
682 1965 792 2011 omnes
809 1954 934 2032 praeter
949 1944 1086 2012 Polliam
1106 1967 1137 2016 11

52 2038 255 2122 antiquarunt
271 2037 385 2124 legem.
419 2036 542 2104 Polliae
560 2040 715 2107 sententia
731 2040 802 2121 fuit,
818 2039 955 2128 puberes
973 2042 1086 2109 verbe-

51 2142 139 2199 ratos
165 2132 286 2211 necari,
313 2132 464 2219 coniuges
490 2132 670 2218 liberosque
693 2133 752 2201 sub
775 2139 897 2202 corona
913 2137 985 2224 lege
1011 2136 1087 2204 belli

50 2228 173 2305 venire;
196 2227 441 2312 memoriamque
460 2227 528 2292 eius
545 2228 609 2294 irae
619 2227 810 2293 Tusculanis
828 2230 861 2293 in
878 2252 1001 2315 poenae
1019 2242 1084 2296 tam
1105 2251 1137 2300 12

50 2323 166 2389 abacis
185 2332 345 2388 auctorem
362 2323 518 2388 mansisse
535 2321 577 2387 ad
593 2331 718 2408 patrum
736 2330 871 2387 aetatem
889 2331 1012 2389 constat
1028 2345 1088 2389 nec

49 2438 245 2503 quemquam
271 2417 370 2483 ferme
397 2439 437 2482 ex
459 2415 562 2482 Pollia
588 2416 672 2483 tribu
698 2417 899 2484 candidatum
924 2416 1087 2505 Papiriam

49 2512 134 2578 ferre
153 2511 290 2578 solitum.

115 2605 324 2672 XXXVIII.
343 2607 527 2693 Insequenti
545 2630 638 2686 anno,
653 2605 694 2690 Q.
704 2606 816 2686 Fabio,
830 2607 872 2672 L.
882 2604 997 2673 Fulvio
1012 2628 1086 2674 con-
1105 2622 1119 2670 1

49 2701 190 2781 salibus,
212 2700 256 2768 A.
276 2700 442 2769 Cornelius
460 2701 583 2769 Arvina
600 2703 734 2769 dictator
751 2711 783 2768 et
799 2700 848 2768 M.
865 2700 987 2768 Fabius
1004 2700 1087 2767 Am-

48 2795 166 2865 bustus
188 2797 340 2884 magister
361 2797 503 2882 equitum
524 2806 611 2863 metu
632 2796 786 2885 gravioris
804 2797 839 2863 in
857 2795 990 2866 Samnio
1011 2796 1087 2864 belli

47 2928 93 2940 -
111 2892 268 2959 conducta
285 2892 371 2958 enim
388 2893 488 2978 pretio
507 2917 526 2958 a
542 2893 683 2958 finitimis
701 2893 849 2959 iuventus
867 2891 1032 2960 dicebatur
1044 2928 1088 2941 -

48 2988 217 3055 intentiore
227 2987 343 3053 dilectu
355 2987 464 3054 habito
474 2987 639 3074 egregium
648 2987 821 3052 exercitum
830 2988 983 3054 adversus
994 2986 1088 3055 Sam-

48 3083 135 3151 nites
153 3084 320 3148 duxerunt.
348 3092 451 3149 castra
464 3082 497 3148 in
513 3082 636 3148 hostico
652 3080 809 3146 incuriose
826 3081 871 3147 ita
887 3082 992 3167 posita
1006 3093 1085 3147 tam·
1104 3097 1119 3144 a

52 3199 152 3263 quam
169 3178 280 3264 procul
297 3177 425 3245 abesset
441 3177 552 3257 hostis,
571 3199 644 3242 cum
663 3174 768 3241 subito
785 3175 941 3240 advenere
960 3173 1087 3241 Samni-

47 3273 132 3339 tium
148 3273 289 3360 legiones
308 3283 395 3339 tanta
411 3273 538 3350 ferocia,
557 3281 593 3336 ut
604 3270 723 3336 vallum
740 3292 841 3354 usque
859 3270 901 3335 ad
919 3271 1086 3336 stationem
1174 3284 1177 3297 ·’

46 3366 231 3437 Romanam
248 3366 408 3433 iuferrent.
435 3367 576 3433 noxiam
590 3364 771 3452 adpetebat3
789 3365 823 3430 id
839 3363 1000 3450 prohibuit
1016 3388 1085 3431 mu·
1104 3379 1120 3429 u

46 3461 194 3529 nimenta
211 3462 335 3527 adoriri.
371 3483 431 3526 nec
448 3459 698 3538 dissimulabant,
717 3470 785 3526 orta
801 3459 872 3525 luce
889 3469 1016 3546 postero
1034 3461 1086 3526 die
1175 3488 1178 3495 ·

46 3554 203 3625 facturos.
239 3556 372 3622 dictator
393 3555 448 3622 ubi
470 3555 649 3641 propiorem
671 3576 728 3640 spe
746 3554 979 3622 dimicationem
996 3555 1084 3633 vidit,
1103 3570 1121 3617 4

46 3671 91 3719 ne
108 3650 245 3715 militum
263 3650 371 3715 virtuti
389 3650 504 3715 damno
522 3649 612 3715 locus
635 3658 733 3728 esset,
756 3649 884 3736 ignibus
903 3649 1020 3716 crebris
1037 3672 1087 3715 re-

46 3744 145 3825 lictis,
159 3746 214 3830 qui
228 3755 433 3832 conspectum
449 3744 589 3811 hostium
606 3743 837 3823 frustrarentur,
852 3745 975 3811 silentio
987 3745 1086 3831 legio-

47 3863 109 3910 nes
128 3840 247 3908 educitr
273 3863 334 3907 nec
350 3851 457 3908 tamen
478 3839 586 3906 fallere
607 3849 734 3926 propter
750 3840 1015 3926 propinquitatem
1033 3860 1085 3903 ca-

48 3937 310 4023 strorumpotuit.
338 3959 435 4022 eques
446 3935 603 4021 extemplo
612 3935 773 4001 insecutus
783 3935 827 4000 ita
835 3933 946 3999 institit
955 3932 1082 4017 agmini,
1102 3945 1118 3995 o

47 4043 96 4113 ut,
110 4032 214 4099 donec
231 4031 414 4112 lucesceret,
432 4031 552 4119 proelio
570 4030 749 4097 abstineret.
776 4052 816 4095 ne
834 4028 995 4114 pedestres
1014 4027 1084 4112 qui-
