2566 4524
156 241 218 306 128
432 251 551 306 LIBER
563 252 621 322 111,
640 251 667 309 4.
682 250 707 306 5.
727 255 765 321 [a.
774 269 801 306 u.
811 269 834 306 c.
844 253 907 324 290]

153 413 223 498 quis
241 412 479 477 inmutationem
495 410 633 475 virorum
649 410 791 497 ipsorum
808 431 894 489 esse,
923 433 1005 494 quae
1022 411 1170 477 nominum

119 521 210 586 aest,
229 517 327 595 putet.
354 506 440 570 haud
457 504 588 570 dubium
607 514 681 583 erat,
701 506 778 589 quin
795 527 868 570 cum
880 503 1006 590 Aequis
1020 506 1099 571 alter
1111 528 1173 572 con·

153 603 257 670 sulum
275 600 393 667 bellum
411 608 542 686 gereret.
574 599 680 682 itaque
697 597 805 683 Aequi
823 599 862 665 ab
876 599 1044 666 Ecetranis
1058 599 1174 668 Volscis

152 697 345 785 praesidium
365 696 496 781 petiere,
524 716 588 778 quo
610 694 723 779 cupide
747 693 851 759 oblato
874 732 917 743 --
938 695 1019 760 adeo
1042 695 1175 763 civitates

153 814 209 856 eae
226 800 376 877 perpetuo
393 789 427 855 in
439 788 601 854 Romanos
615 789 687 853 odic
701 798 859 854 certavere
872 827 914 837 -
927 786 1048 855 bellum
1062 813 1177 856 summa

117 907 134 956 a
152 886 184 951 vi
196 884 373 972 parabatur.
402 884 539 948 sentiunt
547 882 679 948 Hernici
693 891 725 947 et
738 883 923 968 praedicunt
934 880 1092 950 Romanis
1104 884 1177 950 Ecc-

154 990 279 1045 tranum
296 979 336 1045 ad
353 979 484 1062 Aequos
503 978 651 1043 descisse.
688 988 834 1063 suspecta
857 988 889 1042 et
911 977 1034 1043 colonia
1051 980 1178 1045 Antium

152 1074 222 1153 fuit,
240 1074 326 1159 quod
339 1096 454 1159 magna
467 1073 515 1137 vis
529 1071 692 1136 hominum
705 1073 788 1151 inde,
808 1095 881 1137 cum
890 1072 1041 1158 oppidum
1058 1084 1177 1161 captum

152 1178 245 1247 esset,
265 1168 459 1254 confugisset
477 1168 518 1231 ad
534 1167 676 1249 Aequos,
695 1167 786 1250 isque
804 1167 893 1231 miles
911 1189 967 1252 per
985 1167 1109 1234 bellum
1120 1168 1178 1234 Ae-

116 1265 278 1349 squinum
300 1261 352 1326 vel
375 1261 544 1326 acerrimus
571 1260 640 1324 suit.
686 1260 845 1346 conpulsis
873 1260 986 1325 deinde
1013 1261 1047 1325 in
1071 1262 1178 1350 oppida

149 1357 272 1443 Aequis
299 1380 337 1422 ea
362 1356 528 1420 multitudo
551 1355 674 1441 dilapsa
695 1377 768 1419 cum
790 1353 923 1419 Antium
948 1355 1101 1434 redisset,
1128 1379 1178 1422 sua
1212 1414 1214 1419 .

116 1475 132 1523 5
151 1465 261 1538 sponte
279 1453 342 1516 iam
360 1450 472 1514 infidos
492 1450 618 1514 colonos
637 1449 790 1514 Romanis
809 1448 1008 1514 abalienavit.
1045 1450 1176 1516 necdum

149 1557 328 1612 maturare
350 1568 423 1608 cum
446 1545 653 1609 defectionem
678 1544 782 1629 parari
808 1544 947 1608 delatum
972 1545 1016 1609 ad
1038 1557 1176 1611 senatum
1212 1622 1214 1629 Ι

151 1650 248 1718 esset,
272 1641 380 1704 datum
397 1639 559 1725 negotium
577 1647 626 1704 est
644 1637 840 1715 consulibus,
864 1647 900 1702 ut
915 1639 1114 1725 principibus
1130 1662 1175 1705 co·
1212 1636 1214 1655 '

116 1735 252 1806 cloniae
269 1734 404 1799 Romam
423 1733 533 1798 excitis
552 1743 747 1817 quaererent,
766 1733 844 1816 quid
855 1733 901 1797 rei
915 1744 1009 1799 esset.
1037 1736 1174 1819 quicum

148 1834 225 1897 haut
242 1841 371 1918 gravate
393 1831 567 1908 venissent,
595 1830 765 1894 introducti
788 1854 808 1894 a
825 1829 1008 1896 consulibus
1033 1833 1077 1896 ad
1094 1852 1174 1898 sena·
1204 1838 1208 1843 '

149 1937 217 1991 tum
237 1927 282 1990 ita
302 1926 531 2010 responderunt
557 1925 598 1988 ad
619 1925 822 2011 interrogata,
849 1934 885 1989 ut
911 1925 1015 2011 magis
1044 1923 1174 2013 suspecti

149 2043 245 2105 quam
262 2029 412 2084 venerant
430 2019 667 2083 dimitterentur.

116 2136 129 2182 s
213 2114 339 2178 Bellum
360 2113 433 2177 inde
455 2114 541 2177 haud
563 2113 694 2178 dubium
715 2112 834 2179 haberi.
873 2111 928 2200 Sp.
948 2113 1083 2193 Finius,
1109 2136 1173 2180 con·

150 2209 254 2275 sulum
271 2209 361 2286 alter,
390 2208 441 2272 eui
458 2230 496 2272 ea
512 2208 673 2293 provincia
691 2218 852 2285 evenerat,
880 2208 1043 2292 profectus
1065 2210 1100 2274 in
1116 2207 1172 2273 As-

148 2326 228 2388 quos
265 2303 475 2367 Hernicorum
493 2303 527 2365 in
544 2325 620 2388 agro
638 2302 898 2387 populabundum
919 2303 1046 2367 hostem
1064 2300 1171 2367 invenit

148 2398 339 2484 ignarusque
353 2397 571 2473 multitudinis,
590 2397 665 2479 quia
679 2418 835 2480 nusquam
849 2397 998 2461 universa
1013 2406 1171 2483 conspecta

149 2493 260 2570 fuerat,
278 2493 420 2576 inparem
435 2491 532 2576 copiis
553 2491 724 2555 exercitum
744 2500 860 2554 temere
878 2513 1006 2577 pugnae
1025 2489 1169 2555 conmisit.

113 2588 249 2673 sprimo
272 2610 425 2652 concursu
448 2587 558 2671 pulsus
582 2608 615 2649 se
638 2585 720 2650 intra
743 2596 846 2650 castra
868 2586 996 2670 recepit.
1033 2583 1168 2670 nequeis

147 2684 219 2747 finis
241 2682 372 2767 periculi
399 2681 468 2745 fuit.
504 2702 641 2763 namque
664 2691 696 2744 et
717 2681 860 2765 proxima
885 2690 977 2744 nocte
1001 2691 1034 2744 et
1055 2694 1168 2767 postem

148 2779 198 2841 die
217 2787 304 2840 tanta
321 2775 353 2838 vi
372 2785 474 2838 castra
493 2786 565 2838 sunt
584 2775 791 2840 circumsessa
809 2786 902 2859 atque
920 2790 1118 2862 oppugnata,
1142 2780 1168 2839 ut

115 2891 129 2938 9
148 2892 187 2933 ne
205 2869 333 2932 nuntius
352 2868 479 2951 quidem
496 2869 570 2933 inde
588 2870 669 2933 mitti
686 2871 822 2934 Romam
844 2879 961 2955 posset.
998 2870 1167 2935 Herniciet

148 2963 229 3027 male
247 2973 422 3049 pugnatum
445 2974 476 3028 et
499 2964 661 3029 consulem
684 2964 917 3049 exercitumque
939 2964 1081 3029 obsideri
1101 2984 1168 3028 nun·

147 3058 301 3123 tiaverrmt
319 3069 501 3142 tantumque
519 3072 668 3123 terrorem
686 3059 845 3123 incussere
862 3058 1017 3144 patribus,
1036 3071 1081 3138 ut,
1100 3075 1166 3143 quse

147 3152 249 3219 forma
267 3155 540 3222 senatusconsulti
555 3153 682 3216 ultimae
705 3176 829 3237 semper
849 3153 1050 3220 necessitatis
1073 3151 1167 3218 habits

145 3260 203 3326 est,
223 3249 396 3326 Postumi0,
416 3248 504 3313 alteri
522 3249 695 3325 consulum,
714 3248 876 3335 negotium
893 3249 1031 3329 daretur,
1051 3248 1166 3322 videret,

97 3364 128 3412 10
146 3366 186 3406 ne
212 3345 289 3426 quid
310 3342 488 3428 respublica
511 3343 688 3406 detrimenti
710 3354 844 3427 caperet.
885 3343 993 3428 ipsum
1016 3342 1165 3409 consulem

146 3437 267 3501 Romae
290 3460 416 3500 manere
438 3438 478 3500 ad
502 3436 744 3501 conscribendos
768 3459 890 3515 omnes,
918 3438 974 3520 qui
992 3462 1082 3503 arma
1098 3437 1165 3501 fera

145 3541 288 3616 possent,
316 3527 469 3615 optimum
493 3532 594 3596 visum
618 3542 679 3609 est,
707 3554 763 3616 pro
787 3532 915 3596 consule
933 3531 974 3597 T.
994 3531 1165 3615 Quinctium

97 3646 126 3693 11
147 3625 287 3689 subsidio
310 3625 420 3689 castris
443 3647 515 3689 cum
539 3626 646 3690 sociali
671 3626 810 3689 exercitu
832 3626 923 3690 mitti.
964 3627 1006 3691 ad
1030 3650 1101 3692 eum
1120 3644 1164 3689 cx·

143 3720 295 3806 pleudum
309 3720 417 3783 Latini
430 3720 624 3805 Hernicique
638 3733 669 3786 et
683 3722 805 3787 colonia
818 3721 952 3786 Antium
966 3723 1044 3789 dare
1058 3722 1163 3806 Quinc-

146 3814 189 3879 tio
209 3813 375 3878 subitarios
398 3814 512 3880 milites
531 3817 635 3882 —ita
658 3827 725 3881 tum
747 3818 911 3904 repentina
929 3818 1048 3883 auxilia
1069 3810 1162 3904 appel·

144 3907 252 3974 labant
270 3946 312 3956 —
329 3908 418 3973 iussi.

112 4023 126 4071 1
208 4001 249 4069 V.
285 4000 382 4067 Multi
398 4025 455 4089 per
472 4026 527 4071 ecs
549 4005 616 4071 dies
640 4016 743 4071 motus
767 4006 919 4091 multique
942 4007 1080 4093 impetus
1100 4002 1161 4068 hino
