2566 4524
366 240 556 313 1111111111,
575 244 599 299 e.
619 243 858 320 [acam-sse]
1029 281 1032 286 -
1067 237 1130 304 311

97 409 211 476 urbem
227 404 345 482 attulit,
364 401 510 470 Antiates
524 404 557 469 in
571 403 665 469 armis
680 426 751 470 esee
763 404 1015 490 Latinorumque
1028 428 1130 494 popu-

96 507 144 571 los
164 504 365 569 iuventutem
383 522 473 565 suam
490 499 617 564 misisse
634 499 726 565 adid
743 499 875 579 bellum,
898 522 936 566 eo
954 500 1129 570 abnuentes
1147 525 1163 575 s

96 597 261 686 publicum
282 594 383 661 luisse
406 572 585 672 consilium,
613 594 699 677 quod
719 616 784 659 non
800 595 975 681 prohibitos
992 605 1130 665 tantum-

96 694 192 760 modo
214 689 408 758 voluntarios
431 689 570 754 dicerent
587 687 720 754 militare
737 688 793 755 ubi
810 689 935 755 vellent.
970 691 1129 759 desierant
1148 715 1162 763 e

94 791 160 855 iam
178 786 244 853 ulla
262 783 420 850 contemni
436 783 528 850 bella.
556 783 662 868 itaque
676 792 803 849 senatus
818 782 878 850 diis
892 806 987 872 egere
999 787 1128 873 grades,

94 882 182 969 quod
197 879 353 947 Camillus
370 877 404 943 in
421 877 607 965 magistratu
626 886 723 943 esset:
746 877 931 945 dictatorem
948 881 1066 968 quippe
1082 882 1131 949 di-

94 976 234 1043 cendum
251 996 325 1041 eum
343 973 457 1051 fuisse,
481 973 509 1038 si
525 973 667 1059 privatus
685 985 779 1040 esset.
816 983 847 1040 et
865 975 1005 1062 collegae
1026 976 1128 1057 fateri,

94 1071 243 1160 regimen
261 1068 402 1135 omnium
417 1091 536 1147 rerum,
560 1066 615 1132 ubi
633 1067 710 1151 quid
726 1067 832 1146 bellici
849 1070 975 1136 terroris
992 1071 1128 1158 ingruat,

93 1168 128 1232 in
141 1167 290 1233 11101110
305 1186 375 1229 esse
390 1162 512 1247 sibique
525 1162 717 1229 destinatum
729 1161 882 1230 inanimo
896 1186 977 1244 esse,
994 1163 1128 1233 Camillo
1148 1190 1164 1237 1

97 1260 292 1328 summittere
305 1258 485 1345 imperium,
504 1279 563 1324 nec
575 1258 744 1342 quicquam
759 1259 799 1324 de
816 1259 979 1326 maiestate
998 1284 1057 1329 sua
1074 1263 1129 1329 de-

96 1366 233 1423 tractum
255 1354 395 1433 credere,
423 1353 509 1438 quod
530 1352 687 1419 maiestati
710 1352 777 1419 eius
800 1353 860 1419 viri
886 1355 1127 1424 concessissent.

94 1450 294 1518 conlaudatis
312 1447 353 1515 ab
372 1458 484 1515 senatu
502 1447 635 1516 tribunis
654 1457 686 1513 et
703 1447 772 1533 ipse
786 1446 955 1530 Camillus,
975 1450 1127 1519 confusus

94 1546 212 1624 animo,
226 1543 344 1631 gratias
358 1543 432 1631 egit.
460 1543 573 1631 ingens
586 1543 660 1609 inde
673 1543 718 1609 ait
731 1566 811 1612 onus
825 1568 846 1610 a
857 1546 974 1633 populo
982 1547 1129 1613 Romano
1144 1565 1162 1614 1

95 1641 170 1720 sibi,
190 1640 247 1725 qui
266 1662 300 1705 se
318 1640 502 1705 dictatorem
518 1639 582 1704 iam
600 1647 747 1722 quartum
765 1651 922 1720 creasset,
939 1664 1091 1728 magnum
1109 1665 1130 1713 a

96 1745 210 1803 senatu
228 1735 343 1801 talibus
362 1736 403 1802 de
420 1757 455 1801 se
473 1734 596 1801 iudiciis
616 1735 682 1800 eius
701 1735 834 1813 ordinis,
857 1759 1041 1803 maxumum
1064 1747 1129 1809 tem

96 1831 322 1901 honoratorum
340 1829 530 1917 collegarum
549 1828 700 1914 obsequio
717 1829 849 1917 iniungi.
885 1829 992 1914 itaque
1011 1831 1129 1916 siquid
1147 1851 1161 1900 9

98 1925 214 1993 laboris
228 1924 469 2010 vigiliarumque
483 1924 565 1991 adici
577 1923 691 2010 possit,
711 1933 884 1990 certantem
897 1946 1006 1992 secum
1022 1925 1128 2012 ipsum

99 2020 296 2098 adnisurum,
323 2028 359 2084 111
380 2028 466 2085 tanto
489 2019 584 2084 dese
607 2041 764 2085 consensu
786 2019 920 2086 civitatis
938 2019 1127 2106 opinionem,
1268 2098 1273 2107 ι

98 2136 179 2199 quae
196 2113 337 2179 maxima
355 2113 408 2192 sit,
428 2113 522 2179 etiam
540 2123 737 2180 constantem
754 2115 881 2181 efficiat.
908 2116 995 2200 quod
1008 2116 1050 2182 ad
1062 2116 1129 2183 bel-
1147 2134 1180 2184 1ο

82 2208 163 2297 Ι111111
176 2217 273 2292 atque
285 2205 432 2275 Antiates
445 2208 588 2287 attineat,
607 2209 680 2294 plus
697 2209 742 2275 ibi
759 2211 915 2276 minarum
933 2232 1030 2294 quam
1045 2211 1129 2297 peri-

97 2303 161 2373 culi
182 2325 265 2371 esse.
302 2325 337 2368 se
358 2312 477 2382 tamen,
505 2312 540 2369 ut
561 2302 640 2367 nihil
662 2303 806 2382 timendi,
831 2305 877 2370 sic
894 2304 972 2375 nihil
990 2314 1129 2377 contem·

95 2397 194 2466 nendi
216 2408 376 2464 auctorem
398 2420 478 2465 esse.
515 2398 737 2464 circumsederi
758 2397 868 2465 urbem
885 2399 1064 2467 Romanam
1082 2399 1127 2466 'ab
1146 2419 1179 2468 11

96 2492 218 2561 invidia
235 2503 267 2559 et
284 2494 356 2559 odio
373 2493 590 2561 finitimorum:
612 2493 719 2578 itaque
737 2503 768 2559 et
785 2492 918 2560 ducibus
935 2493 1079 2580 pluribus
1098 2504 1129 2561 et

97 2586 288 2655 exercitibus
306 2589 586 2655 administrandam
602 2611 670 2655 rem
691 2587 850 2674 publicam
873 2610 954 2655 esse.
991 2588 1060 2666 ‘te,’
1080 2589 1130 2659 in·
1148 2609 1179 2658 11

99 2684 167 2768 quit
181 2683 235 2749 (Ρ.
245 2682 362 2763 Valeri,
383 2684 503 2751 socium
517 2685 639 2771 imperii
652 2683 835 2769 consiliique
848 2683 989 2771 legiones
1003 2706 1129 2753 mecum

95 2779 252 2845 adversm
269 2777 433 2845 Antiatem
449 2779 575 2845 hostem
592 2780 705 2845 ducere
726 2779 844 2864 placet;
871 2789 917 2858 te,
941 2777 982 2865 Q.
1003 2776 1127 2858 Servili,
1147 2799 1180 2849 1s

95 2874 197 2941 altero
215 2874 355 2940 exercitu
371 2874 523 2941 instructo
540 2884 712 2960 paratoque
730 2874 763 2938 in
780 2873 859 2940 urbe
876 2884 980 2941 castra
1001 2873 1127 2953 habere,

96 2969 263 3047 intentum,
283 2969 350 3036 sive
357 2969 487 3036 Etruria
501 2993 535 3035 se
547 2969 681 3048 interim,
696 2978 732 3034 ut
744 2991 854 3056 nuper,
874 2969 941 3039 sive
954 2992 1038 3036 nova
1050 2969 1129 3036 haec

97 3086 188 3143 cura,
205 3063 318 3131 Latini
330 3073 425 3151 atque
437 3063 570 3131 Hernici
582 3063 746 3131 moverint.
772 3085 829 3150 pro
848 3072 933 3129 certo
950 3062 1067 3141 habeo,
1085 3063 1130 3129 ita
1196 3056 1199 3061 ’

101 3180 169 3229 rem
184 3167 364 3246 gesturum,
386 3168 422 3225 ut
438 3169 540 3246 patre,
559 3182 619 3226 avo
637 3168 731 3245 teque
747 3158 817 3245 ipso
835 3179 872 3223 ac
891 3179 948 3223 sex
965 3156 1130 3223 tribunati·

101 3252 161 3323 bas
174 3255 309 3341 dignum
321 3263 379 3320 est
407 3255 516 3320 tertius
535 3253 691 3320 exercitus
709 3276 750 3319 ex
767 3251 918 3319 causariis
937 3249 1128 3321 senioribus·
1147 3268 1181 3318 11

96 3370 161 3434 qus
175 3349 245 3415 aL.
258 3347 407 3432 Quinctio
417 3349 579 3429 scribatur,
594 3350 649 3433 qui
657 3348 728 3414 urbi
736 3347 964 3432 moenibusque
971 3345 1129 3434 praesidio

95 3444 149 3509 sit
176 3443 221 3511 L.
230 3441 384 3511 Horatius
399 3467 494 3522 arma,
513 3443 585 3523 tela,
604 3443 806 3520 frumentum,
825 3463 968 3527 quaeque
982 3440 1057 3508 belli
1069 3440 1131 3509 alia
1177 3438 1180 3443 ’

94 3548 243 3624 tempora
259 3547 391 3624 poscent
407 3539 579 3624 provideat
619 3548 665 3618 te,
686 3536 778 3606 Servi
792 3535 933 3616 Corneli,
951 3536 1129 3624 praesidem
1149 3555 1181 3605 1t

96 3633 195 3699 huius
216 3632 337 3719 publici
358 3633 492 3712 consilii,
517 3635 679 3700 custodem
695 3633 897 3722 religionum,
920 3631 1127 3709 comitiorum,

96 3727 218 3816 legum,
232 3750 337 3795 rerum
350 3729 490 3795 omnium
503 3728 693 3795 mbsnarum
707 3730 846 3816 collegae
859 3725 1015 3793 facimus?
1037 3746 1130 3791 cunc-
1149 3742 1181 3791 le

96 3823 139 3891 tis
157 3823 193 3889 in
209 3831 315 3909 partes
333 3823 471 3891 muneris
485 3823 535 3891 sui
547 3822 683 3911 benigne
695 3821 914 3911 pollicentibus
928 3842 1056 3907 operam
1065 3817 1131 3883 Va-

97 3916 197 3985 larius
220 3917 325 3985 nocitus
346 3917 469 4006 imperii
489 3919 590 3987 lectus
611 3919 739 3998 adiecit,
764 3917 813 3985 M.
835 3916 969 3985 Furium
990 3913 1051 3980 sibi
1071 3932 1130 3998 pro

97 4011 368 4117 dictatoremque
385 4015 485 4103 eipro
496 4014 650 4103 magistm
663 4012 803 4101 equitum
815 4012 970 4089 futumm3
987 4005 1128 4095 proinde,
1150 4024 1181 4072 17
