2566 4524
381 233 501 291 nunna
516 235 558 307 x,
576 235 619 291 21.
633 235 675 291 22.
696 234 847 309 [tuaac]
1063 228 1128 296 517

161 393 288 460 Avertit
313 392 354 460 ab
381 392 427 459 eis
454 393 537 460 curis
565 404 708 460 senatum
729 395 876 463 Etruniae
902 397 1125 487 ingravescens
1145 425 1176 472 11

96 490 216 557 bellum
242 498 274 555 ct
299 487 427 555 crebrae
452 488 574 555 litterae
598 488 698 577 Appii
722 491 892 572 monentis,
923 516 963 560 ne
988 495 1126 583 regionis

97 586 165 651 eius
182 592 306 650 motum
327 582 545 671 neglegerentr
571 594 719 669 quattuor
735 595 846 673 gentes
864 587 1006 655 conferre
1028 613 1124 671 arma,
1146 612 1177 659 12

94 680 263 757 Etruscos,
282 675 451 757 Samnites,
469 677 621 758 Umbros,
641 677 766 760 Gallos;
783 681 846 749 iam
864 692 966 749 casm
982 682 1128 751 bifariam

95 775 182 841 facta
204 795 290 852 esse,
312 773 388 858 quia
409 795 491 838 unus
513 773 603 840 locus
625 797 737 862 capere
754 785 874 843 tantam
895 776 1126 845 multitudinem

96 894 159 939 nou
176 869 291 958 possit.
326 868 367 936 ob
384 868 463 935 baec
480 878 512 936 et
524 908 566 920 —
579 870 642 937 iam
660 870 829 958 adpetebat
845 883 969 962 tempus
979 913 1021 924 -
1030 875 1126 941 comi·
1145 893 1177 943 13

96 967 213 1032 tiorum
231 985 328 1031 causa
340 963 383 1030 L.
391 962 582 1030 Volumnius
600 965 710 1031 consul
726 965 862 1033 Romam
879 979 1053 1049 revocatus,
1072 970 1127 1055 qui

95 1061 283 1148 priusquam
305 1059 347 1125 ad
369 1057 556 1146 suffragium
578 1059 735 1127 centurias
751 1072 878 1128 vocaret
898 1062 933 1128 in
949 1063 1126 1129 contionem

95 1156 252 1221 advocato
273 1151 391 1241 populo
412 1152 512 1220 multa
528 1153 568 1219 de
585 1154 801 1242 magnitudine
822 1155 897 1222 belli
913 1155 1041 1223 Etrusci
1061 1157 1126 1223 dis-

96 1249 204 1317 seruit.
239 1248 304 1314 iam
326 1257 408 1328 tum,
436 1270 509 1315 cum
528 1248 599 1335 ipse
618 1247 664 1315 ibi
686 1271 759 1315 cum
780 1250 902 1339 collega
922 1274 989 1318 rem
1010 1251 1126 1339 pariter
1144 1272 1177 1320 14

95 1343 241 1433 gesserit,
259 1342 359 1410 fuisse
376 1352 498 1409 tentum
514 1341 642 1423 bellum,
656 1353 692 1410 ut
708 1365 767 1410 nec
784 1345 864 1412 duce
880 1367 944 1411 uno
961 1367 1020 1411 nec
1037 1368 1126 1412 exer-

96 1439 160 1505 citu
182 1437 253 1526 geri
274 1437 429 1524 potuerit3
455 1437 628 1503 accessisse
649 1447 761 1525 postea
782 1438 845 1504 dici
861 1438 1002 1508 Umbros
1024 1449 1056 1506 et
1077 1441 1125 1506 in-

93 1540 225 1620 gentem
247 1531 417 1598 exercitum
435 1529 609 1600 Gallorum.
650 1533 801 1601 adversus
823 1544 970 1620 quattuor
990 1535 1123 1624 populos
1143 1554 1175 1604 15

96 1628 194 1693 duces
212 1625 358 1692 consules
374 1625 430 1694 illo
447 1626 498 1693 die
516 1626 612 1715 deligi
627 1627 852 1696 meminissent
886 1652 931 1710 se,
949 1630 1012 1698 uisi
1029 1630 1126 1698 confi-

96 1721 193 1801 deret,
212 1742 287 1787 eum
304 1741 461 1787 consensu
476 1721 585 1809 populi
601 1721 737 1787 Romani
754 1723 916 1789 consulem
933 1724 1125 1791 declaratum

94 1815 142 1897 iri,
160 1814 220 1901 qui
236 1814 321 1881 baud
339 1813 434 1882 dubie
452 1824 519 1880 tum
535 1815 656 1903 primus
674 1815 814 1882 omnium
832 1817 942 1884 ductor
962 1818 1124 1898 habeatur,

96 1911 281 1979 dictatorem
299 1909 400 1976 fluisse
417 1910 575 1997 extemplo
593 1910 757 1977 dicturum

158 2003 282 2072 XXII.
303 2004 431 2071 Nemini
447 2004 579 2072 dubium
596 2014 671 2085 erat,
689 2006 766 2091 quin
773 2004 893 2075 Fabius
903 2005 1041 2092 Quintus
1059 2031 1126 2076 om·
1144 2026 1159 2076 1

93 2101 185 2167 nium
206 2120 364 2165 consensu
385 2099 606 2179 destinaretur3
633 2121 768 2185 eumque
785 2109 817 2167 et
837 2103 1074 2190 praerogativae
1096 2112 1127 2169 et

94 2195 199 2282 primo
216 2203 348 2260 vocatae
365 2215 475 2261 omnes
492 2193 651 2260 centuriae
669 2192 830 2260 consulem
848 2216 920 2260 cum
937 2197 979 2261 L.
994 2196 1127 2263 Volum-

94 2289 150 2355 nio
162 2287 319 2354 dicebaut.
345 2288 438 2356 Fabii
456 2289 555 2355 oratio
572 2287 633 2353 fuit
649 2287 751 2373 qualis
768 2286 895 2354 biennio
908 2298 994 2369 ante3
1013 2289 1126 2355 deinde
1144 2305 1159 2352 2

95 2392 132 2450 ut
154 2382 339 2449 vincebatur
363 2404 534 2461 consensu,
556 2404 649 2448 versa
673 2389 833 2469 postremo
855 2381 896 2448 ad
917 2382 1070 2470 collegam
1086 2381 1125 2449 P.

94 2478 236 2547 Decium
252 2479 455 2565 poscendum.
489 2477 524 2543 id
541 2479 694 2543 senectuti
712 2499 787 2543 suae
805 2476 1028 2543 adminiculum
1045 2476 1125 2543 fore:
1145 2493 1160 2541 s

96 2594 233 2640 censura
245 2572 431 2658 duobusque
449 2570 664 2639 consulatibus
683 2570 777 2638 simul
794 2570 893 2658 gestis
912 2578 1074 2657 expertum
1092 2592 1127 2635 se

94 2668 176 2735 nibil
193 2667 342 2734 concordi
363 2666 496 2755 collegio
517 2665 638 2732 firmius
656 2667 698 2732 ad
718 2664 961 2753 rempublicam
978 2664 1127 2730 tuendam

94 2783 179 2829 esee.
215 2783 298 2827 novo
314 2761 437 2849 imperii
456 2761 541 2828 socio
558 2760 613 2826 vix
628 2760 693 2827 iam
710 2761 896 2826 adsuescere
914 2758 1044 2825 senilem
1061 2758 1128 2823 ani-

94 2879 187 2923 mum
203 2876 314 2942 posse3
340 2877 414 2923 cum
430 2855 571 2922 moribus
588 2856 671 2922 uotis
689 2855 813 2921 lbcilius
832 2876 867 2921 se
885 2853 1128 2920 communicatu-

94 2972 170 3019 rum
187 2949 327 3016 consilia.
355 2949 540 3036 subscripsit
557 2949 689 3016 orationi
707 2949 774 3014 eius
792 2949 903 3015 consul
920 2972 992 3015 cum
1009 2947 1127 3015 meritis
1146 2965 1162 3013 t

94 3044 136 3113 P.
149 3043 247 3111 Decii
263 3043 420 3125 laudibus,
438 3054 506 3111 tum
523 3066 604 3130 quae
622 3065 662 3109 ex
680 3042 846 3108 concordia
863 3042 1028 3107 consulum
1045 3042 1129 3107 bona

97 3160 246 3226 quaeque
264 3160 305 3203 cx
316 3139 474 3205 discordia
490 3139 574 3204 mala
591 3138 625 3203 in
642 3135 909 3204 administratione
925 3157 1030 3199 rerum
1047 3133 1128 3199 mili-

95 3233 213 3301 tarium
230 3233 403 3312 evenirent,
425 3233 642 3310 memorando,
665 3253 761 3317 quam
780 3251 879 3318 prope
900 3228 1045 3293 ultimum
1062 3226 1161 3294 dis-5

95 3329 218 3397 crimen
236 3328 302 3394 suis
320 3337 351 3394 et
369 3329 508 3415 collegae
525 3326 747 3394 certaminibus
769 3347 870 3411 nuper
885 3332 1015 3389 ventum
1036 3320 1126 3400 foret,

95 3432 130 3491 et
141 3423 301 3491 monendo
308 3420 446 3491 Decium
453 3420 661 3506 Fabiumque,
679 3429 716 3485 ut
731 3441 796 3484 uno
813 3417 926 3495 animo,
944 3439 1007 3482 una
1023 3424 1127 3482 mente
1146 3435 1161 3485 o

95 3517 250 3585 viverent.
273 3539 344 3585 esse
356 3527 517 3604 praeterea
529 3515 614 3581 viros
627 3523 718 3580 natos
732 3513 869 3590 militiae,
880 3510 971 3577 factis
984 3533 1127 3599 magnos,
1221 3571 1225 3576 .

95 3612 140 3679 ed
153 3609 322 3679 verborum
338 3611 527 3700 linguaeque
545 3609 715 3676 certamina
731 3608 839 3673 rudes:
858 3628 896 3673 ea
912 3605 1039 3693 ingenia
1056 3626 1130 3672 con-

97 3706 218 3775 sularia
234 3728 314 3773 erse.
350 3705 479 3773 callidos
498 3704 702 3788 sollertesque
724 3702 799 3768 imis
817 3712 912 3787 atque
934 3697 1128 3785 eloquentiae
1147 3717 1161 3763 2

96 3799 275 3880 oousrrltos,
293 3800 396 3886 qualis
414 3798 500 3887 App.
521 3798 675 3866 Claudius
694 3807 791 3875 esset,
809 3795 880 3862 urbi
898 3817 936 3862 ec
952 3793 1020 3859 foro
1037 3812 1128 3877 prae-

96 3896 185 3964 sideo
206 3894 368 3962 habendos
395 3905 618 3982 praetoresque
639 3893 681 3959 ad
706 3891 866 3958 reddenda
887 3890 955 3954 iura
977 3883 1127 3952 creandos

93 4012 181 4059 esse.
207 3990 258 4057 his
276 3991 407 4079 mendis
425 3991 494 4057 dies
511 3999 559 4058 est
577 3996 790 4076 consumptus.
821 3981 972 4073 postridie
985 3979 1025 4046 ad
1037 3995 1160 4065 prae-8
