2566 4524
309 256 430 341 LIBER
445 257 531 329 VIII,
548 257 590 313 22.
603 251 645 312 23.
664 261 703 329 [a.
716 254 904 331 ceta-mn
1060 249 1123 317 421

99 441 166 488 cum
182 417 319 484 relatum
337 425 422 482 esset
438 440 458 482 a
477 413 621 495 Graecis,
641 426 735 504 gente
752 416 861 504 lingua
877 419 979 505 magis
998 428 1125 489 strenua

96 536 189 601 quam
207 512 315 589 factis,
337 511 428 576 ferox
445 533 646 597 responsum,
669 534 709 576 ex
727 512 910 579 auctoritate
926 522 1050 600 patrum
1067 538 1124 603 po-

94 607 185 697 pulus
213 605 458 693 Palaepolitanis
484 605 602 671 bellum
628 605 696 670 fieri
721 607 821 672 iussit.
865 606 947 672 iuter
976 610 1122 676 consules
1140 602 1173 681 a·

93 701 262 790 provinciis
289 699 466 786 conparatis
496 699 579 765 bello
607 695 722 766 Graeci
750 701 960 787 persequendi
984 701 1122 769 Publilio

96 804 280 874 evenerunt,
304 793 470 861 Cornelius
493 793 591 859 altero
614 794 752 859 exercitu
771 792 982 874 Samnitibus,
1011 798 1123 883 siqua
1169 845 1174 849 -

95 914 128 959 se
155 898 335 967 moverent,
367 889 540 976 oppositus.
584 888 671 955 fama
701 899 806 955 autem
837 899 917 969 erat,
954 891 1123 960 defectioni
1141 914 1172 962 10

97 985 331 1073 Campanorum
347 982 535 1049 inminentes
554 983 734 1048 admoturos
752 993 863 1050 castra.
895 983 940 1050 ibi
958 995 1122 1072 optumum

93 1081 196 1147 visum
216 1077 364 1144 Cornelio
383 1076 497 1142 stativa
513 1075 639 1143 habere.

155 1170 296 1239 XXIII.
327 1169 381 1237 Ab
396 1181 527 1256 utroque
542 1171 670 1237 consule
684 1171 831 1259 exiguam
845 1194 934 1258 spem
946 1173 1033 1259 pacis
1048 1197 1121 1239 eum
1140 1197 1153 1244 1

95 1265 291 1334 Samnitibus
317 1287 389 1331 esse
414 1265 527 1332 certior
547 1264 584 1330 fit
605 1275 746 1332 senatus:
772 1265 928 1332 Publilius
951 1267 1123 1333 duomilia

91 1360 286 1429 Nolanorum
303 1359 436 1424 militum
454 1368 485 1425 et
502 1368 649 1444 quattuor
668 1357 858 1426 Samnitium
876 1361 977 1446 magis
990 1360 1120 1428 Nolanis
1163 1440 1168 1447 .

94 1454 278 1543 cogentibus
297 1474 393 1538 quam
406 1453 565 1519 voluntate
580 1450 773 1521 Graecorum
789 1463 916 1541 recepta
924 1454 1120 1541 Palaepolim

92 1549 221 1616 miserm
237 1546 373 1632 (Romae
387 1548 599 1635 conpertum),
620 1547 786 1615 Cornelius
800 1549 949 1615 dilectum
965 1550 1119 1616 indictum
1137 1573 1152 1620 a

93 1667 113 1710 a
128 1642 365 1732 magistratibus
383 1644 627 1728 universumque
646 1641 812 1710 Samnium
829 1655 968 1711 erectum
986 1667 1023 1712 ac
1044 1645 1121 1711 viei-

92 1761 150 1804 nos
171 1737 321 1825 populos,
343 1734 560 1804 Privernatem
577 1737 829 1823 Fundanumque
853 1749 884 1805 et
904 1739 1118 1818 Formianum,

91 1833 178 1900 haud
195 1832 344 1920 ambigue
363 1833 530 1899 sollicitari.
571 1832 611 1899 ob
630 1833 708 1900 haec
726 1856 798 1899 cum
815 1834 937 1922 legatos
955 1835 1036 1899 mitti
1053 1834 1153 1921 pla—e

92 1929 211 1995 cuisset
227 1928 315 2013 prius
334 1928 374 1993 ad
389 1925 548 1994 Samnites
567 1950 662 2012 quam
679 1927 798 1995 bellum
814 1928 915 2007 fieret,
933 1951 1120 2016 responsum

90 2023 234 2089 redditur
255 2021 296 2088 ab
320 2019 515 2091 Samnitibus
538 2023 638 2089 ferox.
674 2023 755 2089 ultro
780 2023 967 2090 incusabant
991 2024 1120 2089 iniurias

87 2116 322 2196 Romanorum,
345 2139 447 2202 neque
469 2140 507 2183 eo
529 2119 747 2205 neglegentius
765 2140 803 2183 ea
820 2139 900 2202 quae
918 2118 996 2204 ipsis
1015 2118 1120 2184 obice·
1136 2136 1169 2197 4,-

86 2222 199 2279 rentur
223 2210 415 2302 purgabantz
450 2212 537 2278 haud
561 2212 627 2277 ullo
652 2210 778 2297 publico
805 2212 934 2277 consilio
962 2213 1151 2281 auxiliove5

84 2306 192 2373 iuvari
212 2303 367 2386 Graecos,
389 2329 448 2373 nec
463 2307 654 2372 Fundanum
671 2306 914 2371 Formianumve
937 2329 956 2370 a
978 2327 1012 2370 se
1033 2306 1120 2374 solli-

85 2403 218 2469 citatos:
245 2402 361 2488 quippe
382 2401 510 2467 minime
536 2400 694 2488 paenitere
721 2423 756 2466 se
782 2400 895 2479 virium
923 2422 1063 2479 suarum,
1092 2400 1120 2464 si

81 2492 209 2563 bellum
234 2495 365 2582 placeat
410 2505 548 2563 ceterum
573 2517 637 2561 non
661 2516 756 2582 posse
783 2494 993 2574 dissimulare,
1025 2515 1119 2580 aegre
1138 2512 1167 2575 6,

78 2592 156 2680 pati
172 2590 334 2657 civitatem
348 2588 551 2670 Samnitium,
570 2590 655 2675 quod
667 2589 829 2677 Fregellas
849 2611 888 2654 ex
901 2588 1027 2654 Volscis
1046 2610 1119 2674 cap-

82 2697 138 2753 tas
163 2685 348 2770 dirutasque
369 2684 411 2751 ab
433 2707 468 2751 se
489 2685 659 2752 restituerit
674 2684 837 2751 Romanus
858 2683 1008 2770 populus,
1035 2682 1120 2748 colo-

80 2782 239 2866 niamque
264 2780 298 2845 in
325 2777 514 2846 Samnitium
539 2802 616 2867 agro
646 2778 854 2866 inposuerint‚
890 2800 985 2862 quam
1016 2777 1120 2843 coloni

81 2897 200 2955 corum
213 2872 377 2960 Fregellas
390 2873 556 2960 appellent.
593 2895 663 2938 eam
678 2895 711 2937 se
726 2872 946 2938 contumeliam
958 2871 1119 2937 iniuriam-
1138 2888 1154 2936 7

79 2991 164 3057 que,
181 2967 218 3033 ni
236 2966 297 3034 sibi
314 2966 411 3033 abiis
428 2968 483 3052 qui
500 2966 631 3032 fecerint
648 2966 799 3044 dematur,
817 2968 905 3052 ipsos
918 2966 1003 3032 omni
1016 2965 1049 3030 vi
1062 2966 1118 3031 de·

77 3064 237 3154 pulsuros
250 3084 331 3128 esse.
359 3084 431 3128 cum
438 3062 601 3129 Romanus
616 3061 738 3149 legatus
753 3061 794 3125 ad
807 3060 1045 3146 disceptandum
1063 3081 1117 3124 eos
1136 3075 1152 3123 8

82 3160 130 3227 ad
148 3178 330 3225 communes
350 3159 451 3224 socios
466 3166 560 3243 atque
575 3157 692 3223 amicos
705 3165 846 3222 vocaret:
866 3156 956 3240 ‘quid
968 3155 1118 3241 perplexe

78 3251 246 3344 agimusl'
263 3251 366 3337 inquit
384 3257 505 3319 ‘nostra
522 3251 705 3331 certamina,
722 3251 871 3328 Romani,
889 3273 953 3315 non
964 3247 1062 3314 verba
1073 3247 1119 3312 le·

77 3359 235 3441 gratorum
251 3368 312 3413 neo
328 3346 491 3413 hominum
510 3347 676 3431 quisquam
694 3345 893 3432 disceptator,
913 3344 969 3410 sed
986 3364 1117 3428 campus

77 3443 289 3530 Campanus,
308 3441 417 3526 inquo
431 3442 678 3508 consumendum
697 3449 758 3518 est,
777 3449 808 3505 et
826 3461 912 3504 arma
929 3448 961 3504 et
978 3459 1119 3503 commu-

77 3540 135 3615 nis
158 3535 254 3603 Mars
275 3535 350 3602 belli
371 3537 526 3603 decernet.
561 3535 691 3622 proinde
713 3535 794 3599 inter
817 3533 961 3619 Capuam
980 3530 1151 3598 Suessa-e

77 3631 217 3718 tamque
239 3639 343 3698 castra
364 3632 474 3698 castris
497 3630 695 3697 conferamus
718 3639 749 3694 et
769 3626 895 3696 Samnis
914 3627 1118 3693 Romanusne

77 3727 222 3819 imperio
242 3724 367 3793 Italiam
388 3735 501 3815 regant
522 3724 746 3791 decernamus?
785 3722 881 3811 legati
901 3722 1117 3788 Romanorum
1137 3735 1170 3783 10

77 3846 162 3894 cum
179 3845 217 3891 ae
234 3844 299 3887 non
313 3843 375 3907 quo
388 3821 487 3888 hostis
500 3828 681 3897 vocassent,
701 3819 757 3884 sed
770 3840 833 3903 quo
847 3817 1049 3904 imperatores
1068 3811 1117 3875 sui

78 3917 269 3994 duxissent,
296 3916 394 3983 ituros
417 3938 488 3984 esse
509 3915 758 4003 respondissent,
784 3913 848 3978 iam
864 3910 1020 3977 Publilius
1037 3907 1118 3970 inter

77 4010 286 4100 Palaepolim
307 4011 534 4099 Neapolimque
560 4011 629 4077 loco
656 4017 808 4096 oportune
835 4015 926 4092 capto
953 4004 1117 4069 diremerat

1150 4160 1243 4262 Ι
