2566 4524
219 246 286 320 246
428 258 546 314 muna
562 256 637 328 1111,
654 255 697 309 ao.
709 254 752 309 aa
771 252 1046 326 [ansam-ass]

219 415 600 499 Iulium'Comeliumque
617 414 732 493 fenmt,
751 434 930 500 mamoque
947 413 1120 481 ocrmmine
1136 413 1234 483 anino·

171 533 203 585 10
219 536 290 579 rum
312 535 380 577 rem
401 521 518 588 actam,
545 532 619 575 cum
639 509 793 595 primores
814 517 941 594 patrum
962 509 1156 595 nequiquam
1176 531 1233 576 oon·

220 604 337 692 questi,
364 628 429 671 non
447 626 517 670 esse
534 604 568 669 in
589 603 774 669 auctoritate
797 612 925 667 senatus
944 602 1090 669 tribunos
1112 603 1231 683 militant,

219 710 380 788 postremo
403 699 498 765 etiam
519 696 661 763 tribunos
683 695 769 782 plebi
795 695 989 782 appellarent
1016 706 1049 762 et
1073 696 1231 765 oonsulibus

221 816 346 879 quoque
364 792 404 858 ab
423 815 462 857 ea
477 801 632 878 potestate
650 792 715 855 vim
734 813 829 876 super
845 791 900 854 tali
921 813 956 856 re
976 791 1144 858 inhibitam
1158 791 1232 857 refer·

171 912 201 960 11
220 899 304 966 rent3
332 886 449 953 tribuni
466 885 565 972 plebi,
592 885 667 951 laeti
688 885 847 950 discordia
867 894 1008 971 patrum,
1034 886 1115 951 nihil
1136 886 1232 952 esseio
1253 898 1256 909 ·

220 983 259 1049 iis
278 982 386 1048 auxilii
403 981 551 1059 dicerent,
570 981 686 1066 quibus
704 1003 768 1045 non
784 980 910 1058 civium,
929 1003 995 1045 non
1007 981 1145 1066 denique
1155 981 1232 1048 borni·

170 1100 202 1148 ιι
220 1103 297 1146 num
319 1101 450 1145 numero
473 1087 588 1145 essent.
626 1077 653 1142 si
675 1077 802 1160 quando
823 1074 972 1162 promisci
993 1076 1146 1156 homnae,
1167 1098 1232 1143 oona

220 1175 379 1241 municata
399 1198 451 1241 res
476 1175 604 1262 publica
627 1183 724 1252 esset,
752 1183 820 1238 tum
842 1196 877 1239 se
899 1175 1181 1253 animadvmauroa
1201 1192 1232 1236 ne

220 1293 284 1355 qua
301 1271 449 1356 superbia
465 1270 708 1357 magistratuum
724 1269 817 1333 inrita
835 1279 964 1334 senatus
976 1269 1125 1336 consulta
1135 1276 1231 1344 ottenb

170 1384 202 1433 13
219 1364 345 1431 interim
361 1365 497 1451 patricii,
519 1364 614 1430 soluti
630 1365 738 1450 legum
755 1365 1039 1450 magistratumque
1055 1363 1230 1440 verecundia

220 1482 329 1546 perse
347 1483 472 1543 quoque
490 1459 689 1525 tribuniciam
706 1469 895 1544 potestatem
913 1469 1054 1545 agerent.

188 1577 200 1622 1
285 1553 396 1619 LVII.
432 1553 524 1619 Haec
542 1554 700 1619 eontentio
718 1553 846 1618 minime
864 1553 978 1619 idoneo
1000 1563 1155 1642 tempore,
1175 1572 1232 1621 om

189 1680 192 1686 ·
221 1655 344 1734 tantum
365 1646 440 1713 belli
462 1649 495 1713 in
518 1648 664 1714 manibus
687 1658 786 1726 esset,
813 1658 1023 1733 occupaverat
1048 1647 1231 1736 cogitationes

187 1741 398 1821 rhombum,
426 1743 541 1821 donec,
568 1743 624 1809 ubi
651 1743 706 1808 diu
731 1743 859 1808 alternis
884 1743 986 1809 lulius
1015 1742 1231 1826 eamusque,

220 1859 294 1903 oum
312 1839 353 1903 ad
369 1839 404 1903 id
420 1838 539 1904 bellum
556 1839 620 1925 ipsi
638 1838 713 1902 satis
731 1838 838 1902 idonei
855 1838 952 1903 duces
967 1848 1086 1917 essent,
1104 1861 1165 1904 non
1178 1854 1231 1901 esst

221 1953 372 2015 aequum,
399 1933 583 1997 mandatum
610 1932 672 1997 sibi
694 1956 713 1996 a
734 1932 851 2018 populo
874 1931 953 2017 eripi
973 1932 1130 1998 honorem
1152 1932 1231 1997 tine

188 2045 204 2094 8
221 2046 325 2102 ruere,
353 2036 421 2089 tum
438 2024 545 2090 Ahala
564 2023 716 2091 Servilius
739 2025 883 2090 tribunus
906 2025 1042 2090 militum
1059 2026 1191 2093 tacuisse
1206 2042 1231 2089 st
1268 2048 1275 2079 ι

222 2128 289 2183 tam
306 2118 361 2185 diu
378 2119 435 2197 ait,
463 2143 526 2185 uon
545 2120 619 2203 quia
636 2121 772 2185 incertus
792 2120 965 2185 sententiae
986 2120 1085 2187 fuerit
1101 2160 1144 2171 —
1158 2137 1238 2207 qum¹

222 2212 307 2277 enim
324 2211 443 2279 bonum
460 2214 562 2279 civem
581 2235 742 2279 secernere
761 2237 856 2279 suaa
877 2213 1012 2300 publicis
1036 2214 1181 2281 consiliat
1192 2240 1241 2287 η·

222 2310 280 2376 sod
301 2310 376 2394 quia
398 2310 542 2375 maluerit
529 2310 701 2397 tcollegas
725 2333 783 2375 sua
804 2320 916 2396 sponte
939 2311 1052 2376 cedere
1080 2302 1231 2377 auctoritati

223 2413 350 2469 senatus
373 2427 468 2488 quam
490 2404 764 2470 tribuniciamt
708 2426 749 2488 po
752 2413 896 2469 testatem
917 2403 1073 2470 adversus
1097 2428 1133 2471 se
1153 2401 1231 2489 inptn

188 2497 285 2564 trari
305 2508 485 2583 paterentur
534 2509 602 2563 tum
623 2520 762 2581 quoque,
791 2498 885 2563 sires
912 2499 1042 2577 sineret,
1015 2499 1193 2566 tlibenter
1205 2513 1230 2559 st
1262 2538 1268 2543 -

222 2592 371 2658 daturum
392 2548 515 2678 tempus
537 2593 577 2657 iis
599 2592 699 2658 fuisse
725 2592 766 2656 ad
787 2603 949 2678 receptum
968 2593 1063 2658 nimis
1087 2586 1229 2680 pertinaci·

223 2709 280 2751 sen
281 2687 405 2751 tentiae.
442 2688 498 2752 sed
515 2708 588 2751 eum
605 2687 679 2751 belli
697 2688 899 2753 necessitates
923 2710 987 2752 non
1010 2698 1176 2774 expectent
1188 2684 1230 2750 lu·

221 2801 316 2843 mana
337 2780 480 2857 consilia,
507 2781 662 2865 potiorem
684 2781 745 2846 sibi
767 2781 959 2868 collegarum
979 2784 1084 2869 gratia
1105 2806 1169 2849 rem
1189 2798 1231 2867 pt·

189 2892 204 2940 5
222 2870 338 2935 blicam
355 2871 424 2937 fore
442 2882 482 2950 et,
500 2875 529 2939 si
546 2885 671 2939 maneat
687 2875 721 2940 in
739 2877 892 2941 sententia
910 2887 1049 2955 senatus,
1069 2878 1230 2944 dicaam
1261 2914 1275 2933 ι

221 2976 314 3030 nocte
339 2967 484 3052 proxima
510 2969 667 3036 dicturum
693 2993 744 3048 ac,
774 2970 802 3035 si
828 2971 898 3054 quis
924 2971 1101 3038 intercedat
1127 2982 1231 3039 senatu

189 3081 204 3131 6
223 3061 379 3140 consulto,
407 3065 590 3131 auctoritate
612 3088 647 3132 se
668 3065 736 3130 sore
759 3075 949 3131 contentum.
986 3088 1051 3151 quo
1072 3067 1159 3135 facto
1177 3082 1232 3131 nn

219 3155 307 3222 haud
327 3157 504 3225 inmeritam
525 3159 652 3225 laudem
674 3160 870 3248 gratiamque
893 3169 969 3245 aput
994 3163 1100 3228 omnis
1123 3162 1232 3233 utura

221 3251 427 3320 dictatoreP.
448 3254 595 3322 Cornelio
612 3257 710 3334 dict,o
739 3257 809 3341 ipse
826 3255 866 3321 ab
885 3277 922 3320 eo
943 3258 1098 3344 magister
1114 3257 1234 3344 equina

222 3357 344 3412 oreatus
367 3359 425 3414 ost
462 3350 606 3437 exemplo
633 3351 693 3416 fuit
680 3351 855 3438 toollegas
882 3374 1018 3436 eumque
1044 3353 1232 3427 intuentibus

191 3461 318 3522 quam
339 3443 441 3528 gratia
462 3455 555 3529 atque
578 3446 678 3512 honos
702 3446 902 3533 oportuniora
923 3447 1084 3514 interdum
1111 3473 1175 3517 non
1193 3466 1234 3513 eu·

221 3532 380 3616 pientibus
399 3548 514 3603 essent

189 3647 204 3693 7
286 3628 413 3695 Bellum
439 3631 524 3697 haud
549 3634 751 3699 memorabile
777 3634 846 3699 fuit
891 3657 954 3700 uno
981 3644 1077 3721 atque
1104 3661 1143 3705 oo
1167 3630 1237 3703 fadi

221 3721 340 3807 proelio
361 3726 446 3790 caesi
472 3727 512 3791 ad
533 3726 667 3793 Antium
688 3729 762 3794 host
750 3738 811 3804 t‚es
847 3729 948 3794 victor
973 3732 1131 3800 exercitus
1156 3732 1238 3818 depo*

220 3816 308 3904 pulat
310 3841 346 3883 us
369 3817 522 3886 Volscum
548 3846 673 3934 agrum,
710 3835 778 3889 east
766 3824 874 3888 tellum
900 3826 942 3889 ad
966 3825 1071 3891 lacum
1095 3827 1239 3894 Fucinum

221 3911 255 3976 vi
280 3923 494 4000 expugnatum
522 3928 616 4002 atque
642 3919 676 3983 in
698 3941 735 3985 eo
762 3919 822 3984 tria
849 3920 936 3985 milia
958 3920 1124 3987 hominum
1150 3929 1239 4008 cepta

191 4069 196 4077 ,
221 4007 331 4073 ceteris
350 4006 504 4077 Volscis
494 4021 575 4078 intra
596 4015 721 4080 moenia
743 4015 904 4101 conpulsis
926 4037 986 4082 nec
1007 4014 1240 4083 defendentibut
