2566 4524
246 279 251 285 .
299 244 419 300 amna
436 244 800 320 vm1,18.[a.u.c.3le]
999 236 1064 307 461

67 413 117 473 ret
134 403 256 483 acrior,
273 403 352 488 quid
374 403 402 470 si
419 412 492 470 trux
509 427 547 471 ac
563 405 761 491 praefervida
778 407 884 474 ira-
901 430 961 476 nec
978 409 1066 496 quio·

67 525 124 568 am
133 499 266 566 dubium
280 498 362 565 inter
370 499 539 586 scriptores
552 500 655 568 refero
664 539 716 581 -,
726 501 852 570 nullane
860 502 941 570 haec
950 504 1065 573 damna

67 595 240 685 peratoriis
261 593 433 661 virtutibus
453 595 619 662 ducimus?
651 596 685 661 id
703 619 778 663 vcro
795 598 969 685 periculum
987 609 1098 681 erato

67 693 113 760 ,od
129 688 288 758 levissimi
305 713 346 757 ex
365 687 512 771 Graecis,
531 691 586 776 qui
602 689 794 758 Parthorum
811 715 938 780 quoque
956 704 1066 764 contra

67 810 144 854 men
152 785 336 852 Romanum
352 784 472 873 gloriae
489 784 607 866 favent,
622 786 765 853 dictitare
784 788 895 868 solent,
913 812 954 855 ne
967 789 1065 857 maie·

67 893 142 950 item
160 880 298 947 nominis
309 877 493 958 Alexandri,
508 902 603 965 quem
620 903 660 948 ne
678 881 766 949 fama
782 877 911 969 quidem
927 884 990 952 illis
1008 907 1066 953 no-

67 1003 93 1045 n
110 977 250 1045 arbitror
266 976 377 1056 fuisse,
393 976 548 1044 sustinere
565 999 631 1042 non
647 978 785 1064 potuerit
800 979 937 1066 populus
947 980 1066 1049 Roma-

67 1099 95 1156 s,
114 1083 150 1142 et
167 1074 322 1139 adversus
340 1093 435 1157 quem
444 1069 592 1151 Athenis,
610 1071 644 1138 in
662 1072 786 1140 civitate
804 1072 1065 1143 fractaMacedo-
1083 1097 1098 1143 7

67 1193 101 1235 m
120 1168 230 1248 armis,
249 1177 395 1234 cernente
413 1177 480 1232 tum
497 1166 636 1233 maxime
652 1189 751 1254 prope
768 1168 926 1236 fumantes
936 1168 1065 1237 Theba-

67 1289 97 1331 m
113 1264 239 1343 ruinas,
263 1261 436 1328 contionari
457 1261 554 1328 libere
572 1262 643 1328 ausi
661 1273 735 1328 sunt
751 1263 909 1344 homines,
927 1264 961 1331 id
978 1265 1064 1353 quod

85 1358 302 1426 monumentis
325 1356 501 1423 orationum
522 1365 623 1443 patet,
646 1357 798 1424 adversus
817 1381 890 1425 eum
911 1382 1005 1427 nemo
1024 1383 1064 1426 ex

67 1505 70 1517 ,
90 1452 278 1543 proceribus
301 1451 454 1518 Romanis
477 1473 589 1517 vocem
612 1450 747 1545 'liberam
769 1453 923 1521 missurus
945 1454 1064 1521 suerit?

67 1548 224 1616 antalibet
243 1547 429 1634 magnitudo
451 1546 587 1612 hominis
611 1547 804 1634 concipiatur
825 1549 945 1629 animo,
968 1550 1062 1617 unius
1080 1568 1096 1616 8

67 1667 133 1711 nen
151 1665 191 1709 ea
208 1642 392 1730 magnitudo
410 1639 546 1708 hominis
566 1640 637 1721 erit,
657 1643 788 1708 collecta
804 1643 899 1731 paulo
916 1643 989 1732 plus
1009 1646 1064 1712 de·

67 1765 96 1807 m
107 1761 265 1806 annorum
277 1737 437 1816 felicitate,
450 1760 546 1822 quam
560 1737 615 1823 qui
632 1760 670 1806 eo
684 1739 846 1818 extollunt,
861 1741 946 1824 quod
963 1764 1064 1828 popu·
1081 1759 1096 1807 e

67 1835 256 1903 tRomanus
274 1832 335 1900 etsi
351 1833 437 1898 nullo
455 1832 548 1911 bello,
566 1833 674 1899 multis
692 1843 798 1899 tamen
814 1834 941 1920 proeliis
959 1836 1062 1902 victus

67 1978 80 2010 ‚
94 1928 278 1995 Alexandro
296 1927 414 1993 nullius
431 1949 559 2015 pugnae
575 1950 640 1993 non
658 1929 798 1994 secunda
814 1929 941 1995 fortuna
957 1930 1063 2011 fuerit,

67 2046 96 2089 m
111 2023 305 2112 intellegrmt,
320 2044 355 2088 se
367 2022 504 2088 hominis
521 2043 572 2088 res
590 2032 699 2109 gestas
717 2033 749 2088 et
766 2023 834 2090 eius
851 2023 974 2091 iuvenis
990 2048 1064 2091 cum

67 2117 138 2207 puli
158 2117 223 2184 iam
244 2116 540 2206 octingentesimum
561 2116 708 2183 bellantis
731 2141 849 2184 annum
870 2118 965 2186 rebus
989 2142 1064 2186 con-

67 2236 121 2281 tre.
146 2214 306 2293 miremur,
321 2214 358 2292 si,
373 2235 446 2278 cum
460 2234 500 2278 ex
516 2211 578 2278 hac
594 2221 683 2299 parte
702 2213 828 2278 saecula
844 2211 936 2298 plura
951 2237 1063 2281 nume·
1082 2235 1113 2282 10

67 2316 136 2374 ntur
152 2330 249 2395 quam
268 2331 309 2374 ex
325 2307 380 2373 illa
396 2308 485 2387 anni,
508 2307 580 2394 plus
598 2307 632 2372 in
650 2316 715 2373 tam
731 2307 828 2394 longo
847 2307 948 2393 spatio
966 2330 1063 2392 quam

67 2412 185 2470 ¹aetate
207 2403 360 2469 tredecim
381 2425 535 2469 annorum
560 2402 688 2469 fortuna
709 2402 895 2468 variaverit?
929 2403 1006 2487 quin
1028 2414 1112 2470 tu11

67 2498 166 2564 ominis
190 2521 264 2565 cum
285 2498 412 2565 homine
435 2508 466 2564 et
487 2497 577 2564 ducis
601 2520 674 2564 cum
696 2498 777 2563 duce
803 2498 963 2563 fortunam
989 2522 1062 2564 cum

67 2599 159 2659 >stunc
176 2593 322 2660 confers?
356 2602 433 2678 quot
448 2592 611 2660 Romanos
630 2593 726 2659 duces
748 2594 922 2672 nominem,
945 2592 1061 2679 quibus
1081 2610 1112 2660 12

67 2706 203 2773 umquam
219 2690 355 2755 adversa
370 2688 497 2754 fortuna
513 2710 641 2776 pugnae
658 2687 734 2754 fuitt
760 2689 894 2776 paginas
912 2689 946 2753 in
963 2713 1061 2755 anna-

67 2774 119 2865 ltus
142 2784 383 2872 magistratuum
408 2783 563 2870 fastisque
589 2804 771 2871 percurrere
796 2784 870 2851 licet
896 2784 1062 2851 consulum

67 2868 293 2964 fictatorumque,
315 2900 450 2962 quorum
467 2900 527 2945 nec
544 2878 668 2945 virtutis
690 2901 749 2944 nec
767 2878 912 2946 fortunae
929 2880 993 2946 ullo
1010 2881 1062 2947 die

67 2968 183 3051 ‚Apulum
203 2973 386 3039 Romanum
411 2973 574 3060 paenituit.
619 2982 651 3039 et
676 2996 739 3058 quo
766 2971 830 3040 s‘int
856 2974 1061 3042 mirabiliores
1082 2991 1113 3040 13

67 3065 319 3143 mrAlexander
335 3077 390 3134 aut
406 3069 575 3154 quisquam
590 3091 657 3147 rex,
673 3069 770 3133 denos
784 3056 975 3151 viceno’sque
992 3070 1061 3134 dies

67 3149 161 3233 pidum
174 3163 376 3242 dictaturam,
399 3185 493 3228 nemo
515 3163 701 3250 plusquam
723 3184 842 3226 annum
864 3161 1061 3226 consulatum

67 3249 150 3332 walt,
163 3256 202 3324 ab
220 3256 355 3323 tribunis
372 3256 474 3345 plebis
492 3259 625 3325 dilectus
642 3257 774 3343 inpediti
792 3264 875 3335 sunt,
892 3265 965 3342 post
982 3266 1060 3320 tem·
1079 3272 1113 3320 14

67 3346 109 3429 Pl
120 3347 155 3413 ad
167 3349 249 3417 bella
265 3351 382 3431 ienmt,
405 3363 479 3418 ante
496 3363 621 3440 tempus
639 3353 836 3419 comitiorum
858 3371 955 3415 causa
970 3372 1062 3416 revo-

67 3428 110 3513 ffi
122 3454 193 3525 tunt,
204 3446 239 3510 in
254 3446 327 3533 ipso
340 3458 455 3513 conatu
470 3470 576 3514 rerum
594 3449 777 3534 circumegit
791 3467 826 3512 se
840 3469 951 3525 annus,
966 3445 1061 3512 colle·
1079 3463 1112 3514 15

80 3608 92 3626 ο
118 3551 191 3605 nunc
207 3541 368 3607 temeritas
385 3564 470 3608 nunc
486 3543 625 3630 pravitas
643 3543 855 3628 inpedimento
873 3551 928 3607 aut
944 3541 1061 3607 damno

127 3633 200 3702 nate
215 3637 316 3724 gestis
333 3634 428 3703 rebus
446 3638 573 3704 alterius
593 3659 776 3703 successum
789 3646 848 3714 est,
861 3637 994 3703 tironem
1007 3644 1062 3701 aut

67 3706 127 3782 ’,θ’
140 3725 296 3818 disciplina
312 3732 493 3820 institutum
515 3733 687 3799 exercitum
708 3743 905 3820 acceperunt.
940 3743 973 3796 at
989 3730 1061 3794 lrer-
1079 3746 1111 3794 16

67 3794 214 3922 deteges
234 3848 300 3893 non
321 3825 413 3894 uberi
438 3828 542 3894 soum
567 3829 789 3913 inpedimentis
815 3827 976 3901 omnious,
1003 3823 1060 3887 seo

67 3902 154 3981 onlltti
167 3942 269 3986 rernm
287 3931 525 4010 temporumque
543 3924 671 3989 trahunt
688 3924 826 3990 consiliis
847 3929 974 3994 cuncta,
996 3939 1058 3981 non

67 3993 187 4083 Ἢν.
224 4017 361 4085 invictus
383 4041 460 4106 ergo
477 4017 660 4086 Alexander
680 4041 754 4085 cum
774 4016 901 4082 invictis
923 4010 1057 4077 ducibus
1075 4030 1108 4076 17
