2566 4524
298 260 417 318 amsa
431 262 505 334 1111,
522 262 621 320 aaa
638 262 862 336 [acroama]
1031 257 1097 324 245

77 435 104 490 ut
122 432 252 488 senatus
275 419 454 486 consultum
480 420 535 486 flat
561 421 600 486 de
627 421 760 489 tribunis
786 423 920 489 militum
942 427 1095 508 creandis,

77 532 149 584 certo
167 531 274 580 tamen
292 525 399 601 pacto,
417 537 457 580 ne
476 516 566 581 cuius
583 517 663 582 ratio
680 517 862 598 haberetur,
886 520 940 604 qui
958 543 995 587 eo
1013 545 1095 588 anno
1114 543 1131 594 a

77 613 214 676 tribunus
233 609 336 696 plebis
355 623 453 689 esset,
476 634 556 677 neve
574 613 645 695 quis
663 613 842 680 reficeretur
858 615 892 680 in
909 639 1025 681 annum
1043 617 1097 681 tri-

77 706 167 770 bunus
186 704 306 791 plebis,
332 704 410 769 haut
432 704 525 770 dubie
543 706 651 772 Icilios
674 706 841 774 denotante
865 722 989 789 senatu,
1016 733 1095 796 quos
1115 733 1130 782 t

77 801 245 865 mercedem
263 799 405 865 seditiosi
422 800 598 866 tribunatus
621 811 727 887 petere
746 803 944 869 consulatum
966 805 1098 872 insimu-

77 893 181 960 labant.
218 905 288 959 tum
306 894 438 959 dilectus
456 894 566 960 baberi
587 895 767 982 bellumque
790 899 931 963 omnium
952 900 1097 966 ordinum

77 1011 224 1054 musensu
242 989 387 1074 apparari
409 1003 565 1074 coeptum.
602 991 747 1057 consules
769 991 863 1057 ambo
884 992 1018 1078 profecti
1035 995 1131 1064 sints

77 1085 107 1151 td
124 1107 230 1149 arcem
251 1083 482 1149 Carventanam
500 1084 637 1150 ran-alter
654 1087 695 1150 ad
712 1087 838 1152 comitia
859 1087 1005 1153 habenda
1023 1089 1098 1154 sub-

77 1181 193 1258 stiterit,
218 1180 374 1245 incertum
396 1181 512 1245 diversi
530 1192 673 1248 auctores
697 1182 831 1248 faciunt:
857 1184 911 1248 illa
933 1207 990 1269 pro
1013 1193 1097 1251 certo

77 1275 226 1352 rabenda,
249 1275 284 1339 in
301 1275 415 1360 quibus
433 1297 497 1340 non
515 1276 716 1355 dissentiunt,
740 1277 780 1343 ab
798 1301 869 1343 arce
888 1277 1096 1358 Carventana,

77 1392 142 1434 sum
159 1370 213 1435 diu
230 1371 420 1454 nequiquam
438 1383 620 1457 oppugnata
637 1383 735 1450 esset,
753 1395 927 1451 recessum,
946 1373 1099 1462 Verrugi-

77 1487 140 1530 1em
156 1465 189 1528 in
207 1464 334 1530 Volscis
353 1466 464 1530 eodem
481 1466 620 1530 exercitu
637 1477 796 1556 receptam
817 1468 1098 1553 populationesque

77 1570 101 1625 st
116 1560 251 1645 praedas
270 1569 300 1625 et
317 1559 351 1623 in
363 1559 486 1643 Aequis
505 1571 536 1625 et
552 1561 586 1624 in
598 1559 717 1627 Volsco
735 1585 811 1648 agro
828 1563 971 1650 ingentes
985 1563 1097 1630 factas.

129 1654 223 1719 LVI.
259 1654 381 1720 Romae
400 1656 481 1720 sicut
497 1655 598 1741 plebis
616 1655 747 1722 victoria
764 1657 824 1722 fuit
841 1657 874 1722 in
892 1681 944 1736 eo,
962 1667 998 1723 ut
1015 1681 1097 1742 quae
1116 1679 1130 1725 1

77 1748 197 1815 mallent
205 1748 331 1813 comitia
343 1748 502 1828 haberent,
521 1750 565 1814 ita
577 1761 692 1815 eventu
705 1752 901 1816 comitiorum
915 1763 1019 1837 patres
1034 1752 1099 1817 evi-

77 1867 152 1923 tere3
179 1867 318 1928 namque
340 1845 457 1910 tribuni
478 1844 612 1909 militum
635 1847 791 1911 consulari
814 1856 969 1932 potestate
991 1855 1099 1910 contra
1117 1865 1132 1911 2

77 1961 158 2026 rpem
175 1940 317 2004 omnium
334 1952 397 2005 tres
414 1940 536 2026 patricii
554 1940 649 2004 creati
667 1951 753 2006 sunt:
774 1940 812 2006 Ο.
822 1941 923 2006 Iulius
940 1941 1040 2019 lulus,
1058 1939 1098 2006 P.

77 2033 236 2100 Cornelius
261 2033 397 2113 Cossus,
421 2033 459 2099 C.
480 2033 633 2100 Servilius
654 2034 769 2101 Ahala.
806 2047 904 2101 artem
926 2036 1099 2101 adhibitam
1117 2054 1133 2102 s

77 2128 172 2194 ierunt
195 2152 216 2193 a
237 2128 390 2214 patriciis,
418 2129 507 2194 cuius
526 2152 579 2195 eos
597 2130 678 2195 Icilii
701 2145 768 2196 tum
790 2153 915 2216 quoque
937 2131 1100 2197 insimula-

77 2236 152 2302 oant,
171 2225 260 2307 quod
269 2223 393 2288 turbam
401 2224 602 2310 indignorum
612 2226 847 2290 candidatorum
856 2226 1099 2289 intermiscendo

77 2317 172 2403 lignis
187 2317 292 2382 taedio
306 2319 445 2383 sordium
462 2319 495 2384 in
508 2318 697 2404 quibusdam
709 2320 881 2407 insignium
893 2318 1046 2406 populum
1059 2317 1099 2383 ab

77 2410 198 2495 plebeiis
219 2412 415 2477 avertissent.

131 2505 270 2572 Volscos
288 2506 400 2571 deinde
418 2515 449 2572 et
461 2505 602 2591 Aequoa
623 2529 679 2572 seu
694 2504 893 2572 Carventana
910 2529 967 2571 arx
979 2513 1100 2570 retenta
1115 2524 1134 2571 4

77 2596 106 2663 in
123 2622 208 2685 spem
227 2622 285 2666 seu
298 2599 474 2688 Verrugine
492 2602 644 2666 amissum
660 2600 853 2687 praesidium
871 2601 912 2666 ad
928 2601 1008 2665 iram
1026 2621 1100 2664 cum

77 2689 249 2779 inpulisset,
276 2694 362 2759 fama
383 2695 523 2761 adfertur
549 2719 672 2760 summa
697 2696 731 2760 vi
756 2697 798 2761 ad
819 2695 938 2762 bellum
965 2703 1098 2772 coortos,

77 2799 163 2874 aput
178 2812 288 2855 rerum
304 2788 451 2855 Antiates
469 2812 554 2868 esse,
578 2813 686 2855 eorum
703 2791 824 2877 legatos
842 2791 1005 2874 utriusque
1023 2809 1133 2876 gen-5

81 2879 116 2947 lis
134 2883 267 2970 populos
286 2883 466 2950 circumisse
484 2884 675 2971 castigantes
700 2882 990 2972 [increpantes]que
1012 2884 1102 2970 igna-

82 2975 169 3057 uam,
192 2979 280 3062 quod
297 2978 395 3044 abditi
411 2980 494 3044 intra
510 3002 617 3044 muros
634 2980 875 3066 populabundos
893 2982 926 3045 in
944 2981 1028 3066 agris
1047 3003 1102 3044 va·

85 3072 143 3152 gari
158 3073 319 3138 Romanos
336 3073 440 3158 priore
463 3096 545 3138 anno
568 3083 599 3138 et
621 3075 756 3160 opprimi
773 3074 960 3160 Verruginis
982 3073 1101 3157 praesi-

86 3160 163 3229 dium
178 3169 261 3252 passi
280 3175 395 3232 essent.
430 3168 494 3232 iarn
511 3190 575 3233 non
593 3169 747 3234 exercitus
766 3169 860 3233 modo
878 3178 1024 3242 armatos,
1044 3165 1101 3229 sed
1119 3184 1134 3232 6

83 3256 209 3328 colonias
232 3262 327 3327 etiam
352 3263 386 3326 in
408 3284 483 3327 suos
504 3262 583 3328 fines
606 3263 701 3339 mitti;
728 3285 786 3328 nec
807 3263 895 3348 ipsos
921 3261 1015 3326 modo
1037 3259 1102 3324 Ro·

85 3366 180 3421 uanos
204 3380 265 3422 sua
290 3357 392 3421 divisa
416 3355 546 3434 habere,
575 3358 631 3421 sed
651 3357 855 3421 Ferentinum
881 3356 974 3421 etiam
1001 3355 1041 3419 de
1067 3375 1101 3419 se

83 3460 198 3534 aptum
221 3450 370 3517 Hernicis
394 3450 539 3515 donasse.
580 3450 720 3516 adhaec
742 3473 814 3516 cum
836 3451 1135 3517 inflammarenturu

85 3543 176 3623 mimi,
193 3553 231 3609 ut
248 3545 290 3610 ad
304 3566 444 3629 quosque
458 3554 588 3609 ventum
601 3555 676 3623 erat,
695 3568 844 3610 numerus
857 3546 1014 3611 iuniorum
1028 3568 1103 3609 con-

81 3641 277 3708 scribebatur.
303 3641 347 3706 ita
365 3641 504 3707 omnium
517 3641 704 3727 populorum
717 3641 864 3706 iuventus
877 3641 1010 3705 Antium
1028 3661 1103 3704 con·
1122 3654 1126 3693 2

80 3730 178 3802 tacu.
214 3734 261 3800 ibi
279 3735 389 3800 castris
406 3736 517 3821 positis
535 3735 658 3800 hostem
676 3733 927 3820 opperiebantur.
954 3755 1035 3818 quae
1048 3730 1103 3796 ubi
1120 3751 1137 3800 8
1213 3815 1215 3819 ,

78 3824 208 3897 tumultu
226 3829 344 3896 maiore
362 3829 465 3909 etiam,
485 3852 584 3915 quam·
597 3853 648 3895 res
667 3838 741 3908 erat,
760 3830 942 3894 nuntiantur
954 3828 1101 3902 Romam,

77 3933 199 3992 cenatus
219 3924 392 4010 extemplo,
419 3926 504 4010 qnod
520 3924 554 3988 in
575 3923 670 3990 rebus
687 3924 816 4010 trepidis
838 3924 983 3989 ultimum
1000 3917 1103 3984 consi-

77 3999 149 4086 llum
167 4028 245 4098 erat,
263 4018 449 4086 dictatorem
464 4019 527 4085 dici
544 4019 646 4085 iussit.
682 4040 777 4104 quam
793 4042 861 4086 rem
879 4039 972 4106 aegre
989 4033 1101 4101 passos
1120 4027 1135 4076 9
