2566 4524
216 215 281 284 512
483 225 602 283 LIBER
616 226 660 298 X,
678 226 721 282 17.
735 226 777 282 18.
798 230 836 296 [a.
845 244 873 283 n.
884 226 982 299 1458]

215 413 236 455 a
256 386 359 455 Fabio
380 385 586 454 Ferentinum
606 384 857 471 Romuleamque
883 396 1086 475 oppugnatas
1112 387 1226 453 tradmt

166 505 198 554 12
217 494 291 552 sunt
307 482 363 569 qui
379 504 533 548 novorum
547 480 712 547 consulum
729 480 811 547 hano
827 480 964 569 gloriam
980 482 1108 562 faciant,
1121 482 1229 568 quidam

131 590 137 601 ‘
215 602 280 646 non
297 576 471 655 amborum,
486 575 543 642 sed
560 575 697 655 alterius,
707 575 749 641 L.
758 574 936 643 Volumnii:
955 576 985 643 ei
999 574 1165 644 Samnium
1175 598 1231 665 pro·

215 676 351 742 vinciam
369 673 522 740 evenisse.

183 793 197 839 1
280 767 413 835 XVIIL
439 765 530 835 Dum
548 789 587 832 ea
604 765 801 846 insomnio,
824 768 1056 854 cuiuscumque
1076 769 1172 836 ductu
1190 790 1232 835 aa·

216 864 391 953 spicioque‚
409 873 601 951 gererentur,
620 862 773 928 Romanis
791 862 825 929 in
841 861 972 929 Etruria
987 863 1119 931 interim
1133 863 1232 931 bellom

215 960 327 1048 ingens
349 958 456 1024 multis
476 979 516 1023 ex
537 956 685 1045 gentibus
708 956 861 1036 concitur,
884 957 976 1024 onius
999 968 1113 1026 auctor
1128 955 1231 1026 Gellius

181 1075 197 1124 1
215 1053 374 1142 Egnatius
387 1075 428 1119 ex
442 1049 639 1120 Samnitibus
657 1061 734 1119 erat.
761 1051 861 1119 Tusci
877 1051 944 1119 fere
961 1075 1075 1120 omnes
1093 1052 1233 1121 1111111111-

215 1159 287 1217 rant
303 1148 437 1229 bellum3
456 1156 593 1213 traxerat
606 1147 752 1236 contagio
765 1147 925 1235 proximos
935 1146 1095 1215 Umbriae
1108 1147 1232 1237 populos,

216 1256 247 1312 et
261 1242 386 1312 Gallica
403 1242 520 1310 auxilia
537 1243 681 1310 mercede
700 1241 957 1310 sollicitabantur.
993 1242 1100 1311 omnis
1118 1266 1155 1310 ea
1170 1241 1234 1309 mul·

181 1339 316 1408 atitudo
342 1339 384 1405 ad
409 1347 514 1406 castra
537 1336 727 1405 Samnitium
754 1335 970 1405 conveniebat.
1016 1338 1073 1423 qni
1100 1337 1234 1405 tumultus

213 1457 328 1523 repens
350 1442 520 1522 postquam
542 1442 590 1499 est
606 1433 743 1501 Romam
764 1433 917 1520 perlatus,
942 1454 1018 1499 oum
1040 1433 1108 1501 iam
1127 1434 1168 1500 L.
1182 1429 1235 1499 Vo-

214 1530 353 1596 lumnius
366 1529 478 1595 consul
491 1551 564 1595 cum
576 1529 701 1617 legione
720 1528 859 1605 secunda
872 1549 910 1593 ao
924 1527 1017 1593 tertia
1031 1529 1235 1612 sociorumque

214 1624 342 1691 milibus
360 1623 539 1710 quindecim
556 1623 716 1712 profectus
733 1623 768 1689 in
783 1620 950 1689 Samnium
967 1631 1065 1702 esset,
1079 1621 1146 1710 Ap.
1156 1621 1236 1690 Clau-

179 1737 198 1784 4
215 1719 302 1785 dium
319 1719 421 1807 primo
434 1741 560 1805 quoque
577 1729 718 1806 tempore
730 1717 932 1785 inEtruriam
948 1716 996 1782 ire
1013 1717 1145 1805 placuit
1170 1717 1235 1782 duae

214 1814 379 1881 Romanae
405 1814 546 1902 legiones
573 1825 700 1880 secutae
725 1813 828 1900 prima
850 1822 882 1879 et
902 1821 1017 1898 quarta
1039 1821 1073 1878 et
1096 1813 1236 1881 sociosnn

181 1927 197 1975 o
216 1909 382 1975 duodecim
394 1909 490 1974 milia.
518 1918 621 1975 eastra
633 1908 720 1974 haud
735 1906 846 1996 procul
864 1905 904 1973 ab
915 1906 1009 1973 hoste
1026 1906 1145 1994 posita.
1170 1915 1237 1972 oete·

214 2026 286 2069 rum
305 2025 343 2069 eo
361 2004 463 2090 magis
485 2002 664 2090 profectum
686 2012 748 2083 est,
771 2002 858 2088 quod
879 2010 1003 2068 mature
1020 2012 1157 2070 ventum
1175 2008 1236 2079 erat,

214 2107 251 2161 ut
268 2097 423 2182 quosdam
441 2106 619 2184 spectantes
636 2099 701 2164 iam
718 2120 806 2165 arma
822 2096 969 2163 Etrmiae
991 2097 1134 2184 populos
1150 2104 1237 2163 metus

214 2191 352 2259 Romani
368 2193 504 2259 nominis
523 2194 744 2282 conprimeret,
767 2215 864 2279 quam
880 2191 967 2278 quod
989 2193 1094 2260 ductu
1116 2189 1237 2261 consulis

182 2306 197 2355 6
214 2288 384 2373 quicquam
405 2287 450 2355 ibi
473 2289 548 2355 satis
567 2289 644 2355 scite
661 2297 716 2354 aut
738 2288 896 2355 fortunate
917 2295 1048 2375 gestum
1067 2288 1121 2355 sit
1156 2285 1237 2353 mults

214 2381 420 2469 proelialoois
430 2391 461 2447 et
470 2382 662 2468 temporibus
675 2382 791 2467 iniquis
801 2382 980 2461 commissa,
992 2404 1137 2468 spesque
1145 2384 1176 2448 in
1184 2380 1236 2446 dies

214 2478 391 2566 graviorem
408 2478 532 2544 hostem
549 2478 695 2556 faciebat,
710 2489 742 2543 et
758 2479 822 2544 iam
838 2500 937 2565 prope
955 2488 1034 2558 erat,
1053 2490 1093 2544 ut
1111 2502 1170 2546 neo
1181 2473 1237 2543 doci

182 2591 196 2638 1
215 2573 330 2638 milites
342 2594 401 2638 neo
414 2571 565 2638 militibus
579 2573 645 2638 dux
659 2573 735 2639 satis
748 2573 869 2638 fideret.
895 2571 1018 2638 litteras
1037 2574 1082 2639 ad
1102 2574 1236 2661 collegam

215 2667 439 2733 accersendum
454 2691 494 2733 ex
505 2665 636 2734 Samnio
649 2667 763 2734 missas
776 2668 811 2732 in
823 2667 912 2732 trinis
927 2668 1102 2735 annalibus
1115 2667 1236 2734 invenio:

213 2762 302 2847 piget
319 2771 424 2826 tamen
441 2761 475 2825 id
488 2772 608 2827 certum
625 2783 751 2849 ponere,
772 2784 843 2827 cum
862 2783 899 2826 ea
916 2760 989 2848 ipsa
1006 2762 1093 2828 inter
1111 2760 1237 2830 consules

214 2854 323 2939 populi
341 2854 491 2934 Romani,
509 2855 573 2921 iam
590 2857 703 2922 iterum
721 2857 834 2924 eodem
851 2857 970 2921 honore
990 2856 1173 2945 fungentis,
1188 2856 1238 2921 dis-

216 2948 353 3034 crepatio
375 2948 483 3029 fuerit,
502 2950 610 3039 Appio
632 2952 790 3018 abnuente
812 2953 941 3029 missas,
960 2950 1143 3021 Volumnio
1164 2952 1237 3020 adfir-

180 3059 196 3107 8
214 3052 330 3121 monte,
344 3042 433 3130 Appi
446 3067 480 3110 se
493 3045 604 3112 litteris
623 3048 768 3113 accitum.
796 3048 860 3112 iam
869 3045 1066 3114 Volumnius
1081 3050 1117 3115 in
1128 3046 1237 3117 Samnio

214 3136 273 3202 tria
292 3138 420 3203 castella
437 3150 572 3226 ceperat,
586 3140 619 3204 in
632 3140 747 3226 quibus
762 3141 804 3206 ad
821 3140 880 3206 1111
896 3140 986 3206 milia
1004 3141 1152 3210 hostium
1164 3161 1237 3210 caesa

214 3241 311 3310 erant,
326 3233 491 3299 dimidium
504 3234 569 3300 fere
583 3234 651 3301 eius
665 3246 801 3322 captum,
818 3246 848 3301 et
856 3236 1072 3304 Lucanorum
1087 3240 1235 3307 seditiones

214 3350 233 3391 a
250 3326 382 3412 plebeiis
401 3338 432 3395 et
450 3329 616 3418 egentibus
634 3331 768 3398 ducibus
788 3342 871 3398 ortas
890 3356 1021 3400 summa
1044 3335 1237 3423 optumatium

213 3421 355 3486 voluntat
311 3423 489 3510 tat.eperQ
500 3424 636 3491 Fabium
637 3449 712 3513 ,pro
727 3426 909 3494 consule
868 3450 1007 3495 mlssum
1016 3453 1057 3497 eo
1068 3454 1144 3498 enm
1152 3440 1236 3496 vetere

181 3534 195 3581 9
214 3515 366 3595 exercitu,
390 3529 616 3606 conpresserat.
651 3520 755 3589 Decio
777 3522 978 3610 populandos
998 3523 1146 3593 hostium
1162 3542 1236 3613 agros

212 3607 373 3718 relinquit,
395 3611 463 3699 ipse
486 3637 559 3681 oum
582 3615 648 3682 suis
671 3618 770 3704 copiis
793 3618 827 3684 in
843 3616 1011 3685 Etruriam
1035 3623 1080 3688 ad
1102 3622 1236 3709 collegam

163 3720 195 3767 10
211 3702 334 3791 pergit3
360 3728 455 3791 quem
477 3711 694 3778 advenientem
716 3712 790 3778 laeti
812 3733 922 3779 omnes
945 3728 1153 3804 acceperunt.
1183 3713 1237 3799 Ap

211 3796 300 3905 pium
323 3821 363 3865 ex
385 3804 577 3872 conscientia
599 3829 658 3872 sua
679 3808 773 3873 credo
800 3808 942 3873 animum
970 3810 1145 3895 habuisse,
1168 3803 1236 3877 haul

212 3889 357 3961 inmerito
379 3896 507 3977 iratum,
532 3901 558 3966 si
580 3902 658 3968 nihil
681 3903 863 3990 scripserat,
890 3903 1056 3975 inliberali
1079 3919 1113 3976 et
1132 3908 1235 3996 ingrato

162 3999 193 4049 11
212 3985 331 4068 animo,
356 3992 384 4057 si
406 4004 535 4082 eguerat
558 4018 631 4084 ope,
655 3997 916 4065 dissimulantem.
958 4002 1019 4069 vix
1041 4004 1128 4070 enim
1154 3999 1234 4069 salute
