2566 4524
397 111 831 186 LOEERV11,13,[a.c.358]
1070 110 1134 175 363

103 294 201 358 quam
224 269 333 338 turbae
354 271 528 357 principem
551 271 705 350 Tullium,
732 273 870 359 imperiis
895 275 1133 346 oboedientissi-

99 389 191 433 mum
204 364 350 429 militemz
370 365 515 444 ‘scilicet,
534 365 686 443 dictator,’
702 367 804 451 inquit
822 371 1078 439 ‘condemnatum
1096 397 1130 441 se
1149 397 1165 446 a

99 461 271 525 universus
294 458 448 525 exereitus
471 482 491 524 a
512 471 542 524 te
564 459 710 546 ignaviae
728 470 814 526 ratus
833 478 865 528 et
882 487 979 552 prope
997 468 1133 553 ignomi-

95 557 172 623 niae
191 577 288 620 causa
305 554 489 620 destitutum
508 555 575 619 sine
593 555 688 619 armis
707 556 808 621 oravit
821 580 885 637 me,
903 570 938 624 ut
953 583 1043 627 suam
1057 586 1131 629 cau-

98 674 172 717 sam
194 650 281 735 apud
307 658 338 714 te
364 671 499 735 agerem.
536 649 695 733 equidem,
723 651 823 716 sicubi
844 652 913 718 loco
936 677 1074 736 cessum,
1103 658 1166 729 sir

97 756 191 832 terga
213 745 287 809 data
308 743 405 820 hosti,
433 744 460 808 si
483 742 575 828 signa
596 743 688 809 foede
710 744 827 810 amissa
849 746 931 813 obici
948 748 1038 816 nobis
1056 774 1132 838 pos-

97 849 186 917 sent,
206 848 313 903 tamen
329 837 390 902 hoc
408 859 427 901 a
444 846 474 901 te
492 837 651 923 impetrari
668 858 805 921 aequum
822 861 997 921 censerem,
1019 853 1055 908 ut
1071 868 1130 911 nos

96 935 217 1000 virtute
231 932 355 1018 culpam
368 941 508 996 nostram
520 932 675 1019 corrigere
693 941 725 997 et
743 932 867 999 abolere
884 935 995 1023 flagitii
1012 961 1131 1006 memo·

97 1030 179 1095 riam
197 1049 282 1092 nova
298 1027 399 1114 gloria
416 1027 575 1112 patereris.
604 1027 698 1092 etiam
711 1027 752 1092 ad
764 1026 871 1093 Aliam
886 1029 975 1096 fusae
988 1031 1128 1119 legiones
1148 1056 1163 1104 5

99 1123 249 1200 eandem,
268 1143 363 1205 quam
380 1143 437 1206 per
452 1143 602 1206 pavorem
619 1121 801 1201 amiserant,
819 1124 952 1209 patriam
969 1127 1129 1212 profectae

101 1226 213 1304 postea
231 1213 351 1281 aVeiis
366 1216 478 1280 virtute
497 1238 728 1302 recuperavere.
764 1217 856 1285 nobis
875 1220 969 1285 deum
987 1220 1130 1310 benigni-

102 1322 178 1390 tate,
202 1309 351 1376 felicitate
369 1319 423 1375 tua
440 1309 610 1396 populique
628 1310 764 1376 Romani
782 1321 813 1376 et
834 1336 884 1379 res
907 1324 938 1379 et
959 1315 1059 1403 gloria
1081 1327 1129 1382 est

102 1407 233 1493 integra.
265 1426 455 1489 quamquam
473 1405 512 1469 de
530 1404 630 1492 gloria
647 1405 701 1469 vix
719 1406 821 1472 dicere
840 1409 955 1486 ausim,
976 1410 1003 1475 si
1020 1434 1078 1476 nos
1097 1407 1161 1480 eto

103 1499 207 1567 hostes
218 1499 304 1564 haud
314 1522 404 1564 secus
414 1520 508 1583 quam
522 1499 655 1565 feminas
670 1499 793 1565 abditos
807 1501 1014 1569 intravallum
1029 1506 1128 1570 omni-

103 1593 158 1661 bus
169 1595 367 1660 contumeliis
377 1593 507 1659 eludunt
516 1604 547 1659 et
556 1606 590 1659 tu
598 1595 766 1680 imperator
778 1606 893 1674 noster,
908 1599 993 1681 quod
1002 1601 1126 1685 aegrius

102 1690 246 1776 patimur,
261 1689 432 1754 exercitum
442 1699 531 1753 tuum
541 1688 608 1754 sine
618 1690 740 1767 animis,
756 1690 822 1756 sine
832 1692 937 1770 armis,
952 1692 1019 1758 sine
1028 1695 1128 1758 mani-

103 1783 159 1849 bus
169 1784 291 1848 iudicas
306 1805 375 1849 esse
389 1793 430 1861 et,
444 1783 626 1868 priusquam
639 1794 786 1870 expertus
799 1807 857 1851 nos
871 1808 968 1865 esses,
983 1788 1022 1853 de
1035 1788 1126 1854 nobis

101 1880 142 1945 ita
151 1879 336 1964 desperasti,
351 1888 387 1944 ut
400 1887 431 1943 te
444 1900 626 1945 mancorum
640 1901 677 1945 ac
690 1879 841 1945 debilium
850 1880 962 1946 ducem
971 1882 1125 1948 iudicares

101 1997 180 2040 esse.
217 1974 295 2058 quid
312 1974 395 2038 enim
412 1973 498 2039 aliud
516 1996 587 2039 esse
604 1995 719 2038 causae
737 1974 915 2053 credamus,
934 1999 990 2041 cur
1006 1987 1127 2043 vetera»
1145 1999 1160 2044 7

100 2091 159 2135 nus
178 2067 259 2146 dux,
279 2067 466 2134 fortissimus
480 2067 577 2145 bello,
597 2067 788 2153 conpressis,
807 2069 893 2152 quod
907 2069 1007 2147 aiunt,
1026 2073 1126 2135 mani-

99 2161 158 2229 bus
183 2162 315 2228 sedeas?
349 2173 518 2247 utcumque
541 2161 623 2226 enim
647 2183 681 2226 se
703 2161 799 2227 habet
815 2184 879 2240 res,
903 2162 995 2227 tede
1018 2174 1125 2229 nostra

99 2259 214 2323 virtute
233 2256 393 2323 dubitasse
411 2257 511 2323 videri
528 2278 622 2341 quam
640 2279 698 2321 nos
721 2255 760 2320 de
782 2264 836 2321 tua
857 2256 962 2321 verius
985 2267 1041 2322 est.
1079 2259 1128 2322 siu
1145 2279 1160 2327 8

99 2362 205 2418 autem
223 2374 288 2416 non
304 2360 394 2416 tuum
411 2352 507 2431 istuc,
526 2351 582 2417 sed
595 2351 756 2437 publicum
769 2362 818 2416 est
831 2351 995 2416 consilium
1009 2360 1040 2416 et
1053 2374 1128 2416 con-

101 2469 213 2512 sensus
237 2445 333 2530 aliqui
349 2456 489 2532 patrum,
511 2468 575 2511 non
594 2443 752 2511 Gallicum
768 2445 886 2510 bellum
903 2468 961 2511 nos
981 2445 1021 2511 ab
1038 2445 1126 2524 urbe,

99 2541 304 2629 apenatibus
322 2543 437 2607 nostris
460 2541 622 2629 ablegatos
645 2550 743 2620 tenet,
771 2563 903 2626 quaeso,
930 2551 1025 2608 uteo
1047 2565 1127 2627 quae

98 2637 204 2702 dicam
230 2658 294 2701 non
320 2659 339 2701 a
365 2635 515 2701 militibus
541 2637 720 2722 imperatori
747 2636 830 2702 dicta
856 2659 999 2716 censeas,
1027 2636 1083 2703 sed
1109 2661 1128 2703 a

97 2731 193 2819 plebe
215 2730 370 2817 patribus,
398 2753 479 2815 quae
499 2731 584 2796 ‘sicut
604 2754 662 2796 vos
688 2741 794 2797 vestra
819 2730 960 2798 babeatis
988 2733 1126 2811 consilia,

98 2827 145 2892 sic
164 2847 200 2890 se
219 2847 278 2890 sua
294 2824 471 2890 habituram
488 2825 580 2889 dicat.
616 2825 687 2909 quis
706 2826 832 2890 tandem
850 2837 1046 2904 suscenseat,
1069 2827 1127 2891 mi·
1146 2843 1160 2893 9

97 2921 173 2986 lites
189 2942 249 2986 nos
268 2941 353 2997 esse,
370 2942 435 2985 non
453 2941 560 2985 servos
578 2929 715 2997 vestros,
734 2918 774 2983 ad
792 2917 923 2998 bellum,
941 2943 1006 2984 non
1022 2920 1055 2984 in
1073 2944 1128 2985 ex-

100 3013 190 3078 ilium
212 3013 347 3078 missos?
377 3014 496 3098 siquis
519 3012 572 3078 det
595 3014 734 3100 signum,
761 3012 795 3076 in
816 3011 916 3077 aciem
939 3013 1065 3090 educat,
1092 3022 1128 3077 ut

97 3107 176 3174 viris
197 3129 236 3174 ac
252 3106 406 3172 Romanis
428 3108 560 3194 dignum
583 3107 637 3185 sit,
659 3115 869 3193 pugnaturos,
893 3105 921 3170 si
937 3105 1014 3170 nihil
1031 3106 1126 3171 armis

96 3224 180 3288 opus
203 3200 258 3280 sit,
286 3201 383 3266 otium
404 3202 526 3266 Romae
548 3201 652 3286 potius
675 3222 770 3284 quam
791 3199 825 3264 in
846 3200 956 3265 castris
983 3199 1128 3265 acturos?

95 3296 179 3362 baec
200 3295 285 3360 diota
307 3295 369 3360 sint
389 3294 541 3381 patribus.
577 3305 623 3373 te,
645 3296 827 3380 imperator,
854 3294 968 3359 milites
991 3295 1037 3359 tui
1059 3313 1179 3362 ora-10

96 3413 187 3468 mus,
205 3397 242 3454 ut
258 3387 350 3454 nobis
367 3388 530 3476 pugnandi
544 3389 667 3475 copiam
680 3388 788 3454 facias.
817 3410 889 3453 cum
901 3388 1026 3454 vincere
1040 3389 1128 3474 cupi-

95 3508 169 3550 mus
188 3493 256 3549 tum
273 3493 304 3548 te
322 3484 401 3549 duce
420 3484 558 3562 vincere,
582 3483 638 3549 tibi
655 3483 794 3550 lauream
815 3483 972 3571 insignem
994 3483 1126 3562 deferre,

94 3588 204 3644 tecum
221 3578 450 3664 triumphantes
468 3577 578 3643 urbem
596 3576 689 3656 inire,
708 3585 797 3641 tuum
816 3588 982 3662 sequentes
1001 3600 1127 3642 currum

95 3671 185 3738 lovis
203 3671 314 3758 optimi
329 3671 458 3738 maximi
476 3672 627 3758 templum
645 3681 804 3760 gratantes
819 3682 1009 3755 ovantesque
1022 3668 1128 3734 adire!

95 3765 273 3832 orationem
289 3765 373 3830 Tulli
396 3775 586 3852 exceperunt
607 3788 717 3853 preces
739 3765 960 3842 multitudinis,
985 3772 1015 3828 et
1032 3761 1125 3826 undi-
1144 3782 1175 3830 11

95 3882 174 3945 que,
192 3868 228 3926 ut
246 3860 372 3946 signum
389 3860 491 3939 daret,
510 3868 545 3925 ut
558 3881 669 3947 capere
682 3884 769 3926 arma
782 3859 917 3937 iuberet,
937 3855 1122 3924 clamabant.
