2566 4524
146 254 211 320 422
356 262 475 319 LIBER
490 262 574 334 vm,
592 263 635 317 23.
648 261 690 317 24„
710 260 889 331 [aue42'l.
902 258 968 333 428]

146 423 290 491 hostibus
314 421 495 488 societatem
517 421 625 487 auxilii
642 421 762 499 mutui,¹
780 443 857 505 qua,
880 429 918 485 ut
934 419 1150 507 quisqueloous
1190 404 1192 411 ¹

98 540 129 589 11
146 526 348 607 premeretur,
370 518 451 581 inter
469 539 503 581 se
521 516 572 581 usi
588 514 721 580 fuerant.
757 515 863 600 itaque
886 537 961 581 cum
982 523 1015 582 et
1034 516 1150 583 comitio·
1190 512 1192 599 j

147 638 218 680 rum
235 613 302 677 dies
320 612 450 677 instaret
467 619 498 675 et
510 608 686 676 Publilium
700 609 905 675 inminentem
922 610 1061 677 hostium
1073 610 1151 676 muris

148 709 273 776 avocari
294 706 334 773 ab
357 728 413 793 spe
431 706 601 791 capiendae
618 705 652 770 in
669 705 736 771 dies
754 702 841 771 urbis
859 704 946 771 haud
964 704 1151 793 erepublica

98 821 130 871 12
148 813 246 881 esset,
274 809 379 866 actum
401 822 473 864 cum
495 799 628 865 tribunis
650 808 713 890 est,
740 798 781 864 ad
800 798 956 887 populum
978 797 1098 879 ferrent,
1115 807 1149 877 ut,

148 920 221 963 cum
244 895 284 978 Q.
307 893 463 959 Publilius
485 891 578 959 Philo
605 892 771 958 consulatu
797 892 930 974 abisset,
963 914 1023 981 pro
1046 891 1150 960 consule

98 1004 130 1054 18
147 1014 214 1056 rem
235 998 371 1077 gereret,
399 988 503 1072 quoad
525 986 715 1052 debellatum
742 1010 813 1052 cum
836 984 972 1055 Graecis
999 996 1081 1056 esset
1113 985 1146 1051 la

150 1085 313 1163 Cornelio,
341 1085 415 1169 quia
436 1105 477 1149 ne
499 1106 572 1149 eum
594 1082 721 1168 quidem
738 1083 772 1147 in
790 1080 960 1149 Samnium
976 1082 1041 1149 iam
1054 1082 1150 1169 ingres·

149 1203 220 1248 sum
245 1178 385 1244 rer'ocari
412 1176 451 1243 ab
477 1177 597 1270 impetu
621 1174 696 1242 belli
720 1176 879 1264 placebat,
906 1177 1030 1244 litterae
1049 1176 1148 1253 missae,

148 1285 185 1340 ut
206 1273 389 1339 dictatorem
412 1271 608 1337 comitiorum
631 1292 727 1337 causa
749 1271 876 1337 diceret
912 1271 995 1337 dixit
1014 1270 1060 1337 M.
1078 1268 1151 1337 Clau

99 1381 132 1431 14
149 1368 237 1433 dium
262 1365 464 1444 Marcellum
500 1363 541 1431 ab
571 1387 609 1430 eo
639 1365 791 1452 magister
820 1364 963 1450 equitum
990 1366 1087 1431 dictus
1109 1360 1151 1449 Sp

149 1461 343 1528 Postumius.
387 1480 446 1524 nec
468 1467 573 1524 tamen
594 1458 635 1524 ab
654 1459 804 1525 dictatore
822 1459 950 1525 comitia
969 1469 1044 1526 sunt
1058 1456 1150 1533 habita

149 1555 237 1640 quia,
256 1554 372 1619 vitione
391 1561 513 1618 creatus
531 1561 629 1632 esset,
652 1553 686 1617 in
703 1552 954 1637 disquisitionem
971 1552 1067 1619 venit
1098 1572 1153 1617 oon·

150 1648 224 1713 sulti
247 1668 382 1734 augures
405 1646 553 1711 vitiosum
569 1645 670 1711 videri
687 1645 870 1712 dictatorem
887 1646 1152 1732 pronuntiaverunt

99 1756 131 1807 15
150 1764 220 1807 eam
236 1763 304 1807 rem
321 1740 438 1806 tribuni
457 1749 635 1826 suspectam
652 1740 865 1826 infamemque
882 1741 1077 1807 criminando
1091 1739 1154 1805 fece·

149 1845 236 1901 runt:
263 1858 337 1900 nam
358 1857 461 1919 neque
479 1834 571 1900 facile
589 1834 689 1900 fuisse
706 1833 740 1898 id
756 1834 868 1899 vitium
885 1835 991 1915 nosci,
1015 1857 1086 1901 cum
1100 1854 1155 1900 oon·

150 1929 199 1996 sul
225 1929 328 1995 oriens
355 1937 446 1993 noete
473 1928 595 1993 silentio
623 1927 739 1993 diceret
769 1927 968 2008 dictatorem,
1005 1951 1104 2014 neque
1126 1924 1154 1991 si

150 2024 278 2089 consule
305 2023 451 2106 cuiquam
476 2022 601 2107 publice
627 2022 813 2109 privatimve
839 2022 879 2089 de
906 2045 945 2090 ea
971 2047 1007 2090 re
1029 2024 1156 2110 scriptun

99 2131 131 2180 16
150 2125 247 2195 esset,
274 2138 333 2181 nec
360 2138 549 2201 quemquam
575 2116 754 2182 mortalium
775 2127 897 2196 extare,
925 2118 982 2203 qui
1005 2141 1040 2185 se
1061 2117 1156 2183 vidisst

150 2220 205 2277 aut
226 2210 353 2277 audisse
370 2210 446 2296 quid
463 2211 559 2289 dicat,
583 2212 668 2296 quod
685 2211 861 2298 auspicium
878 2212 1055 2293 dirimeret,
1075 2228 1157 2296 neque

150 2328 286 2393 augures
300 2305 439 2371 divinare
449 2305 569 2370 Romae
583 2307 728 2371 sedentes
746 2305 901 2392 potuisse,
921 2307 1001 2391 quid
1018 2307 1052 2373 in
1068 2302 1156 2373 castis

150 2400 273 2466 consuli
290 2401 357 2465 vitii
374 2399 563 2466 obvenisset.
599 2400 651 2464 cui
667 2422 730 2465 non
749 2421 914 2487 apparere,
933 2402 1021 2485 quod
1037 2399 1156 2489 plebeius

100 2509 131 2557 17
150 2494 283 2560 dictator
300 2494 354 2574 sit,
377 2495 411 2559 id
428 2495 539 2559 vitium
557 2495 729 2580 auguribus
747 2495 874 2563 risum?¹
895 2494 977 2562 haec
999 2490 1157 2581 aliaqueab

149 2589 283 2654 tribunis
305 2588 496 2674 nequiquam
517 2589 645 2654 iactata:
672 2589 798 2654 tandem
820 2590 861 2655 ad
886 2590 1101 2679 interregnum
1121 2605 1157 2654 ret

148 2682 243 2760 redit,
266 2683 432 2767 dilatisque
451 2683 511 2748 alia
529 2692 622 2768 atque
640 2683 702 2749 alia
719 2684 758 2749 de
777 2706 872 2751 causa
890 2686 1028 2753 comitiis
1050 2693 1156 2772 quartu

149 2776 290 2840 decimus
313 2776 440 2840 demum
461 2778 597 2842 interrex
618 2779 659 2843 L.
682 2776 839 2844 Aemilius
862 2780 1010 2846 eonsules
1033 2774 1156 2847 oreattt

149 2868 339 2948 Poetelium,
362 2870 404 2935 L.
422 2870 584 2957 Papirium
603 2873 813 2960 Mugilanum.
860 2873 1035 2942 Cursorem
1056 2877 1088 2942 in
1105 2871 1156 2940 aliit

151 2962 316 3029 annalibus
333 2964 468 3030 invenio.

116 3074 130 3120 1
213 3056 366 3125 XXIIII.
402 3058 526 3124 Eodem
545 3083 626 3125 anno
640 3059 874 3127 Alexandream
891 3061 925 3126 in
938 3061 1090 3152 Aegypto
1104 3078 1156 3148 pn)-

149 3152 249 3216 ditum
276 3153 434 3218 conditam
460 3152 740 3239 Alexandrumque
765 3154 857 3241 Epiri
882 3179 995 3244 regem
1022 3158 1063 3225 ab
1087 3152 1155 3223 exult

148 3247 281 3313 Lucano
303 3247 500 3313 interfectum
524 3258 622 3314 sortes
644 3248 812 3314 Dodonaei
833 3250 920 3315 Iovis
944 3262 1063 3319 eventu
1086 3247 1156 3317 odir-

115 3357 262 3406 2masse.
299 3343 399 3407 accito
422 3342 462 3407 ab
486 3342 663 3409 Tarentinis
685 3344 718 3407 in
739 3343 864 3409 Italiam
886 3344 962 3410 data
986 3348 1080 3414 dictio
1099 3349 1155 3417 eni

148 3443 272 3499 caveret
281 3433 490 3501 Acherusiam
504 3458 619 3522 aquam
632 3437 886 3522 Pandosiamque
900 3439 1016 3507 urbem
1021 3466 1031 3523 ς
1048 3438 1116 3506 ibif
1136 3434 1142 3451 '

117 3543 131 3590 e
151 3527 218 3592 eius
236 3529 403 3594 terminum
421 3532 496 3596 dari.
528 3554 627 3616 eoque
646 3534 733 3599 ocius
752 3533 926 3598 transmisit
938 3534 974 3599 in
987 3534 1155 3611 laland

148 3643 244 3704 quam
265 3624 401 3689 maxime
423 3625 532 3712 procul
554 3627 678 3693 abesset
700 3627 777 3692 urbe
795 3627 958 3694 Pandosia
980 3630 1017 3696 in
1032 3629 1155 3717 Epiros

147 3713 328 3781 Acheronte
347 3719 444 3795 amni,
468 3742 562 3803 quem
580 3744 620 3786 ex
637 3721 813 3788 Molosside
837 3720 991 3790 fluentem
1013 3725 1047 3791 in
1066 3733 1154 3808 strunt

113 3828 130 3874 4
147 3808 270 3874 inferna
291 3811 403 3897 accipit
421 3813 627 3900 Thesprotius
651 3817 748 3881 sinus.
784 3825 821 3882 ut
842 3825 985 3884 ceterum
1008 3819 1101 3885 ferme
1116 3810 1154 3877 h·

147 3904 263 3990 giendo
280 3903 313 3969 in
331 3906 434 3971 media
452 3907 516 3973 fata
533 3911 641 3988 ruitur,
661 3932 733 3975 cum
748 3931 843 3997 saepe
855 3909 1001 3977 Bruttias
1014 3913 1153 3978 Lucana

147 4019 208 4082 que
225 4000 364 4088 legiones
383 4001 529 4081 fudisset,
549 4003 737 4070 Heracleam
748 4005 994 4073 Tarentinorum
1011 4001 1150 4075 alonia
