2566 4524
139 241 181 306 22
380 249 496 304 LIBER
512 249 666 319 l,18-20.
687 250 761 316 [au.
772 246 921 328 ceo-82]

102 443 104 446 ⁴
138 409 259 497 peregit
275 407 380 475 uerbis
399 405 553 492 auspicia,
581 426 662 489 quae
684 403 765 468 mitti
782 404 890 482 vellet3
917 401 1033 488 quibus
1051 400 1151 468 missis

138 503 313 569 declaratus
331 526 388 567 rex
404 501 510 566 Numa
527 500 567 564 de
585 498 702 584 templo
721 497 893 564 descendit.

105 621 119 667 1
201 596 350 662 XVIIIL
382 594 450 678 Qui
466 616 565 680 regno
582 593 626 658 ita
643 593 761 678 potitus
779 591 891 656 urbem
907 614 1038 670 novam,
1061 591 1161 658 condi·
1194 634 1198 645 ·

138 702 203 758 tam
220 692 253 755 vi
268 700 302 755 et
319 690 428 767 armis,
455 689 523 754 iure
545 711 616 753 eam
637 687 824 775 legibusque
847 709 885 752 ac
902 685 1043 752 moribus
1066 686 1108 752 de
1123 687 1162 752 in-
1193 736 1196 741 -

104 795 228 872 ntegro
250 784 384 849 condere
405 793 503 869 parat
540 783 654 867 quibus
682 805 754 846 cum
775 782 857 846 inter
878 780 961 846 bella
982 781 1162 847 adsuescere

137 879 257 947 videret
278 901 342 944 non
360 899 472 964 posse,
499 879 616 963 quippe
639 877 762 941 efferari
787 876 898 940 militia
924 875 1062 954 animoa
1089 875 1162 941 miti-

134 973 278 1059 gandum
304 971 442 1037 ferocem
468 971 622 1059 populum
648 992 808 1035 armorum
838 969 1046 1035 desuetudine
1068 983 1161 1046 ratus,

136 1066 252 1137 Ianum
273 1067 315 1131 ad
335 1066 479 1133 infimum
495 1064 676 1152 Argiletum
697 1065 834 1129 iudicem
855 1064 943 1150 pacis
965 1063 1105 1149 bellique
1123 1062 1163 1129 fe-

138 1162 193 1238 eit,
221 1170 347 1247 apertus
364 1171 400 1226 ut
420 1161 455 1226 iu
476 1162 571 1226 umis
595 1182 665 1225 esse
689 1159 859 1237 civitatem,
888 1159 1015 1223 clausus
1041 1167 1162 1244 pacatos

105 1277 119 1324 3
137 1255 220 1321 eirca
236 1277 346 1323 omnes
364 1255 499 1342 populos
519 1255 718 1342 significaret.
754 1253 805 1318 bis
823 1253 936 1317 deinde
956 1262 1032 1338 post
1048 1253 1163 1318 Numae

136 1372 270 1436 reguum
285 1351 414 1417 clausus
429 1350 502 1427 luit,
520 1350 619 1415 semel
638 1349 676 1413 Τ.
695 1347 817 1412 Manlio
836 1347 965 1412 consule
983 1357 1056 1434 post
1073 1347 1165 1413 Puni·

137 1445 364 1529 cumprimum
381 1446 556 1529 perfeetum
574 1443 706 1522 bellum,
725 1445 853 1520 iterum,
872 1443 958 1526 quod
974 1453 1102 1509 nestrae
1117 1464 1164 1508 ee-
1199 1478 1202 1483 ·

135 1540 195 1607 tati
211 1539 256 1605 dii
272 1540 426 1604 dederunt
443 1547 478 1603 ut
495 1539 687 1615 videremus,
714 1547 788 1625 post
804 1537 923 1603 bellum
939 1535 1113 1603 Actiacum
1128 1536 1162 1605 eb

136 1633 322 1719 imperatore
340 1633 479 1699 Caesare
496 1633 646 1720 Augusto
664 1656 742 1720 pace
760 1643 843 1699 terra
859 1633 1000 1718 marique
1018 1643 1118 1720 parta

102 1749 119 1794 4
203 1727 321 1797 Clauso
340 1750 378 1794 eo
396 1750 469 1794 cum
487 1729 626 1794 omnium
645 1728 728 1794 circa
744 1728 948 1793 finitimorum
966 1729 1164 1794 societatem

136 1821 315 1895 foederibus
334 1823 490 1889 iunxisset
506 1824 642 1902 animos,
670 1824 781 1910 positis
800 1834 1000 1888 entemorum
1016 1823 1165 1909 periculo-

135 1939 206 1981 rum
225 1917 307 1981 curis
325 1939 365 1981 ne
382 1917 575 1982 luxuriarent
592 1919 656 1983 otio
674 1919 784 1996 animi,
812 1940 892 2002 quos
909 1926 1013 1982 metus
1032 1916 1164 1983 bostium

137 2009 363 2095 disciplinaque
386 2011 528 2076 militaris
551 2013 759 2090 continuerat,
787 2012 927 2098 omnium
947 2011 1088 2097 primum
1104 2034 1165 2077 rem

137 2104 178 2179 ad
195 2103 426 2173 multitudinem
459 2105 624 2191 inperitam
646 2117 677 2173 et
694 2108 757 2172 illis
779 2106 912 2172 saeculis
934 2107 1047 2172 rudem
1066 2107 1165 2172 effice

104 2218 119 2266 5
137 2198 306 2277 desimam,
326 2199 457 2267 deorum
474 2212 594 2266 metum
610 2203 803 2268 iniciendum
820 2212 907 2267 ratus
925 2210 983 2266 est
1023 2203 1165 2287 quicum

137 2293 327 2369 descendere
358 2296 400 2361 ad
422 2297 551 2362 animos
584 2298 653 2362 sine
683 2297 787 2381 aliquo
831 2305 996 2361 conmento
1027 2295 1164 2363 miraculi

135 2409 199 2463 non
216 2398 337 2475 posset,
361 2390 487 2456 simulat
505 2392 566 2456 sibi
584 2414 656 2455 cum
674 2391 733 2455 dea
750 2391 868 2477 Egeria
886 2413 1078 2478 congressus
1096 2410 1164 2457 noe»

135 2491 244 2559 turnus
267 2506 351 2562 esse,
380 2485 447 2550 eius
471 2507 504 2550 se
527 2485 661 2561 monitu,
688 2507 769 2568 quae
792 2485 1012 2570 acceptissima
1033 2487 1100 2551 diis·
1119 2507 1163 2552 es·

136 2587 238 2655 sent„
251 2600 342 2651 sacra
366 2579 543 2655 instituere,
575 2579 755 2644 sacerdotes
785 2601 859 2643 suos
891 2580 1005 2664 cuique
1037 2582 1161 2647 deorum

135 2671 314 2755 praeficere.

102 2785 116 2832 e
199 2763 307 2846 Atque
325 2764 468 2847 omnium
489 2764 625 2849 primum
647 2766 689 2829 ad
706 2789 816 2833 cursus
839 2768 932 2832 lunae
950 2768 984 2832 in
1002 2769 1162 2836 duedecim
1196 2838 1199 2845 ,

134 2880 261 2931 menses
278 2857 427 2922 describit
445 2881 576 2936 annum,
595 2881 703 2942 quem,
728 2862 802 2944 quia
819 2863 952 2928 tricenos
971 2863 1040 2929 dies
1061 2865 1163 2951 singu-

134 2951 174 3025 lis
192 2951 354 3019 mensibus
372 2951 449 3017 luna
465 2975 530 3018 non
548 2953 652 3039 explet
670 2955 848 3039 desuntque
865 2957 932 3022 dies
955 2957 1058 3024 subdo
1077 2979 1160 3035 anno,

134 3045 189 3128 qui
215 3045 370 3113 solstitiali
396 3047 618 3134 circumagitur
648 3049 737 3127 orbe,
773 3051 973 3117 intercalares
1004 3053 1161 3120 mensibu

133 3138 359 3226 interponendo
377 3142 421 3207 ita
438 3142 646 3227 dispensavit,
670 3152 705 3207 ut
723 3143 873 3209 vicesimo
891 3168 980 3210 anno·
991 3147 1036 3211 ed
1051 3158 1162 3215 metam

134 3234 267 3307 eandem
285 3235 375 3314 solis,
403 3237 487 3301 unde
505 3236 569 3301 orsi
587 3246 706 3314 essent,
733 3237 835 3322 plenis
854 3240 995 3305 omnium
1014 3263 1162 3309 annom

99 3350 113 3394 r
134 3328 243 3412 spatiis
269 3329 336 3394 dies
364 3339 581 3416 congruerent.
626 3330 710 3395 idem
736 3332 879 3398 nefastos
908 3335 977 3400 dies
1002 3334 1162 3423 fastosque
1205 3404 1208 3427 Ι

133 3421 222 3500 fecit,
246 3424 320 3506 quia
337 3424 505 3509 aliquando
521 3423 600 3488 nihil
622 3446 695 3489 cum
716 3427 834 3513 populo
852 3428 905 3514 agi
926 3429 1001 3494 utile
1024 3430 1163 3498 futurum
1206 3454 1208 3461 ·

134 3525 209 3585 erat.

100 3630 112 3675 1
197 3610 280 3686 XX.
300 3612 383 3679 Tum
394 3612 608 3678 sacerdotibus
619 3616 761 3681 creandis
771 3617 910 3681 animum
921 3617 1046 3698 adiecit,
1057 3641 1164 3705 quam-

133 3726 228 3788 quam
244 3706 313 3790 ipse
330 3706 466 3792 plurima
484 3730 573 3773 sacre
591 3708 708 3787 obibat,
727 3732 765 3775 ea
782 3711 918 3776 maxime
932 3734 1013 3796 quae
1027 3737 1114 3780 nuno
1126 3712 1164 3780 ed

98 3817 113 3865 2
130 3799 259 3864 Dialem
277 3801 435 3867 flaminem
453 3803 617 3887 pertinent.
655 3805 711 3868 sed
729 3805 803 3889 quia
819 3807 852 3869 iu
870 3806 996 3872 civitate
1014 3807 1164 3875 bellicosa

130 3894 237 3978 plures
259 3894 388 3960 Romuli
414 3919 508 3980 quam
530 3896 653 3962 Numae
680 3899 797 3964 similes
823 3922 916 3987 reges
941 3900 1076 3987 putabat
1097 3903 1164 3970 fore

38 4073 43 4081 ι
131 3985 293 4073 iturosque
310 3989 396 4074 ipsos
415 3991 456 4056 ad
473 3991 569 4070 bella,
593 4014 632 4058 ne
652 4016 741 4059 sacra
756 3995 863 4082 regiae
886 3994 964 4062 vicis
983 3997 1167 4066 desereren-
