2566 4524
145 255 210 320 406
408 262 527 320 LIBER
543 261 629 333 VIII,
647 261 672 317 8.
686 261 711 316 9.
730 263 768 330 [a.
777 276 806 315 u.
818 276 843 316 c.
852 258 917 331 414]

146 425 272 492 milibus
294 423 450 510 peditum,
478 418 634 504 equitibus
657 420 691 484 in
713 419 854 506 singulas
872 418 1014 506 legiones
1029 418 1140 486 trecenis.

146 521 278 586 alterum
305 527 427 583 tantum
453 537 493 580 ex
518 515 636 580 Latino
663 513 779 579 dilectu
809 513 1017 593 adiciebatur,
1050 514 1097 599 qui
1117 535 1142 579 ea

146 622 333 700 tempestate
358 612 465 676 hostes
493 619 581 674 erant
601 608 769 686 Romanis,
797 606 974 693 eodemque
996 609 1093 675 ordine
1111 607 1144 672 irr-

97 716 326 779 astruxerant
346 705 455 771 aciem.
499 725 558 768 nec
580 702 695 768 vexilla
717 725 790 768 cum
806 703 932 768 vexillis
951 712 1079 782 tantum,
1095 702 1144 768 uni-

146 803 230 868 versi
246 801 362 867 hastati
379 821 451 872 oum
468 797 614 876 hastatis,
633 797 791 884 principes
805 819 878 863 cum
890 798 1091 885 principibus,
1105 795 1145 864 sed

147 896 287 963 centurio
309 916 434 980 quoque
457 915 530 959 cum
552 893 746 972 centurione,
775 893 803 958 si
826 892 953 960 ordines
976 892 1081 961 turbati
1097 912 1145 958 non

97 1012 128 1060 16
147 1000 267 1070 essent,
286 989 535 1056 concurrendum
553 988 614 1053 sibi
631 1009 701 1054 esse
720 986 847 1053 sciebat.
880 989 946 1054 duo
959 986 1104 1075 primipili
1115 1007 1146 1052 ex

146 1096 278 1170 utraque
300 1084 367 1151 acie
384 1085 465 1149 inter
482 1083 603 1149 triarios
623 1090 723 1161 erant,
746 1081 910 1148 Romanus
930 1105 1060 1170 corpore
1073 1080 1146 1148 hanl-

146 1202 305 1264 quaquam
327 1178 403 1245 satis
425 1176 563 1255 validus,
590 1186 730 1242 ceterum
753 1185 897 1243 strenuus
921 1177 971 1243 vir
996 1178 1146 1264 peritusque
1184 1232 1186 1245 .

97 1295 128 1342 17
147 1275 290 1353 militiae,
308 1273 444 1339 Latinus
458 1271 577 1338 viribus
590 1272 704 1360 ingens
717 1271 911 1356 bellatorque
925 1273 1060 1358 primus,
1075 1270 1146 1337 notis
1184 1302 1186 1337 ε

97 1387 128 1437 18
148 1370 220 1434 simi
236 1369 318 1434 inter
336 1391 385 1448 se,
409 1367 483 1452 quia
499 1388 592 1453 pares
615 1388 739 1454 semper
760 1366 885 1432 ordines
908 1368 1069 1434 duxerant
1101 1364 1147 1432 Rc
1184 1399 1186 1419 =

147 1486 240 1530 mano
266 1463 344 1528 haut
370 1461 446 1528 satis
472 1461 581 1526 fidenti
606 1460 726 1526 viribus
753 1462 816 1526 iam
837 1459 961 1528 Romae
987 1461 1147 1548 permissum

147 1567 214 1623 erat
236 1556 276 1623 ab
298 1556 495 1633 oonsulibus,
522 1565 558 1620 ut
581 1554 855 1622 subcenturionem
878 1556 940 1622 sibi
961 1578 1058 1642 quern
1079 1554 1164 1633 velle,

78 1724 81 1731 ,
146 1654 278 1740 legeret,
301 1651 356 1736 qui
373 1661 526 1717 tutaretur
543 1672 615 1716 eum
633 1651 673 1717 ab
691 1674 754 1717 uno
772 1652 929 1719 destinato
946 1652 1047 1719 hoste.
1081 1652 1147 1734 isque
1180 1678 1186 1738 5

145 1747 268 1812 iuvenis
294 1746 328 1811 in
353 1745 420 1812 acie
446 1745 570 1820 oblatus
598 1768 638 1811 ex
663 1747 843 1812 centurione
869 1747 991 1813 Latino
1016 1745 1147 1813 victoriam
1183 1757 1184 1761 ’

97 1841 226 1908 retulit.
270 1850 447 1929 pugnatum
465 1849 513 1907 est
529 1840 615 1906 haud
631 1840 742 1926 procul
758 1839 917 1907 radicibus
936 1840 1070 1909 Vesuvii
1083 1860 1147 1905 mon
1182 1900 1186 1935 ;

147 1936 201 2012 tis,
221 1956 284 2018 qua
301 1934 353 1999 via
371 1936 411 1998 ad
429 1933 575 2000 Veserim
591 1933 723 2001 ferebat.
1180 1998 1186 2009 ,

115 2046 128 2092 1
211 2026 324 2092 VIIII.
346 2025 482 2092 Romani
495 2028 639 2094 consules
651 2027 1145 2115 priusquameducerentinacien
1179 2056 1186 2102 2-

146 2122 396 2188 immolaverunt.
441 2120 543 2188 Decio
575 2133 669 2211 caput
698 2124 843 2192 iocineris
870 2149 890 2191 a
916 2124 1063 2191 familiari
1083 2130 1145 2210 pult
1174 2148 1186 2198 t

146 2237 274 2282 caesum
292 2216 451 2304 haruspex
468 2218 581 2282 dicitur
598 2217 788 2284 ostendisse:
812 2217 930 2304 alioqui
948 2228 1101 2305 acceptam
1112 2213 1144 2279 dit
1173 2241 1186 2292 a

147 2311 284 2376 hostiam
297 2334 382 2391 esse,
401 2309 559 2377 Manlium
572 2314 699 2400 egregie
711 2313 827 2380 litasse.
852 2315 956 2398 ‘atqui
968 2304 1144 2384 benehabet’
1174 2320 1186 2388 l:

114 2423 128 2470 2
147 2405 248 2489 inquit
265 2404 386 2472 Decius
406 2407 449 2472 ‘si
467 2405 506 2472 ab
526 2407 647 2493 collega
664 2406 787 2473 litatum
804 2408 871 2474 est'
901 2409 1073 2486 instructis,
1089 2406 1143 2470 sicut
1179 2476 1186 2482 Δ

147 2509 219 2565 ante
237 2501 435 2580 dictumest,
459 2501 619 2567 ordinibus
637 2524 819 2588 processere
836 2503 871 2567 in
888 2504 1000 2569 aciem.
1034 2499 1141 2568 Manlius

113 2609 128 2657 3
147 2595 271 2674 dextro,
290 2594 411 2661 Decius
429 2596 520 2661 laevo
539 2619 635 2662 cornu
652 2606 803 2683 praeerat.
829 2598 933 2683 primo
950 2598 1097 2682 utrimque
1110 2611 1141 2658 ae

147 2691 218 2772 quis
249 2688 383 2767 viribus,
420 2691 530 2756 eodem
557 2691 666 2756 ardore
693 2693 869 2758 animorum
895 2693 1079 2779 gerebantur
1098 2706 1140 2760 rec
1167 2718 1181 2735 ·-

147 2783 260 2848 deinde
278 2782 318 2848 ab
340 2784 431 2848 laevo
455 2806 552 2850 cornu
574 2785 689 2851 hastati
706 2786 856 2864 Romani,
883 2808 949 2852 non
971 2780 1140 2853 serenasir
1167 2823 1186 2837 --

112 2877 342 2961 4pressionem
359 2877 560 2958 Latinorum,
585 2903 619 2945 se
637 2882 677 2945 ad
694 2881 851 2968 principes
868 2903 1030 2968 recepere
1062 2876 1139 2945 ints
1167 2918 1186 2956 Δ

147 2969 353 3056 trepidatione
370 2969 491 3039 Decius
515 2975 625 3040 consul
642 2974 689 3040 M.
709 2974 872 3043 Valerium
894 2999 1012 3064 magna
1031 2994 1098 3042 voce
1110 2970 1139 3034 il·
1167 3006 1186 3035 re

146 3064 273 3130 clamat:
298 3067 454 3132 ‘deorum'
471 3069 572 3152 inquit
590 3074 677 3155 ‘ope,
697 3069 818 3149 Valeri,
842 3093 923 3158 opus
942 3082 1006 3138 est:
1029 3067 1137 3158 agedum
1167 3116 1186 3143 e.

145 3159 289 3243 pontifex
305 3159 451 3246 publicus
468 3163 578 3249 populi
589 3163 738 3242 Romani,
756 3165 844 3250 praei
862 3164 973 3245 verba,
993 3165 1096 3251 quibus
1108 3173 1138 3222 ml
1168 3162 1186 3232 'a

112 3269 128 3316 5
145 3275 202 3337 pro
223 3254 401 3341 legionibus
424 3256 616 3323 devoveam.'
650 3257 793 3344 pontifex
816 3282 889 3326 eum
907 3270 1017 3347 togam
1033 3263 1138 3347 proeli¹
1173 3296 1186 3309 -

146 3354 211 3410 tam
229 3370 352 3414 sumere
369 3350 462 3415 iussit
480 3359 510 3415 et
527 3352 630 3417 velato
648 3353 763 3438 capite,
782 3377 879 3418 manu
893 3355 1004 3421 subter
1016 3338 1138 3440 roganti
1172 3367 1174 3375 ’

145 3448 286 3504 mentum
308 3453 432 3509 exserta
454 3467 549 3531 super
570 3447 667 3512 telum
690 3445 866 3512 subiectum
883 3448 1021 3534 pedibus
1039 3451 1138 3514 saner
1169 3504 1181 3530 χ.

117 3551 131 3597 6
151 3533 196 3597 sic
214 3534 330 3600 dicere:
350 3536 454 3616 ‘Iane,
472 3538 623 3626 Iuppiter,
642 3537 732 3606 Mars
746 3550 844 3627 pater,
864 3540 1014 3624 Quirine,
1032 3538 1139 3607 Buca
1171 3602 1186 3626 Μ

147 3628 264 3706 Lares,
284 3631 348 3696 divi
360 3631 561 3714 Novensiles,
580 3636 613 3700 di
625 3635 802 3723 Indigetes,
821 3637 887 3703 divi
900 3660 1037 3723 quorum
1052 3643 1092 3703 est
1103 3646 1140 3716 pt
1177 3659 1186 3723 ,3

145 3731 242 3787 testas
265 3735 443 3794 nostrorum
464 3728 678 3814 hostiumque,
702 3731 808 3815 diique
825 3755 951 3813 manes,
975 3756 1032 3800 vos
1053 3742 1141 3818 precor,
1178 3731 1183 3761 ³

112 3836 127 3881 r
145 3839 285 3898 veneror,
303 3822 428 3888 veniam
445 3833 518 3910 peto
536 3823 680 3910 feroque,
704 3825 751 3890 uti
766 3825 885 3912 populo
904 3827 1051 3894 Romano
1066 3813 1142 3919 Qulssj
1174 3869 1186 3908 a

145 3912 224 3976 tium
242 3914 320 3992 vim,
340 3917 501 3984 victoriam
518 3921 708 4006 prosperetis
726 3920 898 4006 hostesque
915 3922 1026 4009 populi
1038 3920 1142 3987 Roman

110 4005 316 4088 sQuiritium
342 4018 470 4091 terrore,
501 4013 668 4082 formidine
695 4024 857 4100 morteque
883 4017 1047 4083 adficiam-
1085 4009 1142 4076 siro
1176 4036 1186 4095 c
