2566 4524
1229 40 1235 173 1

1232 258 1235 421 t

182 414 333 480 victorem
355 409 479 477 hostem
502 407 613 475 ciebat.
650 408 795 495 stetitque
818 430 989 496 suppresso
1012 411 1128 500 impetu
1142 413 1188 480 Ro
1233 440 1235 449 ·

148 530 311 586 amanus,
338 515 370 573 et
390 506 467 592 quia
486 505 600 571 iterum
620 504 717 570 fessis
739 503 903 571 subeunda
921 505 1082 575 dimicatio
1098 517 1156 575 erat
1167 518 1188 574 et

183 604 269 689 quod
286 601 410 681 consul,
438 601 515 666 dum
536 600 616 666 inter
636 599 789 687 primores
811 600 957 667 incautus
982 602 1096 690 agitat,
1120 603 1187 669 laeto

182 719 292 764 umero
318 695 431 763 mauri
451 716 549 782 prope
571 693 702 761 traiecto
723 703 861 761 cesserat
881 716 1053 783 parumper
1075 719 1115 765 ex
1132 697 1187 765 acie.

147 811 166 857 4
183 793 309 876 iamque
326 789 444 857 omissa
461 789 638 855 cunctando
656 788 787 855 victoria
808 797 890 868 erat,
916 811 991 857 cum
1014 791 1122 859 comul
1139 789 1188 857 vul·

148 952 150 957 ,
183 908 258 952 nera
275 885 404 972 alligato
420 892 565 950 revectus
582 883 624 950 ad
639 883 742 970 prima
759 883 864 970 signa:
883 885 976 968 fqrrid
990 894 1074 964 atas,
1090 883 1186 953 milesl’

182 980 298 1064 inquit3
322 986 400 1045 ‘non
416 1001 491 1045 oum
507 976 625 1044 Latino
645 975 827 1063 Sabinoque
844 977 936 1045 hoste
956 1002 1010 1047 res
1033 990 1096 1060 est,
1116 1001 1191 1065 quem·

150 1076 301 1144 cvictnm
319 1074 415 1140 armis
434 1074 554 1139 socium
572 1095 612 1139 ex
624 1072 714 1139 hoste
727 1072 841 1139 facias:
859 1073 893 1138 in
905 1071 1018 1143 beluas
1032 1075 1188 1143 strinximus

183 1169 317 1248 ferrum,
334 1167 526 1235 hauriendus
545 1178 600 1233 aut
617 1168 739 1233 andus
759 1176 807 1233 est
825 1169 965 1255 sanguis.
992 1169 1189 1256 propulistisa

183 1264 308 1343 castris,
328 1263 441 1350 supina
458 1261 539 1329 valle
556 1261 744 1349 praecipites
762 1260 886 1348 egistis,
906 1263 1013 1330 stratis
1031 1261 1190 1350 corporibus

183 1357 323 1424 hostium
341 1357 540 1445 superstatis3
564 1355 717 1442 complete
736 1356 847 1421 eadem
864 1365 970 1442 strage
989 1379 1131 1444 campos,
1144 1377 1192 1442 qua

151 1472 166 1519 1
183 1453 299 1518 montis
320 1453 474 1539 replestis.
510 1449 606 1518 nolite
629 1459 825 1537 exspectare,
852 1451 929 1515 dum
950 1460 1072 1520 stantes
1089 1475 1142 1521 vos
1156 1449 1192 1515 iu·

151 1565 166 1612 7
184 1548 272 1634 giant
277 1571 287 1626 3
309 1546 473 1613 inferenda
489 1555 563 1612 sunt
580 1546 672 1633 signa
690 1554 721 1611 et
738 1545 917 1611 vadendum
934 1545 968 1611 in
985 1545 1128 1613 hostem’
1156 1543 1192 1611 bis

185 1639 455 1707 adhortationibus
477 1641 591 1706 iterum
613 1640 711 1706 coorti
732 1639 853 1726 pellunt
873 1639 943 1707 loco
968 1641 1090 1726 primos
1116 1638 1193 1709 mani·
1233 1688 1235 1707 .

182 1736 275 1823 pulos
286 1732 464 1814 Gallorum,
483 1735 592 1801 cuneis
606 1734 719 1800 deinde
732 1734 766 1800 in
782 1735 922 1801 medium
939 1759 1059 1822 agmen
1075 1757 1193 1824 perrum-

149 1840 271 1917 spunt.
315 1830 389 1896 inde
411 1828 537 1896 barbari
562 1828 720 1915 dissipati,
746 1829 861 1913 quibus
886 1850 946 1896 nec
972 1839 1061 1897 certa
1085 1828 1194 1918 imperia

183 1946 243 1990 nec
265 1924 362 1990 duces
384 1933 504 2001 essent,
531 1932 656 1989 vomunt
676 1924 829 2010 impetum
850 1923 884 1989 in
901 1945 992 2003 suos,
1016 1924 1140 2011 fusique
1153 1942 1195 2009 per

184 2040 313 2105 campos
341 2027 372 2083 et
392 2026 516 2104 praeter
537 2027 640 2085 castra
661 2018 756 2083 etiam
779 2041 837 2084 sua
857 2017 936 2105 fuga
956 2019 1105 2104 praelati,
1129 2014 1194 2105 quod
1233 2054 1235 2059 ·

184 2111 393 2177 editissimum
410 2110 491 2176 inter
508 2111 655 2196 aequales
673 2112 811 2179 tumulos
829 2112 1014 2179 occurrebat
1032 2113 1144 2193 oculis,
1158 2133 1194 2177 ar·

151 2223 254 2272 acam
270 2203 431 2272 Albanam
452 2215 572 2292 petunt
609 2207 720 2273 consul
740 2229 805 2272 non
822 2207 903 2273 ultra
920 2217 1025 2273 castra
1043 2208 1193 2283 maecutus,
1233 2252 1235 2261 ι

184 2300 260 2385 quia
282 2310 313 2366 et
334 2301 449 2367 volnus
472 2298 665 2389 degravabat
683 2311 714 2367 et
732 2300 874 2368 subicere
892 2302 1069 2369 exercitum
1087 2298 1193 2369 tumulis

184 2395 225 2462 ab
242 2395 333 2462 hoste
351 2397 511 2483 occupatis
529 2394 668 2474 nolebat,
691 2395 810 2481 praeda
827 2395 913 2462 omni
931 2406 1109 2463 castrorum
1125 2390 1195 2462 militi

184 2490 259 2556 data
288 2491 439 2557 victorem
470 2491 642 2556 exercitum
672 2490 917 2577 opulentumque
944 2487 1081 2558 Gallicis
1108 2487 1194 2578 spoliis

134 2601 167 2651 10
183 2584 320 2651 Romam
336 2586 470 2652 reduxit.
506 2608 627 2652 moram
644 2585 802 2670 triumpho
820 2585 936 2651 vulnus
954 2587 1097 2653 considis
1114 2581 1195 2652 attuli
1234 2643 1235 2649 ,

185 2680 358 2764 eademque
385 2702 481 2745 causa
507 2680 667 2746 dictatoris
693 2679 885 2746 desiderium
912 2681 1038 2746 senatui
1065 2680 1194 2757 facitu
1233 2742 1235 2750 ,

135 2789 166 2836 11
185 2782 270 2839 esset
291 2775 346 2857 qui
367 2775 470 2859 aegris
494 2773 674 2840 consulibus
697 2774 823 2839 comitia
844 2771 984 2839 haberet.
1021 2774 1151 2840 dictator
1164 2769 1193 2837 t.
1233 2806 1235 2811 ·

183 2866 302 2932 Furius
322 2866 476 2932 Camillus
494 2869 611 2948 dictus,
630 2868 736 2935 addito
754 2868 906 2954 magistro
924 2869 1071 2953 equitum
1083 2868 1121 2937 P.
1135 2865 1194 2932 Cor·
1231 2896 1235 2940 2

183 2961 267 3027 nelio
287 2959 449 3049 Scipione,
471 2965 607 3030 reddidit
628 2964 770 3050 patribus
792 2965 1029 3050 possessionem
1051 2965 1194 3052 pristinas
1232 2998 1235 3027 :

184 3056 376 3123 consulatus.
420 3059 489 3144 ipse
515 3059 556 3125 ob
582 3059 616 3125 id
640 3059 785 3125 meritum
811 3059 932 3145 ingenti
958 3069 1088 3144 patrum
1114 3053 1194 3126 studio
1232 3086 1234 3091 ·

184 3160 306 3217 oreatus
325 3153 435 3218 consul
453 3153 607 3240 collegam
624 3151 689 3238 Ap.
710 3152 880 3219 Claudium
899 3150 1057 3220 Crassum
1075 3153 1157 3219 dixit

94 3316 97 3325 ¹
150 3271 164 3318 1
246 3245 362 3312 XXV.
393 3246 606 3332 Priusquam
596 3247 710 3313 inirent
727 3270 801 3312 novi
790 3246 964 3313 eonsules
983 3249 1192 3350 magistram
1233 3305 1235 3332 ,

94 3351 100 3358 ’
183 3341 360 3426 triumphus
380 3365 399 3406 a
415 3341 541 3427 Popilio
559 3342 598 3407 de
613 3338 783 3408 Gallist
733 3351 783 3407 act
783 3363 821 3407 us
838 3363 955 3428 magno
974 3341 1088 3409 favore
1104 3335 1191 3429 plelis
1232 3370 1235 3379 ⁴

81 3457 96 3509 1
183 3445 426 3518 mussantesque
443 3436 524 3501 inter
540 3457 576 3502 11
593 3435 785 3522 rogitabant,
804 3456 991 3519 numquam
1008 3435 1126 3522 plebeii
1140 3449 1192 3498 ooo·

150 3551 166 3599 2
185 3528 263 3594 sulm
284 3529 466 3614 paeniteret
504 3529 597 3596 simul
619 3530 802 3597 dictatorem
819 3527 1042 3639 increpabant,
1066 3553 1120 3616 qm
1109 3519 1191 3610 1191
1233 3590 1235 3615 ,

183 3623 328 3690 Liciniae
347 3634 469 3712 spretae
487 3625 664 3690 mercedem
678 3625 819 3690 consulat
807 3632 875 3688 tum
906 3624 1034 3710 privata
1048 3623 1191 3711 cupidior

100 3720 104 3784 ἶ
183 3740 279 3805 quam
300 3718 459 3807 publica
448 3720 563 3787 miuria
583 3720 756 3788 foediorem
774 3719 924 3805 cepisset,
947 3728 986 3784 ut
1003 3742 1040 3786 sc
1056 3721 1125 3806 ipsa
1138 3731 1191 3781 111
1233 3758 1235 3783 ι

86 3811 103 3905 ’ἡ
150 3835 165 3883 1
185 3814 285 3880 sulam
308 3815 408 3880 dictat
396 3825 445 3880 tor
472 3824 599 3881 crearet.
639 3837 740 3882 annus
760 3813 873 3896 miultis
895 3813 1059 3899 variisque
1080 3805 1189 3879 monto

183 3907 278 3974 fuit
269 3910 412 3997 msignis.
458 3906 544 3976 Galli
571 3932 611 3976 ex
631 3908 767 3977 Albanis
794 3906 971 3987 montibus,
1004 3909 1080 3993 quia
1098 3895 1188 3971 hient

117 4056 118 4065 ,
181 4003 249 4068 rim
265 4005 331 4092 pati
348 4005 566 4090 nequiverant,
585 4027 642 4093 per
659 4027 787 4092 campos
805 4003 1039 4090 maritumaque
1055 4003 1123 4069 loca
1136 3985 1187 4076 ,spi
1233 4027 1235 4035 ’

184 243 248 310 314
398 251 517 307 LIBER
534 249 604 320 VII,
622 249 664 305 24.
678 249 719 305 25.
739 254 777 320 [a.
787 267 815 305 u.
825 249 920 306 etot.
931 247 998 323 405]
