2566 4524
152 268 216 334 330
410 278 527 334 mesu
545 279 600 346 vr,
618 277 661 333 ss
676 277 718 332 ns.
738 281 776 348 [a
785 295 812 334 u.
823 294 847 333 ο.
857 275 922 348 374]

117 461 130 508 r
151 439 243 506 suut?
268 438 370 525 pudor
387 437 488 525 primo
506 437 606 502 tenuit
617 436 753 517 effusos3
770 435 844 503 inde
857 444 894 502 ut
907 435 1077 524 circumagi
1088 436 1160 525 signa

150 534 333 620 obvertique
352 534 451 599 aciem
465 533 610 598 viderunt
622 533 656 599 in
668 533 802 613 hostem,
821 545 853 598 et
869 532 946 611 dux,
964 541 1159 618 praeterquam

150 631 236 715 quod
252 638 300 695 tot
316 629 449 716 insignis
468 627 644 715 triumphis,
663 628 757 694 etiam
771 635 873 693 aetate
885 627 1082 706 venerabilis,
1098 628 1159 694 inter

148 727 251 811 prima
268 724 368 811 signa,
388 722 443 788 ubi
459 722 613 809 plurimus
630 721 720 789 labor
735 723 974 809 periculumque
987 731 1063 803 erat,
1080 745 1110 789 se
1124 720 1159 788 of·

149 819 285 898 ferebat,
311 818 473 904 increpare
496 817 614 905 singuli
636 840 671 883 se
694 818 827 903 quisque
846 828 877 883 et
895 816 989 897 alios,
1018 826 1049 883 et
1070 816 1159 884 adhor-

114 931 131 981 8
150 914 226 979 tatio
243 913 378 979 invicem
396 921 494 977 totam
512 911 608 978 alacri
627 911 763 978 clamore
780 912 921 998 pervasit
938 912 1050 978 aciem.
1079 933 1158 998 neque
1199 926 1202 931 ·

150 1008 228 1074 alter
244 1007 387 1073 tribunus
404 1006 450 1072 rei
467 1002 581 1086 defini,
610 1007 667 1072 sed
683 1007 801 1073 missus
820 1031 839 1073 a
857 1007 979 1095 collega
1000 1009 1159 1075 restituente
1198 998 1203 1057 ἶ

149 1103 291 1189 peditum
309 1101 409 1167 aciem
427 1100 468 1166 ad
486 1101 620 1185 equites,
644 1123 708 1166 non
726 1102 924 1189 castigando,
943 1103 1096 1187 adquam
1109 1124 1160 1168 ren
1201 1156 1203 1193 Ι

149 1197 298 1263 leviorem
320 1208 480 1263 auctorem
507 1217 580 1262 eum
606 1195 717 1282 culpae
745 1197 879 1262 societas
901 1196 1034 1277 fecerat,
1063 1197 1113 1263 sed
1131 1195 1160 1262 ab

148 1292 280 1379 imperio
298 1300 382 1358 totus
399 1292 442 1356 ad
462 1312 572 1377 preces
594 1312 705 1356 versus
728 1313 816 1357 orare
839 1291 981 1378 singulos
1004 1293 1161 1358 universos·

149 1409 225 1472 que,
251 1396 287 1452 ut
313 1409 348 1452 se
372 1408 462 1454 reum
488 1385 632 1451 fortunae
658 1385 725 1450 eius
753 1385 816 1450 diei
841 1385 970 1452 crimine
997 1387 1160 1452 eximerent:

115 1501 130 1550 9
150 1481 320 1548 ‘abnuente
344 1503 381 1546 ac
401 1479 587 1567 prohibente
614 1479 735 1567 collega
760 1480 942 1546 temeritatis
965 1505 1017 1548 me
1043 1481 1161 1548 omniun

147 1577 252 1664 potius
272 1575 393 1642 socium
410 1597 506 1660 quam
528 1575 621 1640 unius
642 1575 827 1660 prudentiae
850 1576 931 1641 dedi.
978 1575 1161 1643 Camillusin

148 1680 281 1756 utraque
299 1679 403 1736 vestra
420 1670 546 1735 fortuna
564 1692 654 1736 suam
671 1669 804 1756 gloriam
822 1669 922 1735 videta
949 1693 1024 1758 ego,
1044 1672 1076 1737 ni
1091 1670 1162 1738 resti·

148 1766 245 1832 tuitur
261 1789 382 1854 pugna,
402 1765 495 1851 quod,
505 1764 714 1831 miserrimum
733 1773 794 1842 est,
814 1764 973 1830 fortunam
992 1788 1065 1832 cum
1082 1765 1161 1832 omni·

98 1879 131 1930 10
149 1859 220 1939 bus,
238 1861 400 1927 infamiam
420 1861 505 1926 solus
525 1858 677 1925 sentiam?
703 1859 857 1946 optimum
875 1860 979 1925 visum
997 1870 1047 1927 est
1059 1862 1091 1926 in
1102 1859 1162 1927 fluo

148 1965 289 2022 tuantem
315 1957 429 2034 aciem,
457 1955 538 2021 tradi
564 1978 662 2040 equos
689 1964 720 2021 et
745 1955 883 2041 pedestri
904 1978 1013 2043 pugna
1034 1956 1161 2022 invadere

147 2050 281 2115 hostem.
318 2059 394 2114 eunt
411 2050 553 2137 insignes
572 2049 666 2115 armis
685 2050 874 2134 animisque,
894 2071 957 2134 qua
974 2051 1076 2137 premi
1090 2058 1160 2138 parte

148 2143 285 2208 maxime
302 2144 444 2230 peditum
461 2145 568 2231 copias
590 2144 707 2210 vident.
751 2144 830 2210 nihil
851 2166 953 2229 neque
976 2147 1062 2231 apud
1083 2146 1160 2210 duces

148 2229 250 2323 neque
273 2239 358 2325 apud
379 2238 493 2304 milites
509 2233 683 2304 'remittitur
699 2263 719 2304 a
737 2261 861 2304 summo
884 2240 1054 2306 certamine
1076 2238 1161 2306 animi

98 2353 129 2400 11
149 2333 247 2398 sensit
265 2355 341 2421 ergo
359 2349 489 2400 eventus
507 2332 630 2398 vimutis
653 2332 764 2398 enixae
786 2356 892 2419 opem,
921 2343 952 2398 et
970 2333 1092 2413 Volsci,
1116 2355 1163 2418 qua

21 2502 27 2506 ,
111 2450 113 2454 ·
147 2429 242 2494 modo
260 2428 406 2494 simulato
423 2438 510 2494 metu
528 2437 696 2508 cesserant,
716 2451 754 2493 ea
770 2429 804 2493 in
822 2451 929 2494 veram
947 2427 1060 2516 fugam
1078 2427 1162 2504 effusi,

147 2546 264 2610 magna
289 2546 363 2610 pars
386 2533 417 2589 et
438 2523 471 2588 in
492 2523 562 2610 ipso
585 2523 753 2588 certamine
781 2532 812 2588 et
837 2533 909 2609 post
930 2524 963 2588 in
986 2524 1065 2612 fuga
1087 2522 1163 2598 caesi,

148 2620 244 2685 ceteri
264 2619 298 2685 in
320 2620 445 2698 castris,
472 2641 553 2704 quae
571 2628 663 2705 capta
685 2620 796 2684 eodem
814 2621 933 2706 impetu
957 2631 1040 2686 sunt.
1075 2620 1164 2707 plures

148 2723 254 2779 tamen
272 2714 355 2798 capti
373 2737 468 2797 quam
487 2714 592 2779 occisi.

115 2828 128 2874 1
211 2807 327 2873 XXV.
372 2808 439 2873 Ubi
464 2808 498 2872 in
524 2809 723 2874 recensendis
751 2809 882 2894 captivis
910 2831 982 2874 cum
1009 2806 1167 2876 Tusculani

148 2901 268 2985 aliquot
289 2901 530 2981 noscitarentur,
559 2903 671 2969 secreti
693 2902 733 2969 ab
756 2904 825 2968 aliis
848 2904 888 2968 ad
915 2903 1058 2971 tribunos
1084 2905 1168 2970 addu-

148 3005 274 3075 cuntur,
296 2997 614 3082 percontantibusque
633 2997 725 3075 fassi,
748 2996 875 3083 publico
894 2998 1026 3064 consilio
1049 3022 1083 3065 se
1100 2998 1168 3063 mili·

112 3110 128 3158 2
148 3100 241 3157 tasse.
273 3092 363 3158 cuius
381 3101 447 3157 tam
464 3092 560 3158 vicini
578 3092 652 3158 belli
669 3103 756 3157 metu
770 3091 923 3158 Camillus
942 3104 1049 3160 motus
1064 3104 1169 3160 extem·

146 3186 198 3272 plo
226 3209 260 3252 se
281 3187 417 3253 Romam
443 3187 584 3273 captivos
611 3187 778 3251 ducturum
801 3187 858 3266 ait,
885 3210 925 3252 ne
947 3198 1056 3274 patres
1078 3185 1169 3277 ignari

148 3281 229 3359 sint,
248 3281 447 3347 Tusculanos
466 3281 506 3346 ab
526 3281 674 3346 societate
697 3281 845 3346 descisse.
882 3283 994 3347 castris
1018 3281 1170 3350 exercitui·

112 3391 129 3439 3
146 3395 208 3457 que
226 3375 359 3453 interim,
379 3376 407 3440 si
423 3375 575 3453 videatur,
595 3375 712 3461 praesit
730 3376 860 3462 collega.
889 3377 1081 3445 documento
1098 3398 1168 3443 unus

147 3468 214 3533 dies
232 3468 343 3546 fuerat,
362 3491 402 3534 ne
421 3492 479 3535 sua
496 3469 626 3535 consilia
644 3469 824 3536 melioribus
843 3471 1026 3557 praeferret.
1059 3496 1116 3539 nec
1131 3487 1169 3536 ta·

146 3585 219 3626 men
237 3572 291 3627 aut
307 3563 369 3649 ipsi
386 3573 441 3629 aut
457 3564 491 3629 in
507 3565 646 3630 exercitu
664 3565 810 3649 cuiquam
834 3567 909 3631 satis
932 3566 1059 3652 placato
1076 3567 1167 3634 animo

148 3653 301 3723 Camillus
319 3656 439 3724 laturus
458 3658 583 3744 culpam
602 3659 669 3724 eius
687 3658 867 3738 videbatur,
891 3681 955 3744 qua
973 3662 1049 3728 data
1065 3663 1098 3728 in
1114 3672 1167 3726 tam

110 3771 129 3819 4
146 3751 349 3837 praecipitem
367 3775 476 3818 casum
492 3775 544 3819 res
565 3752 693 3840 publica
715 3761 812 3832 esset,
841 3763 963 3819 etcum
985 3755 1020 3821 in
1042 3755 1167 3822 exercitu

146 3856 214 3911 tum
229 3846 352 3912 Romae
370 3856 517 3913 constans
540 3848 681 3914 omnium
702 3848 789 3914 fama
807 3858 886 3928 erat,
915 3871 989 3915 cum
1010 3853 1098 3917 varia
1113 3849 1166 3914 for·

146 3948 222 4006 tuna
242 3941 275 4006 in
293 3940 419 4008 Volscis
442 3950 534 4028 gesta
549 3965 601 4009 res
619 3953 717 4022 esset,
745 3944 896 4010 adversae
918 3966 1046 4032 pugnae
1068 3945 1165 4032 fugae·

144 4056 208 4118 que
233 4035 267 4099 in
287 4035 330 4102 L.
352 4035 449 4102 Furio
476 4036 615 4124 culpam,
652 4039 808 4106 secundae
835 4039 932 4106 decus
960 4062 1053 4107 omne
1077 4053 1162 4128 penes
