2566 4524
141 249 208 314 408
387 255 507 315 LIBER
522 255 609 322 VIII,
627 255 668 310 10.
682 252 724 309 11.
745 256 782 323 [a.
791 268 820 309 ιι.
829 269 854 309 c.
862 251 928 324 414]
1001 287 1006 296 ·
1049 344 1052 353 ,

143 417 270 506 pilanis,
295 414 430 481 clamore
453 412 577 480 sublato
598 413 752 500 principia
768 411 961 477 Latinorum
981 411 1145 499 perturbant

110 513 306 596 ehastisque
331 533 387 576 ora
408 509 563 575 fodientes
585 508 686 594 primo
707 507 819 573 robore
843 506 986 573 virorum
1005 528 1089 574 caeso
1105 529 1146 594 per

145 608 222 674 alios
240 605 417 692 manipulos
435 604 522 669 velut
538 603 674 669 inermes
691 623 791 689 prope
807 601 920 668 intacti
933 623 1060 669 evasere
1070 611 1147 669 tenu·

144 724 207 788 que
225 700 320 767 caede
338 719 506 784 perrupere
529 719 660 777 cuneos,
687 706 722 762 ut
743 696 799 762 vix
820 706 967 782 quartam
989 705 1147 782 pertemis-

111 823 126 871 ι
144 797 321 880 linquerent
333 792 481 858 hostium.
510 789 669 857 Samnites
686 812 813 876 quoque
831 790 892 856 sub
907 792 1066 859 radicibus
1080 812 1148 857 mon·

145 890 185 954 tis
203 886 313 973 procul
329 885 474 953 instructi
494 885 667 972 praebuere
689 894 839 951 terrorem
855 885 993 952 Latinis.
1038 894 1147 952 celerum
1189 914 1191 965 ;

145 983 228 1049 inter
257 1004 366 1048 omnes
397 980 483 1046 cives
515 981 680 1064 sociosque
710 978 881 1066 praecipua
909 979 981 1046 laus
1009 980 1071 1046 eius
1089 976 1147 1044 beli

144 1098 243 1164 penes
266 1075 411 1141 consules
433 1074 507 1154 fuit,
531 1096 664 1160 quorum
687 1074 765 1141 alter
782 1075 884 1140 omnis
901 1076 1006 1142 minas
1023 1073 1149 1162 periculo·
1187 1078 1191 1125 ἒ

111 1195 128 1247 a
146 1193 208 1257 que
225 1171 266 1238 ab
284 1171 352 1237 deis
371 1169 493 1257 superis
510 1169 681 1254 inferisque
699 1170 733 1235 in
750 1191 784 1236 se
801 1192 900 1236 unum
917 1171 1025 1250 vertit,
1043 1170 1110 1236 alter
1121 1190 1150 1232 sa

145 1267 260 1333 virtute
283 1287 384 1350 eoque
402 1265 532 1332 consilio
550 1265 584 1330 in
599 1263 719 1351 proelio
736 1264 810 1344 fuit,
832 1273 869 1330 ut
885 1263 980 1331 facile
998 1262 1151 1330 convenerit

145 1363 226 1427 inter
247 1361 408 1426 Romanos
431 1360 641 1445 Latinosque,
669 1360 724 1445 qui
745 1361 812 1426 eius
838 1381 967 1446 pugnae
992 1358 1151 1426 memoriam

146 1455 280 1566 posteris
299 1455 506 1534 tradiderunt,
525 1454 625 1520 utrius
642 1454 741 1540 partis
756 1453 794 1519 T
809 1452 951 1520 Manlius
969 1454 1036 1520 dux
1052 1453 1151 1526 fuisset,

113 1572 128 1621 a
146 1551 215 1616 eius
233 1549 371 1614 fulturam
388 1548 474 1615 haud
491 1502 586 1616 dubie
603 1548 704 1616 fuisse
721 1549 894 1615 victoriam.
921 1549 1034 1615 Latini
1046 1547 1152 1632 exsuge

148 1665 183 1710 se
191 1643 378 1709 Menturnas
391 1643 597 1709 contulerrmt.
575 1652 719 1709 tcastra
733 1644 906 1709 secundum
918 1643 1072 1753 proelium
1081 1650 1153 1727 cepte

77 1814 80 1820 ¹
147 1737 300 1823 multique
327 1737 474 1804 mortales
501 1737 547 1804 ibi
573 1737 638 1802 vivi
664 1737 821 1823 oppressi,
848 1738 987 1803 maxime
1010 1733 1152 1823 campet

96 1831 241 1902 10Decii
267 1855 381 1920 corpus
403 1854 443 1898 ne
465 1855 503 1898 eo
526 1831 577 1898 die
598 1832 798 1910 inveniretur,
825 1855 889 1898 nox
910 1841 1095 1941 quaerentes
1112 1851 1153 1915 op

146 1927 277 2012 pressit;
311 1947 370 2011 pos
372 1935 438 1991 tero
468 1925 559 1990 die
549 1934 656 1990 1nvent
657 1949 712 1990 um
736 1926 818 1991 inter
842 1927 1016 1992 maximam
1039 1923 1154 1992 hostiur

149 2031 288 2107 stragem
305 2029 487 2104 coopertum
505 2020 588 2097 telis,
608 2019 766 2104 funusque
779 2021 810 2087 ei
821 2044 880 2108 par
893 2022 987 2087 morti
1001 2020 1155 2088 celebrato

46 2197 50 2205 Ι
98 2137 129 2185 11
149 2114 270 2200 collega
287 2111 406 2179 fectum
423 2123 481 2179 est.
524 2114 604 2180 illud
622 2115 821 2182 adiciendum
838 2116 971 2195 videtur,
991 2117 1083 2184 licere
1098 2136 1155 2181 eou-

149 2209 210 2275 suli
227 2208 432 2294 dictatorique
451 2218 482 2274 et
498 2210 648 2295 praetori,
672 2232 745 2275 cum
762 2209 902 2298 legiones
920 2210 1061 2278 hostium
1080 2211 1155 2277 dero·

148 2313 233 2382 vect,
256 2327 321 2369 non
338 2304 512 2389 utiquese,
536 2305 593 2369 sed
614 2327 710 2389 quem
730 2305 806 2370 velit
828 2329 869 2371 ex
889 2304 1155 2393 legione-Romus

98 2399 266 2483 rescripta
292 2399 394 2462 civem
421 2398 585 2463 devovere.
631 2399 658 2463 si
684 2399 712 2464 is
739 2399 848 2477 homo,
876 2401 931 2484 qui
958 2401 1155 2471 devotaret

147 2493 291 2572 moritur,
319 2493 418 2578 probe
444 2492 563 2558 factum
590 2494 702 2572 videri3
729 2494 762 2558 ni
784 2495 927 2572 moritur,
955 2508 1026 2561 tum
1051 2496 1155 2582 signum

59 2600 61 2607 '
148 2597 269 2673 septem
290 2587 388 2671 pedes
407 2587 505 2652 cltum
523 2597 577 2652 aut
594 2588 696 2654 maius
714 2587 748 2652 in
765 2598 879 2654 terram
896 2588 1006 2654 defodi
1024 2599 1054 2656 et
1069 2589 1157 2676 piacu-

147 2681 253 2744 culum
271 2680 375 2746 hostia
397 2681 500 2758 caedi3
528 2680 583 2746 ubi
604 2681 682 2745 illud
704 2682 831 2769 signum
852 2681 1019 2749 defossum
1041 2683 1108 2760 erit,
1130 2700 1157 2745 eo

97 2795 129 2844 13
147 2774 366 2860 magistratum
375 2774 555 2839 Romanum
568 2775 735 2840 escendere
749 2775 799 2841 fas
817 2799 882 2841 non
899 2799 980 2843 esse.
1010 2778 1156 2843 sinautem

149 2889 219 2933 sese
237 2866 391 2932 devovere
405 2868 502 2946 volet,
522 2869 615 2934 sicuti
622 2868 743 2934 Decius
757 2868 898 2948 devovit,
917 2871 951 2936 ni
963 2872 1102 2950 moritur,
1117 2889 1157 2933 ne·

147 2980 210 3044 que
234 2982 327 3026 suum
347 2983 450 3046 neque
472 2962 635 3048 publicum
657 2964 797 3029 divinum
819 2987 897 3051 pure
920 2964 1018 3031 faciet
1035 2966 1156 3051 quiesse

147 3054 316 3121 devoverit.
360 3053 505 3123 Vulcano
528 3080 624 3123 armu-
638 3059 704 3124 sive
727 3059 778 3125 cui
796 3059 849 3125 alii
866 3060 940 3126 divo
958 3082 1075 3127 vovere
1092 3056 1156 3125 volet

96 3172 131 3220 14
148 3151 216 3216 sive
234 3151 338 3217 hostia
356 3151 423 3216 sive
441 3174 504 3236 quo
522 3152 583 3216 alio
601 3153 685 3219 volet
701 3154 751 3219 ius
770 3164 827 3220 est.
873 3154 950 3234 telo,
975 3177 1071 3242 super
1090 3147 1157 3238 quel

148 3257 234 3314 stans
254 3248 364 3314 consul
385 3259 531 3335 precatus
555 3257 616 3326 est,
645 3249 767 3315 hostem
789 3249 882 3335 potiri
902 3249 954 3325 sas
976 3273 1044 3316 non
1063 3258 1118 3328 est3
1138 3242 1156 3309 si

146 3343 293 3428 potiatur,
312 3342 410 3407 Marti
429 3342 692 3410 suovetaurilibus
709 3344 869 3429 piaculum
887 3343 965 3410 fieri.

114 3455 128 3503 1
211 3435 275 3499 XI.
311 3435 417 3515 Haec,
444 3439 504 3503 etsi
527 3439 627 3504 omnis
651 3438 748 3503 divini
769 3439 962 3524 humanique
990 3439 1086 3507 moris
1108 3454 1158 3502 me·

27 3545 29 3548 ⁴
146 3528 247 3593 moria
264 3528 402 3594 abolevit
418 3553 502 3596 nova
519 3534 746 3620 peregrinaque
764 3533 869 3599 omnia
885 3533 1002 3620 priscis
1021 3557 1059 3601 ac
1069 3527 1157 3621 patris

146 3622 368 3708 praeferendo,
392 3624 478 3690 haud
495 3625 535 3691 ab
553 3649 587 3691 re
606 3628 682 3691 duxi
699 3625 804 3693 verbis
822 3648 949 3712 quoque
966 3629 1048 3715 ipsis
1064 3636 1097 3693 ut
1111 3634 1158 3689 ra

147 3715 213 3781 dita
230 3727 471 3803 nuncupataque
490 3729 564 3785 sunt
581 3721 707 3787 referre.

112 3831 128 3880 2
210 3809 363 3878 Romanis
385 3822 459 3899 post
478 3815 632 3901 proelium
654 3816 783 3881 demum
804 3814 926 3881 factum
945 3813 1103 3884 Samnites
1117 3829 1156 3875 vt·

146 3907 232 3974 nisse
255 3907 396 3975 subsidio
420 3919 600 3997 exspectato
622 3902 738 3977 eventu
754 3933 895 3999 pugnae,
919 3912 1008 3998 apud
1024 3907 1156 3997 quosdffl

112 4013 289 4071 sansures
312 4003 448 4072 invenio.
493 4005 620 4072 Latinis
643 4027 769 4092 quoque
791 4006 831 4072 ab
852 4006 995 4073 Lavinio
1017 4004 1156 4074 auxlium.
