<?xml version="1.0" encoding="UTF-8"?>
<!DOCTYPE html PUBLIC "-//W3C//DTD XHTML 1.0 Transitional//EN"
    "http://www.w3.org/TR/xhtml1/DTD/xhtml1-transitional.dtd">
<html xmlns="http://www.w3.org/1999/xhtml" xml:lang="en" lang="en">
 <head>
  <title>
</title>
<meta http-equiv="Content-Type" content="text/html;charset=utf-8" />
  <meta name='ocr-system' content='tesseract 3.04.00' />
  <meta name='ocr-capabilities' content='ocr_page ocr_carea ocr_par ocr_line ocrx_word'/>
</head>
<body>
  <div class='ocr_page' id='page_1' title='image "./titiliviaburbec01weisgoog_0549.png"; bbox 0 0 2566 4524; ppageno 0'>
   <div class='ocr_carea' id='block_1_1' title="bbox 209 264 1047 345">
    <p class='ocr_par' dir='ltr' id='par_1_1' title="bbox 209 264 1047 345">
     <span class='ocr_line' id='line_1_1' title="bbox 209 264 1047 345; baseline -0.005 -13"><span class='ocrx_word' id='word_1_1' title='bbox 209 264 277 332; x_wconf 79' lang='lat'>462</span> <span class='ocrx_word' id='word_1_2' title='bbox 425 274 543 331; x_wconf 81' lang='lat' dir='ltr'>nnana</span> <span class='ocrx_word' id='word_1_3' title='bbox 559 272 654 345; x_wconf 84' lang='lat' dir='ltr'>vnur,</span> <span class='ocrx_word' id='word_1_4' title='bbox 672 272 714 328; x_wconf 86' lang='lat' dir='ltr'>ns.</span> <span class='ocrx_word' id='word_1_5' title='bbox 729 272 770 327; x_wconf 81' lang='lat' dir='ltr'>na</span> <span class='ocrx_word' id='word_1_6' title='bbox 789 270 1047 341; x_wconf 62' lang='lat' dir='ltr'>[actaeona]</span> 
     </span>
    </p>
   </div>
   <div class='ocr_carea' id='block_1_2' title="bbox 158 427 1275 4124">
    <p class='ocr_par' dir='ltr' id='par_1_2' title="bbox 158 427 1275 4124">
     <span class='ocr_line' id='line_1_2' title="bbox 210 427 1234 523; baseline -0.005 -19"><span class='ocrx_word' id='word_1_7' title='bbox 210 436 294 505; x_wconf 86' lang='lat' dir='ltr'>bella</span> <span class='ocrx_word' id='word_1_8' title='bbox 319 435 471 523; x_wconf 80' lang='lat' dir='ltr'>gessisset</span> <span class='ocrx_word' id='word_1_9' title='bbox 496 441 528 498; x_wconf 89' lang='lat' dir='ltr'>et</span> <span class='ocrx_word' id='word_1_10' title='bbox 553 430 665 497; x_wconf 90' lang='lat' dir='ltr'>eadem</span> <span class='ocrx_word' id='word_1_11' title='bbox 689 429 834 497; x_wconf 82' lang='lat' dir='ltr'>fortunae</span> <span class='ocrx_word' id='word_1_12' title='bbox 858 429 993 517; x_wconf 86' lang='lat' dir='ltr'>pignera</span> <span class='ocrx_word' id='word_1_13' title='bbox 1017 427 1052 495; x_wconf 90' lang='lat' dir='ltr'>in</span> <span class='ocrx_word' id='word_1_14' title='bbox 1077 428 1234 499; x_wconf 74' lang='lat' dir='ltr'>discrimen</span> 
     </span>
     <span class='ocr_line' id='line_1_3' title="bbox 160 522 1234 612; baseline -0.002 -17"><span class='ocrx_word' id='word_1_15' title='bbox 160 546 193 597; x_wconf 80' lang='lat'>18</span> <span class='ocrx_word' id='word_1_16' title='bbox 211 530 384 598; x_wconf 83' lang='lat' dir='ltr'>detulisset</span> <span class='ocrx_word' id='word_1_17' title='bbox 418 529 515 595; x_wconf 90' lang='lat' dir='ltr'>immo</span> <span class='ocrx_word' id='word_1_18' title='bbox 538 527 632 593; x_wconf 91' lang='lat' dir='ltr'>etiam</span> <span class='ocrx_word' id='word_1_19' title='bbox 658 548 696 591; x_wconf 88' lang='lat' dir='ltr'>eo</span> <span class='ocrx_word' id='word_1_20' title='bbox 722 524 795 612; x_wconf 89' lang='lat' dir='ltr'>plus</span> <span class='ocrx_word' id='word_1_21' title='bbox 820 522 953 612; x_wconf 85' lang='lat' dir='ltr'>periculi</span> <span class='ocrx_word' id='word_1_22' title='bbox 978 524 1135 607; x_wconf 84' lang='lat' dir='ltr'>subisset,</span> <span class='ocrx_word' id='word_1_23' title='bbox 1160 526 1234 612; x_wconf 91' lang='lat' dir='ltr'>quod</span> 
     </span>
     <span class='ocr_line' id='line_1_4' title="bbox 210 618 1233 698; baseline -0.005 -5"><span class='ocrx_word' id='word_1_24' title='bbox 210 625 404 693; x_wconf 83' lang='lat' dir='ltr'>Macedones</span> <span class='ocrx_word' id='word_1_25' title='bbox 422 646 522 689; x_wconf 91' lang='lat' dir='ltr'>unum</span> <span class='ocrx_word' id='word_1_26' title='bbox 539 620 759 687; x_wconf 75' lang='lat' dir='ltr'>Menandrum</span> <span class='ocrx_word' id='word_1_27' title='bbox 775 618 970 698; x_wconf 83' lang='lat' dir='ltr'>habuissent,</span> <span class='ocrx_word' id='word_1_28' title='bbox 989 619 1101 688; x_wconf 90' lang='lat' dir='ltr'>multis</span> <span class='ocrx_word' id='word_1_29' title='bbox 1120 620 1233 689; x_wconf 74' lang='lat' dir='ltr'>casabus</span> 
     </span>
     <span class='ocr_line' id='line_1_5' title="bbox 161 713 1234 796; baseline 0 -13"><span class='ocrx_word' id='word_1_30' title='bbox 161 734 192 784; x_wconf 83' lang='lat'>19</span> <span class='ocrx_word' id='word_1_31' title='bbox 211 744 275 788; x_wconf 90' lang='lat' dir='ltr'>non</span> <span class='ocrx_word' id='word_1_32' title='bbox 297 720 399 786; x_wconf 91' lang='lat' dir='ltr'>solum</span> <span class='ocrx_word' id='word_1_33' title='bbox 422 716 608 795; x_wconf 86' lang='lat' dir='ltr'>obnoxium,</span> <span class='ocrx_word' id='word_1_34' title='bbox 632 715 690 782; x_wconf 91' lang='lat' dir='ltr'>sed</span> <span class='ocrx_word' id='word_1_35' title='bbox 711 715 805 781; x_wconf 83' lang='lat' dir='ltr'>etiam</span> <span class='ocrx_word' id='word_1_36' title='bbox 828 713 1015 781; x_wconf 85' lang='lat' dir='ltr'>offerentem</span> <span class='ocrx_word' id='word_1_37' title='bbox 1038 738 1089 796; x_wconf 91' lang='lat' dir='ltr'>se,</span> <span class='ocrx_word' id='word_1_38' title='bbox 1111 714 1234 783; x_wconf 85' lang='lat' dir='ltr'>Romani</span> 
     </span>
     <span class='ocr_line' id='line_1_6' title="bbox 210 808 1233 897; baseline -0.004 -17"><span class='ocrx_word' id='word_1_39' title='bbox 210 814 302 880; x_wconf 91' lang='lat' dir='ltr'>multi</span> <span class='ocrx_word' id='word_1_40' title='bbox 318 813 454 879; x_wconf 77' lang='lat' dir='ltr'>fuissent</span> <span class='ocrx_word' id='word_1_41' title='bbox 462 809 645 876; x_wconf 89' lang='lat' dir='ltr'>Alexandro</span> <span class='ocrx_word' id='word_1_42' title='bbox 658 808 710 875; x_wconf 87' lang='lat' dir='ltr'>vel</span> <span class='ocrx_word' id='word_1_43' title='bbox 727 809 828 896; x_wconf 90' lang='lat' dir='ltr'>gloria</span> <span class='ocrx_word' id='word_1_44' title='bbox 839 808 891 875; x_wconf 88' lang='lat' dir='ltr'>vel</span> <span class='ocrx_word' id='word_1_45' title='bbox 903 830 1011 875; x_wconf 90' lang='lat' dir='ltr'>rerum</span> <span class='ocrx_word' id='word_1_46' title='bbox 1029 809 1233 897; x_wconf 77' lang='lat' dir='ltr'>magnitudine</span> 
     </span>
     <span class='ocr_line' id='line_1_7' title="bbox 210 902 1234 996; baseline -0.004 -21"><span class='ocrx_word' id='word_1_47' title='bbox 210 929 317 996; x_wconf 88' lang='lat' dir='ltr'>pares,</span> <span class='ocrx_word' id='word_1_48' title='bbox 340 928 474 992; x_wconf 90' lang='lat' dir='ltr'>quorum</span> <span class='ocrx_word' id='word_1_49' title='bbox 498 927 555 971; x_wconf 92' lang='lat' dir='ltr'>suo</span> <span class='ocrx_word' id='word_1_50' title='bbox 577 904 710 989; x_wconf 89' lang='lat' dir='ltr'>quisque</span> <span class='ocrx_word' id='word_1_51' title='bbox 733 902 801 970; x_wconf 87' lang='lat' dir='ltr'>fato</span> <span class='ocrx_word' id='word_1_52' title='bbox 823 904 891 969; x_wconf 93' lang='lat' dir='ltr'>sine</span> <span class='ocrx_word' id='word_1_53' title='bbox 912 902 1044 990; x_wconf 91' lang='lat' dir='ltr'>publico</span> <span class='ocrx_word' id='word_1_54' title='bbox 1068 904 1234 973; x_wconf 68' lang='lat' dir='ltr'>discrimue</span> 
     </span>
     <span class='ocr_line' id='line_1_8' title="bbox 210 1004 592 1085; baseline -0.016 -15"><span class='ocrx_word' id='word_1_55' title='bbox 210 1004 332 1070; x_wconf 86' lang='lat' dir='ltr'>viveret</span> <span class='ocrx_word' id='word_1_56' title='bbox 348 1012 592 1085; x_wconf 78' lang='lat' dir='ltr'>monereturque.</span> 
     </span>
     <span class='ocr_line' id='line_1_9' title="bbox 179 1092 1235 1179; baseline -0.001 -19"><span class='ocrx_word' id='word_1_57' title='bbox 179 1112 193 1160; x_wconf 96' lang='lat'>1</span> <span class='ocrx_word' id='word_1_58' title='bbox 275 1094 425 1163; x_wconf 86' lang='lat' dir='ltr'>XVIIII.</span> <span class='ocrx_word' id='word_1_59' title='bbox 452 1094 574 1171; x_wconf 81' lang='lat' dir='ltr'>Restat,</span> <span class='ocrx_word' id='word_1_60' title='bbox 593 1103 628 1158; x_wconf 93' lang='lat' dir='ltr'>ut</span> <span class='ocrx_word' id='word_1_61' title='bbox 647 1092 756 1178; x_wconf 87' lang='lat' dir='ltr'>copiae</span> <span class='ocrx_word' id='word_1_62' title='bbox 774 1093 872 1179; x_wconf 86' lang='lat' dir='ltr'>copiis</span> <span class='ocrx_word' id='word_1_63' title='bbox 891 1102 1106 1178; x_wconf 89' lang='lat' dir='ltr'>conparentur</span> <span class='ocrx_word' id='word_1_64' title='bbox 1121 1092 1170 1161; x_wconf 83' lang='lat' dir='ltr'>vel</span> <span class='ocrx_word' id='word_1_65' title='bbox 1184 1116 1235 1159; x_wconf 92' lang='lat' dir='ltr'>nu·</span> 
     </span>
     <span class='ocr_line' id='line_1_10' title="bbox 178 1186 1234 1276; baseline 0.002 -23"><span class='ocrx_word' id='word_1_66' title='bbox 178 1205 193 1253; x_wconf 80' lang='lat'>2</span> <span class='ocrx_word' id='word_1_67' title='bbox 211 1214 298 1258; x_wconf 92' lang='lat' dir='ltr'>mero</span> <span class='ocrx_word' id='word_1_68' title='bbox 311 1191 363 1258; x_wconf 88' lang='lat' dir='ltr'>vcl</span> <span class='ocrx_word' id='word_1_69' title='bbox 380 1190 515 1257; x_wconf 89' lang='lat' dir='ltr'>militum</span> <span class='ocrx_word' id='word_1_70' title='bbox 532 1209 647 1276; x_wconf 88' lang='lat' dir='ltr'>genere</span> <span class='ocrx_word' id='word_1_71' title='bbox 661 1187 711 1252; x_wconf 84' lang='lat' dir='ltr'>vel</span> <span class='ocrx_word' id='word_1_72' title='bbox 729 1186 927 1254; x_wconf 90' lang='lat' dir='ltr'>multitudine</span> <span class='ocrx_word' id='word_1_73' title='bbox 946 1186 1149 1255; x_wconf 85' lang='lat' dir='ltr'>auxiliorum.</span> <span class='ocrx_word' id='word_1_74' title='bbox 1173 1210 1234 1255; x_wconf 86' lang='lat' dir='ltr'>ccu-</span> 
     </span>
     <span class='ocr_line' id='line_1_11' title="bbox 212 1283 1235 1373; baseline -0.003 -19"><span class='ocrx_word' id='word_1_75' title='bbox 212 1286 362 1354; x_wconf 90' lang='lat' dir='ltr'>scbantur</span> <span class='ocrx_word' id='word_1_76' title='bbox 392 1286 460 1352; x_wconf 87' lang='lat' dir='ltr'>eius</span> <span class='ocrx_word' id='word_1_77' title='bbox 487 1284 598 1350; x_wconf 86' lang='lat' dir='ltr'>aetatis</span> <span class='ocrx_word' id='word_1_78' title='bbox 623 1283 731 1349; x_wconf 86' lang='lat' dir='ltr'>lustris</span> <span class='ocrx_word' id='word_1_79' title='bbox 759 1284 881 1350; x_wconf 87' lang='lat' dir='ltr'>ducena</span> <span class='ocrx_word' id='word_1_80' title='bbox 906 1284 1138 1373; x_wconf 86' lang='lat' dir='ltr'>quinquagena</span> <span class='ocrx_word' id='word_1_81' title='bbox 1161 1285 1235 1351; x_wconf 81' lang='lat' dir='ltr'>milia</span> 
     </span>
     <span class='ocr_line' id='line_1_12' title="bbox 212 1376 1275 1479; baseline -0.003 -31"><span class='ocrx_word' id='word_1_82' title='bbox 212 1382 359 1469; x_wconf 86' lang='lat' dir='ltr'>capitum.</span> <span class='ocrx_word' id='word_1_83' title='bbox 394 1379 501 1464; x_wconf 89' lang='lat' dir='ltr'>itaque</span> <span class='ocrx_word' id='word_1_84' title='bbox 522 1379 556 1443; x_wconf 91' lang='lat' dir='ltr'>in</span> <span class='ocrx_word' id='word_1_85' title='bbox 578 1379 664 1444; x_wconf 89' lang='lat' dir='ltr'>omni</span> <span class='ocrx_word' id='word_1_86' title='bbox 686 1376 862 1444; x_wconf 86' lang='lat' dir='ltr'>defectione</span> <span class='ocrx_word' id='word_1_87' title='bbox 885 1378 1045 1445; x_wconf 87' lang='lat' dir='ltr'>sociorum</span> <span class='ocrx_word' id='word_1_88' title='bbox 1063 1380 1172 1447; x_wconf 90' lang='lat' dir='ltr'>Latini</span> <span class='ocrx_word' id='word_1_89' title='bbox 1185 1401 1235 1445; x_wconf 92' lang='lat' dir='ltr'>no·</span> <span class='ocrx_word' id='word_1_90' title='bbox 1272 1406 1275 1479; x_wconf 50' lang='grc' dir='ltr'>ἐ</span> 
     </span>
     <span class='ocr_line' id='line_1_13' title="bbox 211 1471 1232 1563; baseline -0.003 -22"><span class='ocrx_word' id='word_1_91' title='bbox 211 1473 305 1541; x_wconf 89' lang='lat' dir='ltr'>minis</span> <span class='ocrx_word' id='word_1_92' title='bbox 327 1473 447 1540; x_wconf 91' lang='lat' dir='ltr'>urbano</span> <span class='ocrx_word' id='word_1_93' title='bbox 470 1494 568 1559; x_wconf 87' lang='lat' dir='ltr'>prope</span> <span class='ocrx_word' id='word_1_94' title='bbox 590 1471 707 1538; x_wconf 88' lang='lat' dir='ltr'>dilectu</span> <span class='ocrx_word' id='word_1_95' title='bbox 729 1471 839 1537; x_wconf 90' lang='lat' dir='ltr'>decem</span> <span class='ocrx_word' id='word_1_96' title='bbox 858 1471 1082 1539; x_wconf 87' lang='lat' dir='ltr'>scribebantur</span> <span class='ocrx_word' id='word_1_97' title='bbox 1097 1474 1232 1563; x_wconf 84' lang='lat' dir='ltr'>legiones.</span> 
     </span>
     <span class='ocr_line' id='line_1_14' title="bbox 178 1567 1236 1655; baseline -0.001 -19"><span class='ocrx_word' id='word_1_98' title='bbox 178 1593 193 1642; x_wconf 82' lang='lat' dir='ltr'>a</span> <span class='ocrx_word' id='word_1_99' title='bbox 212 1569 355 1655; x_wconf 77' lang='lat' dir='ltr'>quaterni</span> <span class='ocrx_word' id='word_1_100' title='bbox 373 1567 522 1653; x_wconf 88' lang='lat' dir='ltr'>quinique</span> <span class='ocrx_word' id='word_1_101' title='bbox 541 1567 696 1633; x_wconf 85' lang='lat' dir='ltr'>exercitus</span> <span class='ocrx_word' id='word_1_102' title='bbox 716 1588 810 1654; x_wconf 88' lang='lat' dir='ltr'>saepe</span> <span class='ocrx_word' id='word_1_103' title='bbox 831 1588 960 1653; x_wconf 89' lang='lat' dir='ltr'>percos</span> <span class='ocrx_word' id='word_1_104' title='bbox 980 1590 1086 1635; x_wconf 90' lang='lat' dir='ltr'>annos</span> <span class='ocrx_word' id='word_1_105' title='bbox 1104 1569 1138 1634; x_wconf 92' lang='lat' dir='ltr'>in</span> <span class='ocrx_word' id='word_1_106' title='bbox 1153 1568 1236 1635; x_wconf 78' lang='lat' dir='ltr'>Etm-</span> 
     </span>
     <span class='ocr_line' id='line_1_15' title="bbox 210 1659 1235 1743; baseline 0.001 -14"><span class='ocrx_word' id='word_1_107' title='bbox 210 1665 271 1743; x_wconf 87' lang='lat' dir='ltr'>rio,</span> <span class='ocrx_word' id='word_1_108' title='bbox 293 1663 327 1727; x_wconf 91' lang='lat' dir='ltr'>in</span> <span class='ocrx_word' id='word_1_109' title='bbox 344 1662 481 1729; x_wconf 89' lang='lat' dir='ltr'>Umbria</span> <span class='ocrx_word' id='word_1_110' title='bbox 499 1659 600 1729; x_wconf 88' lang='lat' dir='ltr'>Gallis</span> <span class='ocrx_word' id='word_1_111' title='bbox 623 1660 767 1728; x_wconf 90' lang='lat' dir='ltr'>hostibus</span> <span class='ocrx_word' id='word_1_112' title='bbox 790 1660 959 1741; x_wconf 90' lang='lat' dir='ltr'>adiunctis,</span> <span class='ocrx_word' id='word_1_113' title='bbox 984 1663 1021 1728; x_wconf 90' lang='lat' dir='ltr'>in</span> <span class='ocrx_word' id='word_1_114' title='bbox 1043 1660 1190 1743; x_wconf 89' lang='lat' dir='ltr'>Samnio,</span> <span class='ocrx_word' id='word_1_115' title='bbox 1208 1663 1235 1729; x_wconf 89' lang='lat' dir='ltr'>in</span> 
     </span>
     <span class='ocr_line' id='line_1_16' title="bbox 175 1755 1236 1846; baseline -0.003 -18"><span class='ocrx_word' id='word_1_116' title='bbox 175 1787 194 1829; x_wconf 74' lang='lat' dir='ltr'>a</span> <span class='ocrx_word' id='word_1_117' title='bbox 211 1758 352 1824; x_wconf 89' lang='lat' dir='ltr'>Lucanis</span> <span class='ocrx_word' id='word_1_118' title='bbox 370 1757 521 1846; x_wconf 89' lang='lat' dir='ltr'>gerebant</span> <span class='ocrx_word' id='word_1_119' title='bbox 538 1757 670 1824; x_wconf 90' lang='lat' dir='ltr'>bellum:</span> <span class='ocrx_word' id='word_1_120' title='bbox 689 1756 820 1822; x_wconf 89' lang='lat' dir='ltr'>Latium</span> <span class='ocrx_word' id='word_1_121' title='bbox 834 1755 946 1823; x_wconf 89' lang='lat' dir='ltr'>deinde</span> <span class='ocrx_word' id='word_1_122' title='bbox 960 1779 1058 1824; x_wconf 90' lang='lat' dir='ltr'>omne</span> <span class='ocrx_word' id='word_1_123' title='bbox 1072 1781 1148 1825; x_wconf 91' lang='lat' dir='ltr'>cum</span> <span class='ocrx_word' id='word_1_124' title='bbox 1157 1756 1236 1825; x_wconf 84' lang='lat' dir='ltr'>Sabi·</span> 
     </span>
     <span class='ocr_line' id='line_1_17' title="bbox 211 1850 1235 1941; baseline -0.001 -21"><span class='ocrx_word' id='word_1_125' title='bbox 211 1855 261 1920; x_wconf 90' lang='lat' dir='ltr'>nis</span> <span class='ocrx_word' id='word_1_126' title='bbox 280 1853 454 1920; x_wconf 82' lang='lat' dir='ltr'>ctVolscis</span> <span class='ocrx_word' id='word_1_127' title='bbox 473 1864 504 1918; x_wconf 92' lang='lat' dir='ltr'>et</span> <span class='ocrx_word' id='word_1_128' title='bbox 521 1851 644 1938; x_wconf 87' lang='lat' dir='ltr'>Aequis</span> <span class='ocrx_word' id='word_1_129' title='bbox 664 1862 695 1919; x_wconf 89' lang='lat' dir='ltr'>et</span> <span class='ocrx_word' id='word_1_130' title='bbox 712 1853 799 1919; x_wconf 90' lang='lat' dir='ltr'>omni</span> <span class='ocrx_word' id='word_1_131' title='bbox 817 1850 995 1938; x_wconf 84' lang='lat' dir='ltr'>Campania</span> <span class='ocrx_word' id='word_1_132' title='bbox 1013 1862 1046 1918; x_wconf 91' lang='lat' dir='ltr'>et</span> <span class='ocrx_word' id='word_1_133' title='bbox 1064 1864 1156 1941; x_wconf 88' lang='lat' dir='ltr'>parte</span> <span class='ocrx_word' id='word_1_134' title='bbox 1166 1852 1235 1921; x_wconf 86' lang='lat' dir='ltr'>Urn-</span> 
     </span>
     <span class='ocr_line' id='line_1_18' title="bbox 210 1947 1234 2039; baseline 0.005 -24"><span class='ocrx_word' id='word_1_135' title='bbox 210 1949 298 2016; x_wconf 90' lang='lat' dir='ltr'>briae</span> <span class='ocrx_word' id='word_1_136' title='bbox 310 1949 519 2033; x_wconf 86' lang='lat' dir='ltr'>Etruriaeque</span> <span class='ocrx_word' id='word_1_137' title='bbox 537 1957 568 2014; x_wconf 92' lang='lat' dir='ltr'>et</span> <span class='ocrx_word' id='word_1_138' title='bbox 585 1947 768 2016; x_wconf 83' lang='lat' dir='ltr'>Picentibus</span> <span class='ocrx_word' id='word_1_139' title='bbox 787 1959 818 2016; x_wconf 91' lang='lat' dir='ltr'>et</span> <span class='ocrx_word' id='word_1_140' title='bbox 831 1947 949 2016; x_wconf 88' lang='lat' dir='ltr'>Marsis</span> <span class='ocrx_word' id='word_1_141' title='bbox 962 1949 1192 2039; x_wconf 87' lang='lat' dir='ltr'>Paelignisque</span> <span class='ocrx_word' id='word_1_142' title='bbox 1204 1972 1234 2019; x_wconf 79' lang='lat' dir='ltr'>ac</span> 
     </span>
     <span class='ocr_line' id='line_1_19' title="bbox 211 2041 1235 2128; baseline 0.003 -19"><span class='ocrx_word' id='word_1_143' title='bbox 211 2042 355 2109; x_wconf 88' lang='lat' dir='ltr'>Vestinis</span> <span class='ocrx_word' id='word_1_144' title='bbox 374 2052 468 2128; x_wconf 89' lang='lat' dir='ltr'>atque</span> <span class='ocrx_word' id='word_1_145' title='bbox 484 2041 617 2128; x_wconf 90' lang='lat' dir='ltr'>Apulis,</span> <span class='ocrx_word' id='word_1_146' title='bbox 640 2043 789 2110; x_wconf 86' lang='lat' dir='ltr'>adiuncta</span> <span class='ocrx_word' id='word_1_147' title='bbox 806 2044 892 2110; x_wconf 90' lang='lat' dir='ltr'>omni</span> <span class='ocrx_word' id='word_1_148' title='bbox 909 2067 965 2111; x_wconf 90' lang='lat' dir='ltr'>ora</span> <span class='ocrx_word' id='word_1_149' title='bbox 984 2042 1185 2114; x_wconf 83' lang='lat' dir='ltr'>Graecorum</span> <span class='ocrx_word' id='word_1_150' title='bbox 1197 2044 1235 2112; x_wconf 91' lang='lat' dir='ltr'>iu·</span> 
     </span>
     <span class='ocr_line' id='line_1_20' title="bbox 211 2134 1234 2224; baseline 0.006 -22"><span class='ocrx_word' id='word_1_151' title='bbox 211 2137 271 2204; x_wconf 87' lang='lat' dir='ltr'>feri</span> <span class='ocrx_word' id='word_1_152' title='bbox 287 2137 382 2203; x_wconf 87' lang='lat' dir='ltr'>maris</span> <span class='ocrx_word' id='word_1_153' title='bbox 401 2160 421 2204; x_wconf 89' lang='lat' dir='ltr'>a</span> <span class='ocrx_word' id='word_1_154' title='bbox 434 2135 561 2203; x_wconf 81' lang='lat' dir='ltr'>Thuriis</span> <span class='ocrx_word' id='word_1_155' title='bbox 575 2136 731 2224; x_wconf 87' lang='lat' dir='ltr'>Neapolin</span> <span class='ocrx_word' id='word_1_156' title='bbox 749 2147 780 2204; x_wconf 90' lang='lat' dir='ltr'>et</span> <span class='ocrx_word' id='word_1_157' title='bbox 794 2134 925 2217; x_wconf 82' lang='lat' dir='ltr'>Cumas,</span> <span class='ocrx_word' id='word_1_158' title='bbox 944 2148 977 2205; x_wconf 90' lang='lat' dir='ltr'>et</span> <span class='ocrx_word' id='word_1_159' title='bbox 993 2140 1071 2208; x_wconf 89' lang='lat' dir='ltr'>iude</span> <span class='ocrx_word' id='word_1_160' title='bbox 1083 2139 1183 2208; x_wconf 89' lang='lat' dir='ltr'>Antio</span> <span class='ocrx_word' id='word_1_161' title='bbox 1197 2150 1234 2207; x_wconf 81' lang='lat' dir='ltr'>st·</span> 
     </span>
     <span class='ocr_line' id='line_1_21' title="bbox 212 2229 1233 2321; baseline 0.006 -23"><span class='ocrx_word' id='word_1_162' title='bbox 212 2254 275 2318; x_wconf 91' lang='lat' dir='ltr'>que</span> <span class='ocrx_word' id='word_1_163' title='bbox 294 2229 396 2300; x_wconf 89' lang='lat' dir='ltr'>Ostiis</span> <span class='ocrx_word' id='word_1_164' title='bbox 414 2240 505 2298; x_wconf 90' lang='lat' dir='ltr'>tenus</span> <span class='ocrx_word' id='word_1_165' title='bbox 524 2230 728 2321; x_wconf 89' lang='lat' dir='ltr'>(Samnites),</span> <span class='ocrx_word' id='word_1_166' title='bbox 752 2245 807 2300; x_wconf 93' lang='lat' dir='ltr'>aut</span> <span class='ocrx_word' id='word_1_167' title='bbox 829 2235 931 2301; x_wconf 89' lang='lat' dir='ltr'>socios</span> <span class='ocrx_word' id='word_1_168' title='bbox 949 2234 1077 2304; x_wconf 82' lang='lat' dir='ltr'>validos</span> <span class='ocrx_word' id='word_1_169' title='bbox 1095 2234 1233 2306; x_wconf 80' lang='lat' dir='ltr'>Romanis</span> 
     </span>
     <span class='ocr_line' id='line_1_22' title="bbox 177 2326 1233 2416; baseline 0.003 -20"><span class='ocrx_word' id='word_1_170' title='bbox 177 2336 267 2396; x_wconf 73' lang='lat' dir='ltr'>aaut</span> <span class='ocrx_word' id='word_1_171' title='bbox 284 2328 401 2394; x_wconf 80' lang='lat' dir='ltr'>fractos</span> <span class='ocrx_word' id='word_1_172' title='bbox 419 2326 502 2394; x_wconf 91' lang='lat' dir='ltr'>bello</span> <span class='ocrx_word' id='word_1_173' title='bbox 523 2327 697 2394; x_wconf 88' lang='lat' dir='ltr'>invenisset</span> <span class='ocrx_word' id='word_1_174' title='bbox 716 2329 834 2396; x_wconf 87' lang='lat' dir='ltr'>hostes.</span> <span class='ocrx_word' id='word_1_175' title='bbox 869 2329 938 2416; x_wconf 90' lang='lat' dir='ltr'>ipse</span> <span class='ocrx_word' id='word_1_176' title='bbox 960 2331 1142 2400; x_wconf 89' lang='lat' dir='ltr'>traiecisset</span> <span class='ocrx_word' id='word_1_177' title='bbox 1162 2350 1233 2399; x_wconf 82' lang='lat' dir='ltr'>marc</span> 
     </span>
     <span class='ocr_line' id='line_1_23' title="bbox 211 2421 1233 2514; baseline 0.005 -25"><span class='ocrx_word' id='word_1_178' title='bbox 211 2445 284 2489; x_wconf 91' lang='lat' dir='ltr'>cum</span> <span class='ocrx_word' id='word_1_179' title='bbox 301 2424 456 2490; x_wconf 85' lang='lat' dir='ltr'>veteranis</span> <span class='ocrx_word' id='word_1_180' title='bbox 470 2421 710 2504; x_wconf 83' lang='lat' dir='ltr'>Macedonibus,</span> <span class='ocrx_word' id='word_1_181' title='bbox 724 2448 788 2492; x_wconf 93' lang='lat' dir='ltr'>non</span> <span class='ocrx_word' id='word_1_182' title='bbox 805 2426 877 2513; x_wconf 91' lang='lat' dir='ltr'>plus</span> <span class='ocrx_word' id='word_1_183' title='bbox 895 2426 1025 2514; x_wconf 86' lang='lat' dir='ltr'>triginta</span> <span class='ocrx_word' id='word_1_184' title='bbox 1042 2429 1172 2497; x_wconf 91' lang='lat' dir='ltr'>milibus</span> <span class='ocrx_word' id='word_1_185' title='bbox 1187 2428 1233 2494; x_wconf 90' lang='lat' dir='ltr'>ho·</span> 
     </span>
     <span class='ocr_line' id='line_1_24' title="bbox 210 2518 1232 2605; baseline 0.003 -22"><span class='ocrx_word' id='word_1_186' title='bbox 210 2518 340 2597; x_wconf 90' lang='lat' dir='ltr'>minum,</span> <span class='ocrx_word' id='word_1_187' title='bbox 356 2528 387 2584; x_wconf 87' lang='lat' dir='ltr'>et</span> <span class='ocrx_word' id='word_1_188' title='bbox 399 2527 546 2603; x_wconf 90' lang='lat' dir='ltr'>quattuor</span> <span class='ocrx_word' id='word_1_189' title='bbox 558 2518 685 2585; x_wconf 91' lang='lat' dir='ltr'>milibus</span> <span class='ocrx_word' id='word_1_190' title='bbox 699 2521 840 2605; x_wconf 90' lang='lat' dir='ltr'>equitum</span> <span class='ocrx_word' id='word_1_191' title='bbox 853 2521 991 2588; x_wconf 88' lang='lat' dir='ltr'>maxime</span> <span class='ocrx_word' id='word_1_192' title='bbox 1002 2522 1232 2592; x_wconf 81' lang='lat' dir='ltr'>Thessalorum:</span> 
     </span>
     <span class='ocr_line' id='line_1_25' title="bbox 211 2611 1232 2701; baseline 0.009 -24"><span class='ocrx_word' id='word_1_193' title='bbox 211 2611 272 2679; x_wconf 93' lang='lat' dir='ltr'>hoc</span> <span class='ocrx_word' id='word_1_194' title='bbox 290 2612 374 2678; x_wconf 91' lang='lat' dir='ltr'>enim</span> <span class='ocrx_word' id='word_1_195' title='bbox 390 2612 512 2679; x_wconf 89' lang='lat' dir='ltr'>roboris</span> <span class='ocrx_word' id='word_1_196' title='bbox 531 2623 606 2679; x_wconf 87' lang='lat' dir='ltr'>erat</span> <span class='ocrx_word' id='word_1_197' title='bbox 631 2612 757 2693; x_wconf 88' lang='lat' dir='ltr'>Persas,</span> <span class='ocrx_word' id='word_1_198' title='bbox 773 2615 872 2682; x_wconf 91' lang='lat' dir='ltr'>Indos</span> <span class='ocrx_word' id='word_1_199' title='bbox 886 2615 1028 2701; x_wconf 88' lang='lat' dir='ltr'>aliasque</span> <span class='ocrx_word' id='word_1_200' title='bbox 1043 2619 1073 2684; x_wconf 92' lang='lat' dir='ltr'>si</span> <span class='ocrx_word' id='word_1_201' title='bbox 1087 2617 1232 2685; x_wconf 85' lang='lat' dir='ltr'>adiunxis-</span> 
     </span>
     <span class='ocr_line' id='line_1_26' title="bbox 212 2707 1231 2794; baseline 0.007 -21"><span class='ocrx_word' id='word_1_202' title='bbox 212 2716 260 2773; x_wconf 90' lang='lat' dir='ltr'>set</span> <span class='ocrx_word' id='word_1_203' title='bbox 276 2716 401 2794; x_wconf 90' lang='lat' dir='ltr'>gentes,</span> <span class='ocrx_word' id='word_1_204' title='bbox 424 2707 674 2793; x_wconf 89' lang='lat' dir='ltr'>inpedimentum</span> <span class='ocrx_word' id='word_1_205' title='bbox 692 2709 793 2775; x_wconf 89' lang='lat' dir='ltr'>maius</span> <span class='ocrx_word' id='word_1_206' title='bbox 812 2731 908 2794; x_wconf 92' lang='lat' dir='ltr'>quam</span> <span class='ocrx_word' id='word_1_207' title='bbox 926 2710 1084 2778; x_wconf 83' lang='lat' dir='ltr'>auxilium</span> <span class='ocrx_word' id='word_1_208' title='bbox 1102 2713 1231 2780; x_wconf 74' lang='lat' dir='ltr'>nahem</span> 
     </span>
     <span class='ocr_line' id='line_1_27' title="bbox 177 2799 1231 2892; baseline 0.01 -31"><span class='ocrx_word' id='word_1_209' title='bbox 177 2813 192 2861; x_wconf 83' lang='lat' dir='ltr'>t</span> <span class='ocrx_word' id='word_1_210' title='bbox 210 2799 301 2877; x_wconf 89' lang='lat' dir='ltr'>adde,</span> <span class='ocrx_word' id='word_1_211' title='bbox 315 2800 401 2884; x_wconf 92' lang='lat' dir='ltr'>quod</span> <span class='ocrx_word' id='word_1_212' title='bbox 409 2799 561 2867; x_wconf 87' lang='lat' dir='ltr'>Romanis</span> <span class='ocrx_word' id='word_1_213' title='bbox 575 2802 616 2867; x_wconf 90' lang='lat' dir='ltr'>ad</span> <span class='ocrx_word' id='word_1_214' title='bbox 629 2826 758 2868; x_wconf 91' lang='lat' dir='ltr'>manum</span> <span class='ocrx_word' id='word_1_215' title='bbox 772 2803 858 2870; x_wconf 90' lang='lat' dir='ltr'>domi</span> <span class='ocrx_word' id='word_1_216' title='bbox 876 2805 1136 2892; x_wconf 90' lang='lat' dir='ltr'>supplementum</span> <span class='ocrx_word' id='word_1_217' title='bbox 1152 2814 1231 2884; x_wconf 74' lang='lat' dir='ltr'>esset.</span> 
     </span>
     <span class='ocr_line' id='line_1_28' title="bbox 209 2892 1231 2988; baseline 0.012 -31"><span class='ocrx_word' id='word_1_218' title='bbox 209 2892 406 2972; x_wconf 88' lang='lat' dir='ltr'>Alexandro,</span> <span class='ocrx_word' id='word_1_219' title='bbox 426 2895 511 2978; x_wconf 92' lang='lat' dir='ltr'>quod</span> <span class='ocrx_word' id='word_1_220' title='bbox 527 2906 639 2981; x_wconf 90' lang='lat' dir='ltr'>postea</span> <span class='ocrx_word' id='word_1_221' title='bbox 656 2896 830 2964; x_wconf 86' lang='lat' dir='ltr'>Hannibali</span> <span class='ocrx_word' id='word_1_222' title='bbox 847 2899 975 2978; x_wconf 90' lang='lat' dir='ltr'>accidit,</span> <span class='ocrx_word' id='word_1_223' title='bbox 995 2898 1103 2969; x_wconf 88' lang='lat' dir='ltr'>alieno</span> <span class='ocrx_word' id='word_1_224' title='bbox 1120 2903 1154 2968; x_wconf 93' lang='lat' dir='ltr'>in</span> <span class='ocrx_word' id='word_1_225' title='bbox 1168 2918 1231 2988; x_wconf 81' lang='lat' dir='ltr'>agro</span> 
     </span>
     <span class='ocr_line' id='line_1_29' title="bbox 177 2987 1230 3082; baseline 0.006 -29"><span class='ocrx_word' id='word_1_226' title='bbox 177 3003 191 3047; x_wconf 82' lang='lat'>⁷</span> <span class='ocrx_word' id='word_1_227' title='bbox 210 2987 340 3054; x_wconf 89' lang='lat' dir='ltr'>bellanti</span> <span class='ocrx_word' id='word_1_228' title='bbox 358 2990 513 3056; x_wconf 89' lang='lat' dir='ltr'>exercitus</span> <span class='ocrx_word' id='word_1_229' title='bbox 533 2993 758 3059; x_wconf 86' lang='lat' dir='ltr'>consenuisset.</span> <span class='ocrx_word' id='word_1_230' title='bbox 794 3017 891 3073; x_wconf 75' lang='lat' dir='ltr'>arma</span> <span class='ocrx_word' id='word_1_231' title='bbox 910 2993 1044 3082; x_wconf 88' lang='lat' dir='ltr'>clupeus</span> <span class='ocrx_word' id='word_1_232' title='bbox 1065 2998 1230 3081; x_wconf 81' lang='lat' dir='ltr'>sarisaeque</span> 
     </span>
     <span class='ocr_line' id='line_1_30' title="bbox 209 3082 1231 3179; baseline 0.007 -30"><span class='ocrx_word' id='word_1_233' title='bbox 209 3084 272 3151; x_wconf 89' lang='lat' dir='ltr'>illis</span> <span class='ocrx_word' id='word_1_234' title='bbox 291 3082 338 3166; x_wconf 88' lang='lat' dir='ltr'>(id</span> <span class='ocrx_word' id='word_1_235' title='bbox 356 3096 405 3150; x_wconf 88' lang='lat' dir='ltr'>est</span> <span class='ocrx_word' id='word_1_236' title='bbox 421 3084 557 3172; x_wconf 87' lang='lat' dir='ltr'>hastae),</span> <span class='ocrx_word' id='word_1_237' title='bbox 572 3085 717 3152; x_wconf 88' lang='lat' dir='ltr'>Romano</span> <span class='ocrx_word' id='word_1_238' title='bbox 737 3097 870 3167; x_wconf 90' lang='lat' dir='ltr'>scutum,</span> <span class='ocrx_word' id='word_1_239' title='bbox 889 3088 993 3154; x_wconf 88' lang='lat' dir='ltr'>maius</span> <span class='ocrx_word' id='word_1_240' title='bbox 1013 3092 1142 3179; x_wconf 88' lang='lat' dir='ltr'>corpori</span> <span class='ocrx_word' id='word_1_241' title='bbox 1157 3101 1231 3177; x_wconf 79' lang='lat' dir='ltr'>tegn-</span> 
     </span>
     <span class='ocr_line' id='line_1_31' title="bbox 210 3180 1231 3269; baseline 0.009 -24"><span class='ocrx_word' id='word_1_242' title='bbox 210 3189 365 3259; x_wconf 89' lang='lat' dir='ltr'>mentum,</span> <span class='ocrx_word' id='word_1_243' title='bbox 389 3190 420 3246; x_wconf 93' lang='lat' dir='ltr'>et</span> <span class='ocrx_word' id='word_1_244' title='bbox 441 3181 555 3267; x_wconf 91' lang='lat' dir='ltr'>pilum,</span> <span class='ocrx_word' id='word_1_245' title='bbox 578 3180 664 3247; x_wconf 91' lang='lat' dir='ltr'>haud</span> <span class='ocrx_word' id='word_1_246' title='bbox 685 3182 780 3269; x_wconf 89' lang='lat' dir='ltr'>paulo</span> <span class='ocrx_word' id='word_1_247' title='bbox 798 3204 894 3269; x_wconf 89' lang='lat' dir='ltr'>quam</span> <span class='ocrx_word' id='word_1_248' title='bbox 915 3183 1010 3250; x_wconf 86' lang='lat' dir='ltr'>hasta</span> <span class='ocrx_word' id='word_1_249' title='bbox 1026 3185 1231 3253; x_wconf 79' lang='lat' dir='ltr'>vehementius</span> 
     </span>
     <span class='ocr_line' id='line_1_32' title="bbox 175 3275 1230 3362; baseline 0.004 -20"><span class='ocrx_word' id='word_1_250' title='bbox 175 3292 191 3342; x_wconf 84' lang='lat'>8</span> <span class='ocrx_word' id='word_1_251' title='bbox 210 3275 274 3339; x_wconf 89' lang='lat' dir='ltr'>ictu</span> <span class='ocrx_word' id='word_1_252' title='bbox 291 3275 454 3359; x_wconf 89' lang='lat' dir='ltr'>missuque</span> <span class='ocrx_word' id='word_1_253' title='bbox 472 3275 578 3343; x_wconf 87' lang='lat' dir='ltr'>telum.</span> <span class='ocrx_word' id='word_1_254' title='bbox 611 3277 757 3343; x_wconf 89' lang='lat' dir='ltr'>statarius</span> <span class='ocrx_word' id='word_1_255' title='bbox 776 3287 907 3362; x_wconf 91' lang='lat' dir='ltr'>uterque</span> <span class='ocrx_word' id='word_1_256' title='bbox 923 3277 1017 3345; x_wconf 91' lang='lat' dir='ltr'>miles</span> <span class='ocrx_word' id='word_1_257' title='bbox 1036 3282 1165 3348; x_wconf 90' lang='lat' dir='ltr'>ordines</span> <span class='ocrx_word' id='word_1_258' title='bbox 1180 3300 1230 3346; x_wconf 83' lang='lat' dir='ltr'>scr·</span> 
     </span>
     <span class='ocr_line' id='line_1_33' title="bbox 209 3369 1230 3459; baseline 0.01 -26"><span class='ocrx_word' id='word_1_259' title='bbox 209 3392 302 3434; x_wconf 83' lang='lat' dir='ltr'>vans:</span> <span class='ocrx_word' id='word_1_260' title='bbox 322 3370 379 3435; x_wconf 88' lang='lat' dir='ltr'>sed</span> <span class='ocrx_word' id='word_1_261' title='bbox 395 3370 449 3435; x_wconf 90' lang='lat' dir='ltr'>illa</span> <span class='ocrx_word' id='word_1_262' title='bbox 465 3369 603 3457; x_wconf 85' lang='lat' dir='ltr'>phalanx</span> <span class='ocrx_word' id='word_1_263' title='bbox 620 3369 778 3438; x_wconf 92' lang='lat' dir='ltr'>inmobilis</span> <span class='ocrx_word' id='word_1_264' title='bbox 792 3372 929 3438; x_wconf 90' lang='lat' dir='ltr'>etunius</span> <span class='ocrx_word' id='word_1_265' title='bbox 945 3374 1090 3459; x_wconf 89' lang='lat' dir='ltr'>generis,</span> <span class='ocrx_word' id='word_1_266' title='bbox 1105 3376 1230 3443; x_wconf 78' lang='lat' dir='ltr'>Romam</span> 
     </span>
     <span class='ocr_line' id='line_1_34' title="bbox 210 3460 1229 3557; baseline 0.013 -32"><span class='ocrx_word' id='word_1_267' title='bbox 210 3460 294 3526; x_wconf 88' lang='lat' dir='ltr'>acies</span> <span class='ocrx_word' id='word_1_268' title='bbox 311 3460 495 3543; x_wconf 86' lang='lat' dir='ltr'>distinctior,</span> <span class='ocrx_word' id='word_1_269' title='bbox 510 3464 706 3550; x_wconf 87' lang='lat' dir='ltr'>expluribus</span> <span class='ocrx_word' id='word_1_270' title='bbox 724 3465 866 3552; x_wconf 88' lang='lat' dir='ltr'>partibus</span> <span class='ocrx_word' id='word_1_271' title='bbox 881 3476 1042 3546; x_wconf 82' lang='lat' dir='ltr'>constane,</span> <span class='ocrx_word' id='word_1_272' title='bbox 1058 3468 1163 3537; x_wconf 82' lang='lat' dir='ltr'>facilis</span> <span class='ocrx_word' id='word_1_273' title='bbox 1172 3486 1229 3557; x_wconf 73' lang='lat' dir='ltr'>par·</span> 
     </span>
     <span class='ocr_line' id='line_1_35' title="bbox 176 3552 1232 3649; baseline 0.015 -33"><span class='ocrx_word' id='word_1_274' title='bbox 176 3568 191 3615; x_wconf 80' lang='grc'>9</span> <span class='ocrx_word' id='word_1_275' title='bbox 210 3552 299 3619; x_wconf 91' lang='lat' dir='ltr'>tienti</span> <span class='ocrx_word' id='word_1_276' title='bbox 311 3577 509 3641; x_wconf 91' lang='lat' dir='ltr'>quacumque</span> <span class='ocrx_word' id='word_1_277' title='bbox 523 3581 603 3645; x_wconf 90' lang='lat' dir='ltr'>opus</span> <span class='ocrx_word' id='word_1_278' title='bbox 617 3568 711 3639; x_wconf 87' lang='lat' dir='ltr'>esset,</span> <span class='ocrx_word' id='word_1_279' title='bbox 725 3559 828 3627; x_wconf 80' lang='lat' dir='ltr'>facilis</span> <span class='ocrx_word' id='word_1_280' title='bbox 841 3559 997 3649; x_wconf 90' lang='lat' dir='ltr'>iungenti.</span> <span class='ocrx_word' id='word_1_281' title='bbox 1024 3561 1094 3630; x_wconf 87' lang='lat' dir='ltr'>iarn</span> <span class='ocrx_word' id='word_1_282' title='bbox 1107 3564 1141 3630; x_wconf 91' lang='lat' dir='ltr'>in</span> <span class='ocrx_word' id='word_1_283' title='bbox 1152 3576 1232 3649; x_wconf 69' lang='lat' dir='ltr'>epm</span> 
     </span>
     <span class='ocr_line' id='line_1_36' title="bbox 209 3648 1229 3738; baseline 0.008 -25"><span class='ocrx_word' id='word_1_284' title='bbox 209 3648 280 3733; x_wconf 87' lang='lat' dir='ltr'>quis</span> <span class='ocrx_word' id='word_1_285' title='bbox 298 3671 357 3736; x_wconf 88' lang='lat' dir='ltr'>par</span> <span class='ocrx_word' id='word_1_286' title='bbox 372 3649 516 3719; x_wconf 88' lang='lat' dir='ltr'>Romano</span> <span class='ocrx_word' id='word_1_287' title='bbox 534 3653 635 3733; x_wconf 87' lang='lat' dir='ltr'>miles,</span> <span class='ocrx_word' id='word_1_288' title='bbox 654 3655 725 3738; x_wconf 91' lang='lat' dir='ltr'>quis</span> <span class='ocrx_word' id='word_1_289' title='bbox 744 3654 786 3720; x_wconf 89' lang='lat' dir='ltr'>ad</span> <span class='ocrx_word' id='word_1_290' title='bbox 803 3653 1002 3721; x_wconf 89' lang='lat' dir='ltr'>tolerandum</span> <span class='ocrx_word' id='word_1_291' title='bbox 1018 3656 1163 3726; x_wconf 87' lang='lat' dir='ltr'>laborem</span> <span class='ocrx_word' id='word_1_292' title='bbox 1177 3674 1229 3721; x_wconf 84' lang='lat' dir='ltr'>me·</span> 
     </span>
     <span class='ocr_line' id='line_1_37' title="bbox 208 3743 1227 3834; baseline 0.007 -24"><span class='ocrx_word' id='word_1_293' title='bbox 208 3743 286 3811; x_wconf 83' lang='lat' dir='ltr'>lior?</span> <span class='ocrx_word' id='word_1_294' title='bbox 306 3767 369 3812; x_wconf 92' lang='lat' dir='ltr'>uno</span> <span class='ocrx_word' id='word_1_295' title='bbox 386 3748 505 3834; x_wconf 91' lang='lat' dir='ltr'>proelio</span> <span class='ocrx_word' id='word_1_296' title='bbox 524 3749 625 3815; x_wconf 89' lang='lat' dir='ltr'>victus</span> <span class='ocrx_word' id='word_1_297' title='bbox 637 3748 820 3816; x_wconf 84' lang='lat' dir='ltr'>Alexander</span> <span class='ocrx_word' id='word_1_298' title='bbox 836 3749 920 3816; x_wconf 94' lang='lat' dir='ltr'>bello</span> <span class='ocrx_word' id='word_1_299' title='bbox 937 3749 1043 3818; x_wconf 89' lang='lat' dir='ltr'>victus</span> <span class='ocrx_word' id='word_1_300' title='bbox 1064 3762 1162 3821; x_wconf 81' lang='lat' dir='ltr'>esset:</span> <span class='ocrx_word' id='word_1_301' title='bbox 1176 3748 1227 3817; x_wconf 83' lang='lat' dir='ltr'>lic·</span> 
     </span>
     <span class='ocr_line' id='line_1_38' title="bbox 208 3842 1226 3933; baseline 0.004 -28"><span class='ocrx_word' id='word_1_302' title='bbox 208 3863 347 3920; x_wconf 91' lang='lat' dir='ltr'>manum,</span> <span class='ocrx_word' id='word_1_303' title='bbox 361 3864 455 3928; x_wconf 90' lang='lat' dir='ltr'>quem</span> <span class='ocrx_word' id='word_1_304' title='bbox 466 3842 633 3923; x_wconf 85' lang='lat' dir='ltr'>Caudium,</span> <span class='ocrx_word' id='word_1_305' title='bbox 648 3866 742 3930; x_wconf 90' lang='lat' dir='ltr'>quem</span> <span class='ocrx_word' id='word_1_306' title='bbox 752 3843 883 3912; x_wconf 81' lang='lat' dir='ltr'>Cannae</span> <span class='ocrx_word' id='word_1_307' title='bbox 895 3866 960 3910; x_wconf 92' lang='lat' dir='ltr'>non</span> <span class='ocrx_word' id='word_1_308' title='bbox 973 3845 1150 3933; x_wconf 82' lang='lat' dir='ltr'>fiegemnt,</span> <span class='ocrx_word' id='word_1_309' title='bbox 1161 3858 1226 3931; x_wconf 74' lang='lat' dir='ltr'>quat</span> 
     </span>
     <span class='ocr_line' id='line_1_39' title="bbox 158 3935 1225 4030; baseline 0.009 -30"><span class='ocrx_word' id='word_1_310' title='bbox 158 3946 191 3994; x_wconf 89' lang='lat'>10</span> <span class='ocrx_word' id='word_1_311' title='bbox 209 3935 357 4024; x_wconf 84' lang='lat' dir='ltr'>fregisset</span> <span class='ocrx_word' id='word_1_312' title='bbox 379 3937 487 4004; x_wconf 87' lang='lat' dir='ltr'>acies?</span> <span class='ocrx_word' id='word_1_313' title='bbox 521 3962 560 4006; x_wconf 92' lang='lat' dir='ltr'>ne</span> <span class='ocrx_word' id='word_1_314' title='bbox 583 3940 635 4006; x_wconf 92' lang='lat' dir='ltr'>ille</span> <span class='ocrx_word' id='word_1_315' title='bbox 659 3962 768 4028; x_wconf 84' lang='lat' dir='ltr'>saepe,</span> <span class='ocrx_word' id='word_1_316' title='bbox 797 3941 892 4007; x_wconf 91' lang='lat' dir='ltr'>etiam</span> <span class='ocrx_word' id='word_1_317' title='bbox 914 3940 942 4007; x_wconf 89' lang='lat' dir='ltr'>si</span> <span class='ocrx_word' id='word_1_318' title='bbox 963 3941 1070 4028; x_wconf 88' lang='lat' dir='ltr'>prima</span> <span class='ocrx_word' id='word_1_319' title='bbox 1094 3952 1225 4030; x_wconf 59' lang='lat' dir='ltr'>prosperi</span> 
     </span>
     <span class='ocr_line' id='line_1_40' title="bbox 209 4032 1222 4124; baseline 0.003 -25"><span class='ocrx_word' id='word_1_320' title='bbox 209 4033 400 4115; x_wconf 86' lang='lat' dir='ltr'>evenissent,</span> <span class='ocrx_word' id='word_1_321' title='bbox 418 4032 534 4103; x_wconf 88' lang='lat' dir='ltr'>Persas</span> <span class='ocrx_word' id='word_1_322' title='bbox 554 4046 585 4102; x_wconf 91' lang='lat' dir='ltr'>et</span> <span class='ocrx_word' id='word_1_323' title='bbox 602 4036 699 4103; x_wconf 91' lang='lat' dir='ltr'>Indos</span> <span class='ocrx_word' id='word_1_324' title='bbox 718 4046 749 4103; x_wconf 91' lang='lat' dir='ltr'>et</span> <span class='ocrx_word' id='word_1_325' title='bbox 766 4036 914 4104; x_wconf 88' lang='lat' dir='ltr'>inbellem</span> <span class='ocrx_word' id='word_1_326' title='bbox 932 4034 1048 4104; x_wconf 85' lang='lat' dir='ltr'>Asiam</span> <span class='ocrx_word' id='word_1_327' title='bbox 1066 4034 1222 4124; x_wconf 70' lang='lat' dir='ltr'>quaesisset</span> 
     </span>
    </p>
   </div>
   <div class='ocr_carea' id='block_1_3' title="bbox 0 0 1288 4524">
    <p class='ocr_par' dir='ltr' id='par_1_3' title="bbox 0 0 1288 4524">
     <span class='ocr_line' id='line_1_41' title="bbox 0 0 1288 4524; baseline 0 0"><span class='ocrx_word' id='word_1_328' title='bbox 0 0 1288 4524; x_wconf 95' lang='lat' dir='ltr'> </span> 
     </span>
    </p>
   </div>
  </div>
 </body>
</html>
