2566 4524
137 229 200 295 194
407 242 525 297 LIBER
542 241 614 312 1111,
633 240 657 294 1.
672 240 697 294 2.
717 239 901 310 [anema]

520 716 637 799 ΤΙΤΙ
662 715 787 798 LIVI

385 909 454 968 aa
483 909 628 969 vanu
662 906 917 969 conurrn

535 1131 664 1190 LIBER
685 1130 762 1189 1111.

100 1279 115 1326 1
198 1248 226 1313 Ι.
266 1248 338 1313 Hos
362 1247 461 1312 secuti
482 1245 530 1310 Μ.
554 1243 717 1311 Genucius
740 1255 771 1310 et
794 1243 833 1311 0.
857 1243 989 1310 Curtius
1012 1243 1143 1312 mucules

134 1344 196 1409 fuit
217 1367 318 1409 annus
342 1343 427 1408 domi
444 1342 584 1425 forisque
602 1340 745 1405 infestus.
781 1363 856 1404 nam
873 1339 948 1404 anni
965 1340 1146 1426 principioet

135 1440 175 1503 de
194 1439 329 1503 conubio
346 1447 471 1522 patrum
489 1447 520 1500 et
537 1435 639 1521 plebis
659 1433 697 1500 C.
713 1433 885 1500 Canuleius
904 1434 1049 1501 tribunus
1065 1434 1147 1523 plebis

99 1553 116 1600 2
134 1533 329 1618 rogationem
338 1530 559 1616 promulgavit,
579 1552 642 1613 qua
655 1530 860 1595 contaminari
873 1531 1063 1616 sanguinem
1075 1552 1150 1597 suun
1187 1534 1191 1567 ¹

133 1637 240 1713 patres
255 1626 468 1708 confundique
481 1625 550 1689 iura
563 1625 705 1710 gentium
718 1624 875 1702 rebantur,
894 1636 926 1689 et
938 1627 1059 1691 mentio
1067 1627 1149 1713 primo

136 1721 255 1786 sensim
276 1721 374 1786 inlata
396 1744 415 1785 a
437 1719 583 1797 tribunis,
613 1729 647 1783 nt
669 1719 802 1784 alterum
824 1742 864 1784 ex
884 1720 979 1806 plebe
1006 1720 1152 1787 consulem

135 1815 243 1880 liceret
265 1815 346 1893 fieri,
375 1837 412 1880 eo
434 1815 588 1900 processit
614 1813 741 1891 deinde,
769 1822 804 1876 ut
829 1813 1028 1900 rogationem
1055 1836 1153 1881 novem

133 1911 251 1975 tribuni
276 1910 525 1995 promulgarent,
557 1919 592 1973 ut
617 1909 734 1996 populo
760 1920 900 1994 potestas
927 1921 1013 1976 esset
1040 1934 1096 1977 seu
1122 1909 1154 1973 (le

99 2026 115 2074 3
132 2003 225 2091 plebe
244 2026 300 2068 seu
318 2005 358 2068 de
375 2003 517 2088 patribus
536 2004 629 2068 vellet
646 2003 791 2069 consules
809 2003 955 2069 faciendi.
995 2005 1031 2071 id
1048 2001 1154 2071 verosi

132 2099 234 2176 fieret,
253 2121 316 2162 non
333 2098 454 2184 volgari
472 2098 566 2163 modo
585 2122 657 2163 eum
673 2098 804 2177 infimis,
827 2098 884 2162 sed
901 2121 1034 2184 prorsus
1053 2096 1155 2165 auferri

133 2217 153 2256 a
177 2192 368 2278 primoribus
395 2193 436 2257 ad
460 2191 586 2278 plebem
613 2216 772 2257 summum
797 2193 963 2278 imperium
987 2194 1154 2261 credebant.

97 2307 115 2354 4
132 2285 207 2351 laeti
225 2310 300 2373 ergo
319 2288 446 2352 audiere
460 2298 580 2372 patres,
599 2285 785 2351 Ardeatium
798 2288 951 2373 populum
965 2289 1007 2354 ob
1021 2290 1153 2355 iniuriam

132 2383 201 2470 agri
224 2383 393 2448 abiudicati
415 2383 554 2447 descisse
577 2394 609 2446 et
626 2381 775 2447 Veientes
799 2383 1007 2468 depopulatos
1027 2400 1153 2450 extrema

132 2479 200 2565 agri
218 2479 355 2543 Romani
373 2488 404 2542 et
418 2477 553 2543 Volscos
572 2476 767 2561 Aequosque
785 2476 826 2542 ob
845 2479 1073 2544 communitam
1085 2478 1153 2544 Ver-

130 2574 275 2659 ruginem
301 2573 449 2651 fremere3
480 2574 559 2637 adeo
581 2571 632 2637 vel
656 2571 767 2636 infelix
792 2570 909 2636 bellum
934 2572 1152 2660 ignominiosae
1175 2648 1178 2653 Ι

129 2669 202 2752 paci
219 2667 448 2753 praeferebant.

95 2781 112 2829 ὁ
195 2761 257 2825 His
275 2762 380 2844 itaque
398 2761 431 2823 in
448 2761 551 2824 maius
570 2760 663 2825 etiam
681 2761 831 2847 acceptis,
849 2771 886 2826 ut
902 2761 985 2826 inter
999 2764 1149 2850 strepitum

130 2864 176 2919 tot
202 2854 356 2919 bellorum
383 2855 618 2920 conticiscerent
644 2856 782 2921 actiones
804 2855 1004 2935 tribuniciae,
1032 2859 1148 2923 dilectu

129 2947 254 3026 haberi,
272 2947 391 3013 bellum
409 2972 556 3033 armaque
574 2951 606 3014 vi
621 2974 744 3015 summa
758 2951 901 3036 apparari
914 2949 1040 3031 iubent,
1060 2953 1086 3017 si
1098 2970 1147 3035 qno

130 3043 279 3108 intentius
297 3044 399 3129 possit
416 3066 511 3128 quam
529 3045 568 3111 T.
589 3044 737 3127 Quinctio
760 3045 887 3111 consule
906 3059 1093 3132 apparatum
1107 3044 1146 3110 sit.

96 3159 111 3207 6
130 3146 197 3202 tum
213 3137 250 3204 (l.
262 3137 434 3204 Canuleius
448 3161 550 3224 pauca
567 3139 600 3203 in
619 3150 729 3204 senatu
746 3139 950 3205 vociferatus:
969 3143 1145 3225 nequiquam

128 3233 297 3298 territando
310 3233 455 3298 eonsules
471 3244 609 3298 avertere
619 3234 744 3318 plebem
757 3259 776 3299 a
790 3257 865 3298 cura
876 3256 1032 3299 novarum
1040 3235 1144 3322 legunt

127 3349 300 3410 numquam
319 3351 372 3392 eos
396 3350 430 3393 se
452 3328 525 3393 vivo
548 3329 694 3392 dilectum
716 3328 893 3406 habituros,
922 3340 1089 3414 antequam
1108 3348 1143 3403 eu

128 3443 209 3505 quae
222 3421 421 3509 promulgata
435 3422 474 3488 ab
490 3446 524 3487 se
538 3423 728 3509 collegisque
743 3433 861 3501 essent,
879 3422 991 3509 plebes
1007 3425 1142 3491 scivisset·

128 3525 159 3580 et
176 3515 343 3580 confestim
361 3517 402 3580 ad
420 3518 596 3581 contionem
614 3518 787 3582 advocarit.

93 3631 108 3679 1
191 3609 236 3674 II.
272 3609 397 3675 Eodem
414 3621 553 3696 tempore
572 3621 604 3675 et
622 3611 766 3676 eonsules
785 3619 930 3677 senatum
946 3611 982 3676 in
1000 3613 1141 3679 tribunum

102 3729 105 3735 ²
127 3712 160 3768 et
175 3703 319 3770 tribunus
337 3706 488 3791 populum
506 3706 538 3769 in
557 3707 701 3771 consules
719 3706 879 3771 incitabat.
907 3708 1067 3794 negabant
1083 3726 1140 3771 con·

127 3798 222 3877 cules,
240 3799 304 3863 ianr
317 3800 398 3865 ultra
411 3800 486 3865 ferri
498 3824 592 3886 posse
607 3801 729 3866 furores
743 3800 935 3879 tribunicios,
954 3816 1081 3869 ventum
1091 3801 1140 3865 im

125 3894 167 3960 ad
188 3893 283 3959 finem
305 3916 389 3972 esse,
417 3894 502 3959 domi
523 3897 594 3980 plus
617 3894 691 3960 belli
714 3896 861 3961 concitari
883 3917 981 3979 quam
1003 3897 1086 3962 soris.
1114 3887 1139 3956 il

125 4011 189 4056 non
210 3991 289 4056 adeo
309 3988 412 4077 plebis
434 4012 529 4076 qnam
551 4001 689 4077 patrum,
716 4013 818 4075 neque
840 3991 1037 4058 tribunorum
1053 3984 1138 4075 mag'ss
