2566 4524
247 277 598 350 'LfflERV111,16.17.
619 277 856 351 [auset-332]
1007 268 1073 336 415

65 440 162 506 yellent
188 459 401 521 evasurosque
428 437 659 503 contenderent.
701 435 838 515 Corvus,
866 438 941 523 quia
966 440 1000 505 id
1025 461 1107 511 tar-8

65 537 144 601 tuum
170 533 258 619 factu
284 542 363 611 erat,
390 531 497 598 labore
523 532 656 596 militum
681 533 787 619 potius
813 554 910 616 quam
934 535 1073 621 periculo

65 650 197 716 ›eragere
214 627 374 712 inceptum
391 625 499 692 voluit.
543 627 648 710 itaque
666 648 815 713 aggerem
833 636 865 692 et
881 627 998 694 vineas.
1010 629 1076 716 egit

65 744 212 807 urresque
229 743 319 786 muro
337 721 490 799 admovit,
508 742 641 804 quarum
654 743 748 787 usum
761 721 843 786 forte
861 721 966 788 oblata
983 744 1074 809 opor-

65 817 162 884 nnitas
176 816 353 902 praevertit.
381 837 517 900 namque
529 815 578 880 M.
588 814 723 894 Fabius,
743 817 886 902 captivus
898 817 1072 897 Romanus,
1093 840 1109 887 o

65 935 120 978 um
141 932 201 997 per
220 910 452 997 neglegentiam
471 910 638 976 custodum
654 910 737 976 fe'sto
755 910 806 976 die
823 912 956 977 vinculis
973 913 1074 999 ruptis

66 1029 102 1074 er
124 1027 250 1070 murum
271 1005 353 1069 iuter
373 1026 469 1090 opera
489 1004 705 1070 Romanorum
725 1004 857 1092 religata
871 1006 921 1085 ,ad
945 1007 1074 1093 pinnam

65 1100 128 1165 ruri
144 1108 229 1165 reste
247 1121 420 1185 suspensus
437 1099 583 1165 manibus
602 1122 636 1164 se
654 1099 846 1179 demisisset,
864 1096 1000 1187 perpulit
1016 1101 1075 1164 im·
1095 1131 1127 1178 10

65 1203 238 1273 eratorem,
257 1203 293 1258 ut
308 1194 382 1259 vino
400 1193 564 1280 epulisque
582 1193 701 1280 sopitos
718 1193 825 1260 hostes
843 1194 1074 1282 adgrederetur.

65 1311 109 1355 ec
125 1289 243 1354 maiore
261 1288 429 1352 certamine
447 1288 531 1375 capti
549 1309 621 1352 cum
637 1286 715 1353 urbe
727 1286 876 1355 Ausones
895 1297 968 1354 sunt
980 1311 1075 1374 quam

65 1384 115 1449 oie
132 1384 198 1451 fusi
215 1392 312 1449 erant.
352 1383 470 1468 praeda
487 1392 580 1469 capta
596 1383 708 1470 ingens
727 1391 775 1449 est
791 1383 1010 1469 praesidioque
1027 1385 1075 1448 in-

65 1478 151 1545 osito
167 1476 299 1543 Calibus
311 1479 459 1543 reductae
471 1477 608 1543 Romam
624 1478 774 1564 legiones.
801 1479 911 1544 consul
929 1500 968 1544 ex
986 1501 1076 1545 sena-
1094 1500 1125 1548 11

65 1596 96 1639 is
112 1573 257 1638 consulto
270 1572 473 1658 triumphavit
486 1581 527 1651 et,
545 1594 585 1637 ne
593 1570 712 1639 Atilius
726 1594 838 1660 expers
847 1573 967 1660 gloriae
980 1583 1074 1653 esset,

65 1667 126 1732 issi
142 1666 238 1733 ambo
256 1666 400 1732 consules
420 1667 571 1732 adversus
586 1664 742 1734 Sidicinos
761 1667 875 1735 ducere
893 1669 1009 1734 exercit
1067 1718 1074 1733 .

64 1762 234 1827 ictatorem
260 1770 336 1839 ¹ante
368 1783 408 1827 ex
434 1771 561 1827 senatus
588 1762 730 1827 consulto
757 1763 954 1828 comitiorum
980 1784 1077 1828 causa
1096 1784 1128 1830 12

65 1858 196 1922 ixerunt
213 1856 254 1921 L.
273 1855 446 1921 Aemilium
463 1857 708 1936 Mamercinum3
735 1857 762 1924 is
785 1858 970 1945 magistrum
989 1858 1077 1942 equi·

65 1975 117 2017 im
136 1949 179 2033 Q.
197 1950 370 2016 Publilium
388 1951 555 2018 Philonem
572 1953 660 2018 dixit.

113 2044 278 2111 Dictatore
296 2047 421 2113 comitia
437 2046 572 2113 habente
591 2049 735 2113 consules
754 2048 849 2114 creati
868 2058 941 2115 sunt
958 2049 997 2114 T.
1011 2046 1077 2114 Ve-

65 2139 165 2218 nrius,
191 2138 247 2226 Sp.
266 2138 459 2206 Postumius.
505 2141 564 2206 etsi
584 2140 660 2207 belli
680 2164 753 2227 pars
771 2164 843 2208 cum
862 2141 1010 2211 Sidicinis
1027 2165 1077 2208 re·
1096 2159 1129 2208 13

65 2234 167 2311 ubst,
188 2243 301 2312 tamen,
319 2244 355 2299 ut
367 2234 519 2301 beneficio
532 2235 750 2320 praevenirent
762 2236 951 2301 desiderium
963 2235 1075 2321 plebis,

65 2351 83 2394 e
109 2329 236 2395 colonia
258 2329 441 2395 deducenda
459 2328 553 2395 Cales
574 2329 759 2394 rettulerunt
780 2328 926 2413 factoque
949 2337 1075 2394 senatus
1096 2351 1129 2398 14

65 2423 209 2501 adsalto,
226 2432 263 2488 ut
275 2423 338 2489 duo
355 2424 442 2488 milia
459 2423 621 2510 quingenti
637 2422 780 2488 homines
800 2445 838 2488 eo
856 2422 1074 2501 scriberentur,

65 2515 231 2583 iumviros
254 2517 393 2583 coloniae
416 2518 618 2583 deducendae
641 2538 779 2604 agroque
800 2517 971 2582 dividundo
989 2538 1076 2582 crea
1127 2593 1128 2597 Ἰ

65 2620 162 2678 erunt
183 2610 359 2679 Caesonem
381 2612 553 2691 Duillium,
572 2611 611 2676 T.
631 2610 827 2694 Quinctium,
846 2610 897 2677 M.
911 2611 1057 2678 Fabium.

110 2703 229 2771 XVII.
261 2706 345 2771 Novi
362 2707 475 2772 deinde
493 2705 638 2786 consules
657 2730 676 2771 a
693 2705 850 2772 veteribus
869 2706 1007 2772 exercitu
1024 2728 1076 2772 ac-
1095 2728 1108 2774 1

65 2809 141 2889 epto
163 2798 300 2886 ingressi
320 2800 459 2865 hostium
480 2801 558 2866 fines
580 2800 760 2886 populando
777 2822 878 2885 usque
896 2801 937 2867 ad
952 2801 1077 2866 moenia

65 2907 144 2982 tque
167 2894 278 2960 urbem
300 2904 516 2981 pervenerunt.
551 2894 596 2961 ibi
618 2895 693 2979 quia
708 2895 829 2981 ingenti
846 2896 985 2962 exercitu
1002 2915 1111 2963 con-2

65 2989 192 3057 arando
212 2987 343 3055 Sidicini
361 2998 392 3055 et
408 2990 470 3076 ipsi
486 3012 544 3076 pro
562 2999 701 3055 extrema
719 3013 775 3075 spe
793 2992 969 3056 dimicaturi
987 2991 1078 3056 enixe

65 3082 239 3149 idebantur
257 3093 288 3148 et
302 3081 467 3149 Samnium
484 3084 570 3149 fama
587 3093 654 3150 erat
671 3083 787 3149 conciri
804 3085 845 3148 ad
861 3082 992 3162 bellum,
1012 3084 1077 3148 dic-
1096 3105 1111 3152 s

65 3187 135 3244 utor
149 3176 192 3243 ab
210 3177 391 3243 consulibus
409 3199 450 3244 ex
467 3178 648 3244 auctoritate
672 3185 798 3244 senatus
820 3176 921 3241 dictus
938 3174 977 3240 P.
997 3173 1077 3241 Cor-

65 3271 153 3340 elius
176 3271 325 3352 Rufinus,
353 3273 503 3360 magister
524 3273 664 3357 equitum
684 3271 733 3336 M.
755 3268 923 3336 Antonius.
967 3269 1077 3355 religio
1095 3288 1113 3337 4

65 3367 165 3436 einde
183 3366 326 3446 incessit,
350 3367 425 3433 vitio
442 3389 497 3433 eos
515 3375 649 3446 creatos,
671 3366 919 3454 magistratuque
937 3386 972 3431 se
989 3364 1078 3431 abdi-

65 3471 204 3530 sverunt
226 3471 271 3541 et,
298 3462 372 3547 quia
391 3461 569 3549 pestilentia
585 3462 727 3529 insecuta
744 3470 806 3540 est,
828 3460 915 3526 velut
931 3460 1078 3527 omnibus

65 3581 80 3627 r
98 3556 186 3624 vitio
203 3558 353 3623 contectis
371 3557 533 3643 auspiciis,
555 3577 606 3622 res
624 3557 666 3621 ad
682 3557 896 3644 interregnum
912 3556 1012 3622 rediit

108 3651 172 3720 Ab
194 3652 372 3739 interregno
393 3653 469 3719 inito
491 3674 547 3738 per
568 3651 712 3736 quintum
736 3653 865 3717 demum
889 3651 1078 3739 interregem
1096 3667 1112 3716 5

65 3739 274 3817 [Valerium
289 3746 430 3814 Corvum
447 3747 543 3812 creati
560 3746 705 3812 consules
722 3744 765 3833 A.
781 3745 947 3813 Cornelius
964 3747 1078 3812 iterum

65 3871 72 3911 ι
92 3843 162 3910 cn.
181 3840 353 3908 Domitius.
389 3840 564 3927 tranquillis
581 3840 676 3907 rebus
694 3841 780 3907 fama
798 3839 913 3907 Gallici
929 3839 1003 3906 belli
1019 3860 1078 3924 pro
1097 3856 1112 3904 6

65 3937 191 4005 rmnltu
208 3936 320 4015 valuit,
337 3946 374 4002 ut
391 3945 423 4001 et
440 3936 623 4002 dictatorem
640 3936 703 4001 dici
719 3935 864 4022 placeret.
909 3932 1010 3998 dictus
1028 3931 1076 3996 M.

65 4032 200 4120 'spirius
220 4030 356 4097 Crassus
375 4041 406 4097 et
423 4029 574 4118 magister
591 4031 731 4115 equitum
747 4028 785 4094 P.
804 4027 949 4104 Valerius
966 4023 1080 4091 Publi·
