2566 4524
369 274 488 330 mana
505 275 559 345 vr,
578 274 603 330 a
616 275 641 330 a.
661 279 700 345 [a.
712 272 815 347 casa]
1045 267 1108 335 30⁷

80 434 248 505 amicitiam
269 432 378 520 populi
395 432 531 498 Romani
549 432 683 498 fuerant.
720 434 839 519 itaque,
863 457 936 500 cum
954 438 1033 503 tanti
1050 462 1144 512 un-4

81 533 173 617 dique
195 539 328 594 terrores
351 527 588 593 circumstarent
610 539 836 614 appareretque
858 529 1018 612 ommbus,
1044 557 1110 600 non

82 628 150 695 odio
168 625 272 691 solum
285 624 370 710 apud
382 623 499 703 hostis,
519 623 576 688 sed
594 633 775 710 contemptu
793 624 888 690 etiam
905 626 988 693 inter
1005 629 1107 695 socios

82 743 192 788 nomen
208 720 389 785 Romanum
406 717 562 797 laborare,
585 717 705 804 placuit
723 719 865 786 eiusdem
883 722 1032 808 auspiciis
1054 723 1108 789 de·
1126 745 1142 792 5

83 816 164 882 fandi
177 837 244 880 rem
257 812 430 899 publicam,
450 813 540 879 ouius
553 822 736 899 recuperata
750 823 843 893 esset,
862 815 1108 902 dictatoremque

86 911 140 975 dici
155 907 204 973 M.
219 907 352 973 Furium
366 905 545 974 Camillum.
582 906 609 972 is
628 908 762 974 dictator
780 906 818 975 O.
835 907 1006 978 Servilium
1018 909 1108 977 Aha-
1126 932 1141 980 e

86 1004 140 1070 lam
158 1003 345 1090 magistrum
363 1002 505 1087 equitum
522 1002 601 1066 dixit
618 1002 799 1088 iustitioque
817 1002 935 1070 indicto
958 1006 1107 1070 dilectum

87 1099 233 1164 iuniorum
255 1095 379 1175 habuit,
406 1097 451 1162 ita
472 1106 507 1162 ut
530 1097 668 1163 seniores
691 1120 831 1182 quoque,
855 1098 970 1183 quibus
989 1099 1107 1184 aliquid
1135 1136 1137 1141 v

87 1194 199 1260 roboris
217 1202 410 1278 superesset,
428 1192 462 1257 in
478 1190 576 1257 verba
590 1216 648 1258 sua
659 1191 778 1258 iuratos
794 1193 990 1260 centuriaret.
1018 1216 1107 1260 exer·
1125 1216 1140 1263 r

88 1290 173 1356 eitum
192 1287 403 1373 conscriptum
421 1296 638 1371 armatumque
660 1285 812 1352 trifariam
827 1287 949 1366 ‚diviua
985 1297 1107 1375 partem

87 1406 171 1450 unam
198 1384 230 1447 in
257 1405 333 1469 agro
355 1380 490 1447 Veiente
511 1381 658 1447 Etruriae
685 1382 846 1468 opposuit,
878 1382 1007 1450 alteram
1034 1393 1107 1448 ante

85 1479 189 1545 urbem
210 1487 313 1542 castra
334 1476 437 1541 locare
458 1475 564 1541 iussit:
592 1474 709 1542 tribuni
730 1477 864 1542 militurn
882 1477 931 1543 his
949 1475 992 1543 A.
1011 1476 1106 1545 Man-
1124 1498 1139 1546 8

81 1572 151 1652 lius,
168 1573 241 1650 illis,
261 1571 315 1656 qui
329 1571 480 1636 adversus
494 1569 649 1635 Etruscos
665 1569 877 1650 mittebantur,
896 1572 938 1638 L.
948 1570 1106 1638 Aemilius

77 1665 286 1755 praepositum
319 1665 441 1729 tertiam
462 1672 583 1750 partem
609 1663 678 1750 ipse
705 1665 746 1729 ad
767 1663 903 1731 Volscos
931 1667 1021 1731 duxit
1047 1689 1106 1731 nec

77 1761 182 1857 procul
202 1759 434 1826 aLanuvio-
448 1759 489 1824 ad
501 1756 660 1825 Marcium
676 1757 704 1823 is
722 1758 811 1826 locus
830 1761 1106 1826 dicitur-castra

77 1878 258 1945 oppugnare
277 1872 325 1920 est
343 1854 481 1920 adortus.
513 1853 627 1938 quibus
642 1851 682 1918 ab
696 1863 891 1939 contemptu,
910 1855 995 1939 quod
1007 1856 1105 1942 prope
1124 1875 1138 1924 9

77 1972 201 2021 ornnem
220 1950 355 2016 deletam
373 1973 392 2015 a
411 1944 514 2015 Gallis
526 1949 703 2015 Romanam
720 1949 915 2015 iuventutem
934 1951 1104 2029 crederent,

77 2049 116 2115 nd
140 2047 260 2114 bellum
285 2043 435 2131 profectis
461 2052 584 2109 tantum
608 2042 762 2110 Camillus
785 2045 911 2111 auditus
937 2046 1107 2133 imperator
1212 2057 1214 2064 ’

77 2143 200 2209 moris
219 2140 379 2218 intulerat,
400 2147 436 2204 ut
452 2138 536 2205 vallo
555 2161 589 2204 se
606 2139 682 2225 ipsi,
700 2139 819 2205 vallum
837 2142 995 2228 congestis
1014 2141 1106 2210 arbo-

77 2236 159 2304 mbos
179 2235 352 2321 saepirent‚
370 2256 410 2299 ne
428 2256 492 2318 qua
508 2234 625 2299 intrare
642 2234 683 2299 ad
700 2235 895 2300 munimenta
912 2235 1011 2301 hostis
1029 2259 1104 2323 pos-

77 2340 130 2407 aaa
165 2331 254 2416 quod
271 2327 326 2394 ubi
343 2328 563 2394 animadvertit
582 2325 749 2407 Camillus,
772 2329 879 2416 ignem
896 2329 930 2393 in
948 2329 1102 2398 obiectam
1122 2355 1154 2402 10
1269 2324 1272 2329 ¹

77 2438 202 2514 'sepem
225 2424 305 2490 coici
326 2423 429 2490 iussit
465 2432 497 2489 et
518 2423 598 2488 forte
621 2432 686 2488 erat
708 2423 757 2488 vis
776 2446 892 2510 magna
908 2425 995 2489 venti
1011 2447 1105 2494 versa

77 2514 260 2587 bhostem.
295 2518 402 2603 itaque
423 2540 488 2584 non
506 2517 627 2604 aperuit
646 2516 749 2583 solum
765 2515 909 2583 incendio
927 2518 1024 2598 viam,
1048 2522 1103 2585 sed
1124 2543 1154 2591 11

77 2610 210 2683 lammis
231 2615 265 2679 in
288 2623 391 2679 castra
411 2611 613 2678 tendentibus
631 2634 748 2698 vapore
766 2611 860 2676 etiam
878 2634 915 2676 ac
932 2611 1020 2678 fumo
1039 2635 1105 2681 cre-

77 2710 202 2796 §tuque
222 2707 330 2774 viridis
348 2707 497 2773 materiae
514 2705 675 2794 flagrantis
693 2707 737 2772 ita
755 2707 965 2773 consternavit
985 2708 1104 2790 hostes,

77 2816 110 2873 lt
126 2806 233 2873 minor
250 2802 351 2869 moles
370 2800 591 2889 superantibus
608 2801 727 2867 vallum
744 2803 777 2866 in
795 2812 898 2869 castra
914 2801 1105 2870 Volscorum

77 2884 228 2970 flamonia
249 2898 345 2964 suerit
386 2919 481 2983 quam
502 2896 795 2963 transcendentibus
815 2921 942 2983 saepem
959 2897 1105 2966 incendio

77 2990 276 3084 *sumptam
301 2992 414 3059 fuerat.
450 2991 530 3059 fusis
552 2991 697 3058 hostibus
721 2993 883 3077 caesisque
906 3015 979 3057 cum
1003 3003 1105 3088 castra
1124 3017 1155 3064 12

77 3074 191 3181 ἥκω
208 3090 348 3176 cepisset
365 3089 505 3167 dictator,
524 3088 675 3175 praedam
692 3088 782 3152 militi
800 3087 900 3165 dedit,
919 3091 981 3170 quo
999 3084 1103 3153 minus

77 3197 234 3275 Quotam
251 3185 381 3250 minime
398 3182 545 3271 largitore
559 3182 654 3261 duce,
672 3205 710 3248 eo
723 3181 814 3246 militi
827 3180 1005 3268 gratiorem.
1032 3203 1103 3268 per·
1122 3203 1154 3251 ra

77 3288 200 3350 brutus
220 3270 335 3346 deinde
353 3279 510 3367 fugientes
529 3300 602 3344 cum
619 3300 745 3344 omnem
757 3275 911 3343 Volscum
924 3298 1036 3364 agrum
1050 3277 1105 3342 de·

92 3452 95 3457 ,
134 3378 244 3445 alatus
262 3385 361 3452 esset,
380 3373 421 3439 ad
438 3372 628 3438 deditionem
646 3371 781 3438 Volscos
800 3370 1031 3459 septuagesimo
1050 3371 1105 3437 de-

77 3384 266 3845 ἓιιωο
290 3469 425 3556 subegit.
461 3469 562 3534 vietor
578 3489 620 3534 ex
636 3465 764 3533 Volscis
781 3467 815 3532 in
831 3463 964 3551 Aequos
982 3466 1104 3532 transiit
1123 3488 1156 3537 14

111 3567 217 3657 ipsos
245 3563 365 3632 bellum
391 3563 569 3629 molientes:
606 3562 777 3627 exercitum
804 3583 913 3627 eorum
939 3561 981 3626 ad
1005 3559 1104 3626 Bolas

171 3660 248 3739 ssit,
273 3680 334 3726 nee
356 3667 459 3724 castra
475 3657 583 3737 modo,
608 3657 665 3723 sed
682 3655 793 3722 urbem
811 3655 904 3721 etiam
922 3655 1103 3742 adgressus,

208 3753 314 3843 primo
333 3754 425 3840 cepit.

77 3868 94 3909 ἱ·
131 3851 199 3919 111.
233 3849 319 3918 Cum
336 3849 370 3916 in
388 3873 426 3915 ea
441 3859 545 3936 perte,
562 3849 596 3913 in
613 3869 678 3934 qua
695 3858 789 3935 caput
805 3849 851 3913 rei
864 3848 1025 3914 Romanae
1040 3844 1103 3911 Ca·
1122 3866 1135 3912 1

77 3930 276 4026 Harmas,
294 3968 332 4012 ea
344 3946 470 4012 fortuna
483 3953 576 4024 esset,
596 3944 689 4010 aliam
701 3944 735 4009 in
747 3953 868 4030 partem
881 3952 981 4008 terror
990 3941 1102 4026 ingens

278 4038 408 4108 Etruria
428 4063 528 4130 prope
549 4039 651 4106 onmis
674 4049 793 4105 armata
816 4037 971 4115 Sutrium,
999 4033 1101 4101 socios
1120 4049 1135 4098 a

880 4135 932 4189 20·
