2566 4524
307 116 614 188 L1nn1rv1,10.11.
636 115 856 188 [aestaset]
1035 107 1102 177 315

11 274 45 359 'f
96 282 172 343 tarum
188 285 307 356 tenere,
333 276 436 362 primo
456 275 712 363 populationibus
735 276 804 363 agri
825 285 923 343 terror
945 290 994 345 est
1011 280 1101 367 oppi-

97 369 161 438 danis
176 372 336 450 admotus3
362 369 490 450 deinde,
513 380 682 458 postquam
700 371 867 438 deditionis
885 394 981 458 quam
1000 375 1135 447 socie-s

10 465 37 504 ⁴⁵
96 466 145 532 tatis
165 467 244 534 ides
272 466 409 533 sanctior
434 475 514 546 erat,
541 465 683 532 fascibus
705 475 935 533 sarmentorum
961 492 1001 535 ex
1022 493 1100 558 agro

12 574 51 655 ᾗ.
93 562 197 628 onata
223 562 338 628 ductus
360 561 402 628 ad
426 561 553 628 moenia
578 561 734 628 exercitus
762 563 978 649 conpletisque
1003 564 1099 633 fossis

10 658 23 679 ''
45 686 49 701 =
91 656 171 723 suine
186 657 348 736 admotae3
367 666 400 722 et
416 655 552 722 clamme
568 656 670 743 primo
686 651 869 743 impetuque
883 658 1035 746 oppidum
1048 682 1100 726 ca-

10 754 15 759 '
88 751 160 860 pitnr.
192 749 361 837 Nepesinis
378 749 452 816 inde
470 750 622 829 edictum,
640 761 677 817 ut
693 775 780 818 arma
796 763 930 840 ponant,
949 754 1099 840 parcique
1117 774 1134 825 t

10 847 12 857 '
86 845 188 912 basum
204 845 331 925 inermi3
322 845 478 911 ·Etrusci
494 846 611 932 parlier
623 848 734 913 armati
747 856 841 931 aque
852 869 989 914 memes
1004 851 1098 915 caesi

85 938 296 1028 Nepesinorum
313 962 439 1025 quoque
461 950 605 1008 auctores
628 941 794 1008 deditionis
818 942 920 1008 securi
940 944 1098 1028 percussi3

10 1109 13 1117 ,
39 1082 43 1087 -
84 1033 210 1101 brumae
231 1033 424 1100 multitudini
445 1035 585 1102 redditae
606 1058 657 1102 res
680 1037 893 1123 oppidumque
916 1059 988 1102 oum
1009 1059 1100 1123 prae-

83 1128 147 1195 sidio
170 1129 324 1195 relictum.
367 1130 413 1194 ita
438 1128 561 1197 duabus
589 1131 682 1197 sociis
705 1130 836 1198 urbibus
865 1153 904 1196 ex
933 1131 1024 1197 hoste
1050 1154 1100 1197 re·
1117 1153 1133 1204 o

39 1256 43 1261 ·
83 1224 164 1311 ceptis
181 1224 333 1290 victorem
347 1224 522 1291 exercitum
545 1224 662 1292 tribum
684 1248 757 1292 cum
777 1248 895 1313 magna
916 1226 1017 1314 gloria
1032 1226 1100 1294 Ro-

81 1338 151 1386 nam
165 1319 369 1386 reduxerunt.

129 1414 254 1481 Eodem
267 1437 349 1481 anno
362 1413 403 1480 ab
412 1413 538 1480 Latinis
546 1413 758 1499 Hernicisque
772 1437 822 1481 rea
836 1416 987 1501 repetitae
1001 1437 1100 1500 quae·

81 1509 238 1596 situmque,
257 1530 313 1575 cur
328 1530 386 1596 per
403 1531 458 1575 eos
476 1532 576 1578 annos
594 1510 726 1576 militem
744 1532 783 1575 ex
800 1511 944 1577 instituto
961 1533 1026 1577 non
1044 1512 1100 1576 de·

81 1603 195 1672 dissent.
238 1626 427 1692 responsum
452 1604 608 1690 frequenti
638 1605 801 1689 utriusque
831 1607 935 1692 gentis
966 1607 1132 1676 conciliet

78 1708 126 1779 est,
141 1721 201 1766 nec
218 1699 344 1786 culpam
360 1699 395 1765 in
407 1721 445 1765 eo
458 1699 618 1785 publicam
631 1721 690 1765 neo
703 1698 870 1765 consilium
883 1699 994 1778 fuisse,
1012 1699 1099 1783 quod

79 1815 144 1862 snae
158 1794 329 1861 iuventutis
350 1793 448 1878 aliqui
466 1796 551 1880 apud
567 1793 704 1862 Volscos
726 1794 936 1862 militaverint
973 1817 1027 1861 eos
1051 1804 1132 1865 ιιι-8

10 1894 40 1979 g
77 1910 140 1955 men
158 1889 245 1976 ipsos
267 1889 357 1975 pravi
379 1888 501 1955 consilii
522 1911 658 1974 poenam
683 1888 800 1956 habere
821 1911 881 1956 neo
906 1911 1099 1976 quemquam

10 1982 41 2185 g
76 2004 110 2051 ex
123 1984 173 2051 bis
188 1983 339 2051 reducem
355 2005 436 2050 esse.
471 1983 652 2049 militist
597 2007 639 2049 au
639 1993 704 2050 tem
721 2007 785 2050 non
803 1985 868 2051 dati
890 2006 1020 2052 causam
1037 1995 1099 2050 ter-

74 2102 168 2146 rorem
188 2078 358 2145 adsiduum
378 2102 399 2144 a
419 2076 548 2144 Volscis
569 2078 683 2156 fuisse,
712 2100 808 2162 quam
832 2089 956 2164 pestem
982 2079 1099 2144 adhae-

10 2168 185 2240 tronum
202 2173 293 2239 lateri
315 2195 373 2240 suo
395 2182 441 2238 tot
463 2193 559 2259 super
580 2171 641 2237 alia
662 2171 732 2237 aliis
754 2170 846 2237 belbe
869 2172 1027 2239 exhauriri
1043 2195 1100 2237 ne-

10 2226 34 2327 i*
72 2268 183 2353 quisse.
219 2289 301 2352 quae
317 2267 415 2335 relata
431 2266 573 2354 pambus
592 2266 694 2353 magis
712 2275 837 2352 tempus
856 2288 952 2351 quam
969 2286 1132 2335 causamn

71 2382 131 2429 non
145 2363 216 2429 visa
231 2362 307 2429 belli
323 2361 449 2429 babere.

131 2456 193 2524 XI.
233 2456 418 2542 Insequenti
435 2479 533 2535 anno,
551 2454 594 2522 A.
612 2455 751 2533 Manlio,
768 2452 808 2521 P.
828 2454 990 2534 Cornelio,
1009 2455 1048 2520 T.
1068 2464 1100 2520 et
1118 2474 1132 2523 1

69 2549 109 2617 L.
128 2551 283 2637 Quinctiis
303 2551 503 2640 Capitolinis,
525 2553 568 2619 L.
585 2551 714 2639 Papirio
733 2549 872 2619 Cursore
889 2551 1018 2630 iterum,
1042 2549 1098 2639 [C.

71 2643 181 2736 Sergio
198 2645 326 2735 iterum]
346 2646 479 2713 tribunis
498 2647 655 2715 consulari
671 2655 842 2734 potestate,
864 2668 962 2734 grave
979 2646 1099 2713 bellum

68 2740 158 2822 ior-ia,
179 2741 306 2830 gravior
323 2741 409 2808 domi
427 2741 539 2808 seditio
557 2751 679 2808 exortat
705 2740 824 2808 bellum
841 2741 881 2808 ab
899 2740 1026 2808 Volscis
1044 2741 1100 2807 ad·
1118 2759 1134 2808 ι

68 2835 174 2903 iuncta
191 2837 381 2903 Latinorum
407 2845 501 2921 atque
521 2835 733 2902 Hernicorum
759 2835 948 2914 defectione,
977 2836 1098 2914 seditio,

70 2932 152 2997 unde
168 2930 297 2998 minime
314 2931 416 2997 timeri
432 2930 547 3018 potuit,
574 2954 595 2997 a
614 2929 763 3018 patriciae
784 2930 887 3016 gentis
908 2930 977 2994 viro
1000 2938 1032 2995 et
1051 2930 1101 2994 in-

72 3026 163 3092 olitae
177 3026 291 3105 famae,
308 3023 357 3091 M
366 3023 490 3092 Manlio
505 3024 692 3112 Capitolino.
719 3023 775 3108 qui
787 3022 902 3088 nimius
916 3022 1014 3087 animi
1026 3044 1100 3087 oum
1117 3045 1133 3092 a

55 3119 147 3187 alios
163 3121 321 3208 principes
340 3129 508 3207 sperneret,
526 3120 582 3186 uni
598 3118 752 3185 invideret
764 3116 880 3183 eximio
894 3115 988 3181 simul
1002 3114 1101 3182 bono-

69 3213 155 3281 ribus
169 3225 265 3300 atque
276 3213 454 3293 virtutibus,
471 3212 636 3292 mnino,
654 3233 749 3300 aegre
761 3208 892 3289 ferebat,
911 3209 1014 3277 solum
1027 3231 1101 3276 eum

70 3309 102 3375 in
117 3308 370 3398 magistratibus,
394 3310 497 3376 solum
514 3309 600 3396 apud
617 3307 772 3374 exercitus
790 3328 874 3386 esse,
898 3315 1019 3372 tantum
1036 3305 1100 3372 iam
1117 3326 1136 3377 4

70 3405 220 3484 eminere,
241 3414 279 3471 nt
294 3405 397 3472 isdem
414 3405 562 3492 auspiciis
581 3411 702 3469 creatos
719 3425 783 3468 non
799 3423 857 3490 pro
875 3401 1020 3489 collegis,
1044 3402 1101 3468 sed

70 3518 124 3585 pro
140 3498 294 3566 ministris
311 3499 440 3580 habeat,
458 3522 531 3565 oum
547 3497 686 3577 interim,
710 3497 825 3582 siquis
843 3518 917 3563 vere
934 3497 1100 3564 aestimare

70 3593 157 3674 velit,
185 3592 271 3662 aM.
288 3593 387 3661 Furio
404 3593 580 3682 recuperari
596 3593 698 3680 patria
720 3615 761 3658 ex
782 3590 945 3659 obsidione
961 3591 1102 3658 hostium

68 3710 132 3755 non
147 3689 296 3776 potuerit,
313 3689 376 3756 nisi
393 3713 413 3757 a
429 3711 465 3756 se
481 3689 568 3778 prius
583 3687 777 3776 Capitolium
795 3697 889 3775 atque
902 3711 960 3755 arx
976 3696 1102 3754 servata

68 3792 170 3864 esset3
196 3792 229 3851 at
245 3783 299 3851 ille
319 3784 402 3851 inter
421 3807 533 3852 aurum
554 3784 771 3871 accipiendum
793 3793 825 3851 et
844 3783 879 3848 in
901 3803 991 3869 apem
1011 3779 1099 3868 pacis
1117 3798 1135 3850 ι

68 3876 183 3947 solutis
200 3877 314 3947 animis
332 3875 443 3947 Gallos
461 3879 630 3967 adgressus
648 3878 703 3959 sit,
729 3878 798 3966 ipse
815 3885 953 3945 armatos
976 3875 1103 3962 capien-
