2566 4524
129 261 194 328 242
334 272 452 327 amna
469 271 542 339 nn,
560 270 603 327 rr.
617 270 660 326 aa.
679 268 949 340 [anastasia]

96 454 112 503 1
193 426 270 496 LII.
298 429 431 495 Annum
443 429 598 495 modestia
611 429 809 494 tribunorum
820 426 962 512 quietum
976 427 1154 513 excepittri·

129 525 233 593 burrus
248 523 350 610 plebis
362 525 405 589 L.
415 522 523 589 loilius
539 522 579 606 Q.
589 523 691 589 Fabio
704 523 873 600 Ambusto,
893 521 934 589 C.
942 522 1043 589 Fur-m
1056 521 1156 589 Pacilo

96 619 323 690 sconsulibus.
359 619 482 685 iseum
508 617 661 705 principio
688 619 794 683 statim
820 617 894 682 anni
920 617 1009 683 velut
1031 639 1155 704 pensum

130 713 265 779 nominis
283 712 484 796 familiaeque
502 713 662 778 seditionis
681 711 812 800 agrariis
825 711 950 799 legibus
963 711 1154 799 promulgau-
1176 754 1180 761 ·

98 829 114 876 a
132 808 181 873 dis
201 807 304 884 cieret,
323 807 500 892 pestilentia
518 819 638 885 coorta,
656 807 808 872 minacior
824 816 929 871 tamen
947 828 1047 891 quam
1063 804 1154 893 perni-

132 902 255 980 ciosior,
275 901 479 989 cogitationes
497 901 661 967 hominum
678 925 698 966 a
714 901 785 967 foro
802 901 1090 986 certaminibusque
1104 922 1152 986 pu·

132 996 222 1062 blicis
233 997 273 1062 ad
282 998 411 1062 domum
425 1018 595 1082 curamque
608 1016 772 1084 corporum
785 997 1026 1063 nutriendorum
1040 995 1150 1073 avertit;

131 1091 299 1177 minusque
317 1113 388 1159 eam
405 1091 590 1159 damnosam
604 1091 702 1157 fuisse
715 1114 811 1175 quam
825 1090 937 1158 seditio
949 1091 1061 1158 futura
1072 1091 1151 1156 fueri

132 1185 272 1251 credunt.
1184 1192 1187 1253 :

98 1301 116 1347 4
197 1279 360 1345 Defuncto
378 1279 502 1345 civitate
519 1279 724 1366 plurimorum
741 1279 870 1358 morbis,
888 1281 1059 1367 perpaucis
1075 1279 1149 1347 fune·
1182 1270 1187 1303 ³

130 1373 233 1451 ribus,
260 1374 458 1460 pestilentem
484 1397 601 1440 annum
622 1375 728 1460 inopia
754 1373 883 1460 frugum
907 1374 1054 1462 neglecto
1079 1373 1149 1441 cultu

132 1491 293 1555 agrorum,
321 1480 356 1532 ut
372 1469 557 1557 plerumque
579 1469 628 1548 fit,
656 1470 778 1555 excepit
794 1468 842 1533 M.
860 1467 991 1555 Papirio
1008 1467 1147 1545 Atrab‘no,

99 1585 116 1631 o
135 1561 173 1626 O.
187 1561 303 1627 Nautio
320 1562 428 1627 Rutilo
445 1563 637 1628 consulibus.
674 1563 737 1628 iam
755 1563 857 1628 fames
874 1584 972 1647 quam
987 1561 1149 1650 pestilentie

132 1657 250 1722 tristior
267 1667 346 1735 erat,
368 1658 402 1722 ni
419 1658 558 1722 dimissis
577 1659 659 1723 circa
676 1680 784 1722 omnes
802 1658 936 1744 populos
958 1657 1085 1746 legatis,
1102 1654 1148 1741 qui

131 1750 303 1817 Etnrscum
324 1774 410 1817 mare
428 1752 545 1838 quique
563 1752 704 1817 Tiberim
725 1752 881 1831 accolunt,
908 1752 950 1817 ad
971 1752 1148 1818 frumentum

99 1868 115 1915 6
132 1846 336 1911 mercandum
354 1869 496 1911 annonae
514 1846 595 1911 foret
609 1846 807 1911 subventum.
836 1845 970 1933 superbe
984 1847 1026 1913 ab
1041 1842 1149 1914 Sand-

133 1939 231 2016 tibus,
259 1939 314 2023 qui
333 1937 478 2025 Capuam
499 1940 657 2005 habebant
676 1938 872 2024 Cumasque,
899 1940 997 2027 legati
1019 1936 1149 2029 prohibit

134 2033 309 2097 conmercio
328 2043 414 2111 sunt,
434 2043 541 2099 contra
559 2057 597 2100 ea
614 2034 749 2122 benigne
767 2034 807 2099 ab
827 2032 1009 2101 Siculorum
1026 2032 1148 2122 tyrsum

134 2126 242 2191 adiuti.
283 2128 437 2192 maximos
460 2139 642 2194 conmeatus
666 2151 790 2194 summo
811 2128 959 2194 Etruriae
982 2130 1086 2196 studio
1106 2126 1166 2193 Ii·

100 2220 216 2290 rba-is
235 2221 370 2287 devexit.
407 2222 607 2288 solitudinem
627 2223 661 2287 in
683 2224 808 2289 civitate
830 2246 926 2311 aegra
948 2224 1070 2312 experti
1089 2216 1165 2289 com¹

134 2317 219 2382 sules
238 2327 320 2395 sunt,
340 2340 412 2382 curn
425 2319 457 2382 in
470 2318 642 2405 legationes
656 2341 720 2384 non
732 2319 804 2404 plus
819 2317 952 2406 singulis
966 2318 1147 2385 senatorib!

99 2411 327 2480 einvenientes
355 2413 455 2479 coacti
481 2423 554 2478 sunt
580 2412 672 2478 binos
703 2414 824 2498 equites
850 2413 984 2479 adicere.
1029 2422 1148 2501 produ·
1185 2482 1187 2489 ,

132 2530 227 2592 quam
246 2507 287 2573 ab
304 2508 414 2574 morbo
436 2531 622 2595 annonaque
644 2509 721 2574 nihil
739 2531 778 2574 eo
799 2508 925 2574 biennio
947 2509 1089 2575 intestini
1104 2526 1147 2572 ou
1185 2540 1187 2549 ·

132 2603 251 2667 ternive
273 2603 464 2669 incommodi
487 2603 555 2668 fuit.
592 2612 624 2668 at
645 2602 700 2668 ubi
723 2625 780 2668 eae
798 2603 1027 2671 sollicitudines
1049 2604 1146 2671 ditm

133 2718 210 2773 sere,
230 2697 344 2774 omnio,
364 2696 478 2780 quibus
492 2696 610 2763 turbari
623 2697 716 2762 solita
728 2707 794 2763 erat
807 2697 928 2777 civitas,
947 2698 1036 2764 domi
1048 2699 1145 2765 discor·
1184 2690 1187 2697 ¹

132 2789 193 2866 dia,
213 2789 290 2854 foris
309 2789 426 2854 bellum
444 2801 595 2856 exortum.
1181 2846 1187 2875 ³

100 2905 113 2950 1
196 2882 291 2947 LIII.
314 2883 369 2949 Μ’.
379 2884 527 2964 Aemilio,
543 2884 581 2951 O.
590 2885 719 2951 Valerio
731 2886 837 2951 Potito
850 2887 1037 2953 consulibus
1049 2884 1144 2954 bellu

132 2974 239 3062 Aequi
255 2979 422 3064 parabant,
449 2980 576 3047 Volscis
594 3003 785 3066 quamquam
803 3004 867 3046 non
883 2981 1014 3068 publico
1036 2976 1143 3049 ccndl'!

133 3074 368 3158 capessentibus
387 3099 487 3153 arma,
510 3075 693 3141 voluntariis
712 3077 857 3143 mercede
875 3075 997 3142 secutis
1013 3074 1142 3143 mitta

99 3188 113 3234 2
132 3167 173 3231 ad
191 3189 324 3252 quorum
342 3170 458 3234 famam
476 3169 613 3235 bostium
631 3207 673 3218 ——
690 3170 754 3234 iam
772 3170 855 3235 enim
867 3170 901 3235 iu
914 3166 1142 3236 Latinumlltt·

132 3262 300 3346 nicumque
314 3265 568 3330 transcenderant
556 3273 749 3351 t-agrom
707 3264 912 3329 -dilectum
921 3258 1142 3332 haberent*
1178 3288 1187 3297 ·

133 3353 244 3419 lorium
262 3359 423 3423 consulem
440 3357 669 3424 M.Menenius
688 3358 962 3445 tribunusplebis,
981 3359 1138 3467 leginptr

132 3448 197 3513 riae
214 3449 258 3513 lat
246 3460 307 3530 t,or
335 3475 407 3518 cum
424 3453 578 3540 inpediret
600 3453 778 3563 auxiliqque
796 3452 914 3519 tribuni
935 3476 1032 3521 nemo
1047 3450 1139 3520 naim
1172 3482 1175 3491 ·

100 3556 309 3610 esacrament
310 3569 328 3611 o
297 3548 466 3625 tdiceret,
445 3557 612 3634 trepente
625 3546 786 3612 nuntiatur
748 3568 919 3626 ur,a1cem
932 3546 1138 3617 canentur·
1175 3612 1187 3627 ,

99 3637 175 3704 tab
197 3639 340 3706 hostibus
363 3652 549 3728 occupatam
571 3664 650 3708 esse
687 3664 725 3708 ea
745 3642 920 3730 ignominia
940 3652 1070 3731 accepte
1086 3650 1137 3704 cm
1170 3670 1172 3675 ·

134 3735 218 3820 apud
239 3746 293 3821 pat
293 3759 343 3801 res
365 3737 501 3803 invidiae
523 3736 675 3803 Menenio
694 3736 808 3815 furat
795 3746 863 3803 tum
885 3737 1002 3805 ceteris
1022 3728 1144 3803 tribuna
1172 3765 1187 3797 r

133 3828 196 3893 iarn
214 3841 286 3895 ante
304 3832 560 3916 praeparatisint
513 3831 772 3899 intercessoribus
789 3830 871 3919 legis
894 3831 1052 3920 agrariae,
1069 3838 1136 3916 pt*
1172 3814 1187 3877 ἶ

100 3923 201 3991 abuit
188 3925 378 3990 tiustiorem
400 3949 528 3993 causam
544 3927 710 3993 resistendi
728 3927 877 4015 collegae
907 3926 1135 4025 taqueum·
1180 3984 1187 3991 .

135 4017 188 4081 diu
206 4019 300 4084 ducta
317 4042 373 4106 per
391 4021 433 4085 alt
422 4022 623 4089 tercationem
641 4030 739 4101 esset,
767 4021 951 4088 consulibus
967 4022 1047 4088 deos
1059 4006 1135 4084 lm*
1171 4050 1175 4063 ·
