2566 4524
358 223 476 280 umas
492 222 666 295 ιιι,4ι.4ι.
686 222 839 292 [acac]
1049 211 1142 277 ιιι

105 389 217 464 tiorum,
236 393 272 448 ut
285 382 450 447 decederet
464 382 529 444 iure
549 403 607 444 suo
625 380 838 464 vindicarique
854 382 992 466 puellam
1010 379 1112 469 in'po-

105 491 198 547 storum
209 478 296 543 diem
308 486 474 563 pateretur.
501 474 661 559 quodnisi
677 485 767 560 pater
783 485 909 560 postero
923 476 973 541 die
991 476 1111 542 adfuis-
1130 500 1147 548 ι

104 586 146 654 set,
160 572 341 639 denuntiare
360 592 394 635 se
411 570 501 635 Icilio
515 568 731 653 similibusque
744 570 824 649 Icili,
843 593 945 655 neque
958 570 1022 658 legi
1036 595 1111 637 suae

103 670 212 735 latorem
229 687 334 749 neque
351 665 528 730 decemviro
546 664 755 728 constantiam
773 664 881 729 defore
886 690 895 744 3
918 687 977 730 nec
999 689 1034 730 se
1050 666 1112 730 uti-

102 785 148 848 que
161 761 351 848 collegarum
372 759 498 825 lictores
517 767 764 824 convocaturum
786 760 827 824 ad
849 761 1038 827 coercendos
1061 783 1112 827 se-

97 856 210 922 ditionis·
221 865 375 932 auctores,
395 863 577 918 contentum
595 875 630 917 se
648 853 715 918 suis
733 853 896 919 lictoribus
915 854 992 919 fore.

120 949 230 1016 'Cum
244 948 376 1013 dilatum
394 957 517 1032 tempus
531 947 662 1011 iniuriae
677 958 760 1012 esset
775 949 1042 1033 secessissentque
1055 951 1111 1015 ad-
1129 970 1144 1020 5

93 1045 181 1111 vocati
190 1042 325 1130 puellae,
344 1043 462 1129 placuit
475 1042 614 1106 omnium
628 1043 764 1128 primum
778 1043 905 1107 fratrem
914 1043 984 1109 Icili
997 1045 1112 1117 filium·

92 1139 339 1225 pertenire-ii,
366 1138 508 1224 inpigros
530 1138 675 1216 iuvenes,
702 1159 834 1223 pergere
856 1137 930 1201 inde
958 1148 1044 1203 recta
1069 1139 1111 1203 ad

88 1234 204 1321 portam
222 1243 255 1298 et
276 1242 428 1317 quantum
450 1231 617 1296 accelerari
638 1244 746 1318 posset
768 1231 955 1318 Verginium
978 1232 1071 1297 acciri
1093 1255 1111 1297 e

92 1329 205 1393 caseis:
221 1329 256 1392 in
276 1349 313 1391 eo
331 1326 411 1390 verti
427 1326 551 1411 puellae
569 1326 716 1403 salutem,
736 1326 764 1390 si
780 1335 906 1410 postero
924 1325 975 1389 die
992 1326 1110 1391 vindex
1129 1347 1144 1396 s

87 1422 207 1487 iniuriae
224 1421 267 1486 ad
283 1430 408 1506 tempus
426 1432 552 1506 praesto
571 1432 663 1485 esset.
695 1420 774 1485 iussi
791 1432 927 1507 pergunt
944 1420 1109 1504 citatisque

87 1518 166 1600 equis
183 1516 329 1580 nuntium
347 1515 388 1579 ad
405 1526 526 1599 patrem
543 1516 713 1601 perferunt.
741 1538 813 1579 oum
827 1516 956 1580 instaret
969 1515 1111 1580 adsertor
1129 1536 1143 1582 ι

84 1610 209 1696 puellae,
227 1622 264 1674 ut
281 1609 455 1673 vindicaret
473 1631 704 1695 sponsoresque
723 1611 824 1688 daret,
844 1621 937 1694 atque
954 1610 988 1673 id
1004 1610 1110 1696 ipsum

86 1705 134 1791 agi
143 1705 260 1769 diceret
272 1703 391 1781 Icilius,
411 1704 521 1768 sedulo
535 1715 658 1790 tempus
672 1714 785 1783 terens,
805 1705 881 1769 dum
894 1704 1110 1789 praeciperent

90 1798 257 1864 iter'nuntii
279 1798 369 1862 missi
390 1798 424 1861 in
441 1808 557 1876 castra,
584 1822 696 1864 manus
715 1798 822 1863 tollere
845 1799 983 1882 undique
1004 1799 1110 1863 multi-

88 1894 157 1958 tudo
173 1903 205 1958 et
223 1914 258 1957 se
276 1893 411 1976 quisque
427 1902 572 1977 paratum
593 1894 634 1957 ad
657 1893 875 1978 spondendum
892 1892 983 1957 Icilio
1005 1904 1110 1957 osten-

93 1984 165 2049 dere.
198 1996 294 2070 atquc
312 1985 364 2048 ille
381 1985 636 2051 lacrimabundus
656 1993 794 2072 ‘gratum
812 1985 884 2064 est,'
905 1986 1007 2070 inquit
1026 1992 1109 2051 ‘cra-
1126 2006 1142 2054 8

95 2078 170 2145 *tta
181 2081 231 2145 die
250 2090 356 2144 vestra
374 2102 476 2165 opera·
486 2091 564 2158 utar,
585 2103 771 2165 sponsorum
785 2103 869 2145 nunc
883 2081 959 2146 satis
973 2078 1040 2145 est?
1065 2081 1110 2145 ita

99 2170 253 2239 ffiestur
262 2173 415 2260 Verginia
428 2174 654 2259 spondentibus
668 2174 861 2259 propinquis.
890 2174 1016 2260 Appius
1030 2197 1109 2260 pau·
1127 2193 1142 2241 9

101 2262 345 2352 ls'pumoratus,
368 2291 408 2332 ne
427 2269 494 2332 eius
513 2268 558 2331 rei
576 2291 673 2332 causa
690 2268 811 2332 sedisse
829 2268 999 2346 videretur,
1022 2278 1110 2354 post-

77 2370 176 2443 :qm
194 2363 322 2428 omissis
347 2363 441 2428 rebus
464 2363 543 2426 aliis·
555 2383 630 2446 prae
654 2384 728 2426 cura
749 2361 844 2425 unius
871 2384 963 2427 nemo
990 2362 1107 2439 adibat,

104 2452 208 2522 donum
229 2480 265 2523 se
287 2458 405 2543 recepit
427 2457 619 2544 collegisque
640 2456 673 2520 in
696 2466 799 2520 castra
820 2456 941 2534 scribit,
968 2479 1009 2520 ne
1027 2457 1109 2521 Ver-

98 2546 174 2633 puio
187 2563 396 2617 commeatum
418 2553 494 2616 dent
516 2565 610 2636 atque
633 2551 728 2616 etiam
744 2551 778 2614 in
796 2551 939 2616 custodia
960 2550 1106 2615 habeant.

110 2636 244 2727 bpobum
268 2647 433 2711 consilium
451 2669 570 2724 serum,
597 2656 633 2710 ut
651 2645 772 2722 debuit,
800 2645 861 2709 fuit
883 2655 914 2710 et
936 2645 1000 2710 iam
1022 2664 1159 2713 com-10

113 2746 186 2804 uatu
202 2752 328 2827 sumpto
344 2743 504 2826 profectus
514 2741 685 2827 Verginius
702 2740 804 2826 prima
821 2741 928 2827 vigilia
942 2751 1016 2818 erat,
1036 2763 1109 2805 cum

111 2842 208 2994 Ξιιὶιιιι
221 2837 272 2901 die
290 2859 382 2900 mane
400 2837 439 2902 de
457 2837 619 2901 retinendo
638 2859 675 2901 eo
693 2835 885 2919 nequiquam
901 2836 950 2899 litt
937 2845 1021 2900 terae
1038 2836 1110 2901 red·

155 3020 368 3089 XXXXVII
403 3024 479 3089 At
437 3034 503 3089 tm
525 3025 602 3090 urbe
624 3025 726 3110 prima
747 3025 818 3089 luce
841 3047 913 3089 cum
941 3025 1050 3089 civitas
1075 3025 1141 3089 ἰιιι

114 3106 390 3205 sonaspectatione
400 3128 541 3184 erectast
542 3129 617 3196 aret,
637 3118 806 3205 Verginius
822 3119 998 3183 sordidatus
1012 3119 1109 3182 filiam

111 3213 347 3279 ramobsoleta
364 3224 461 3291 veste,
481 3212 702 3278 comitantibus
720 3213 839 3296 aliquot
856 3212 1016 3289 matronis,
1036 3233 1109 3275 cum

83 3295 201 3387 :barti
219 3307 455 3372 advocatione'
446 3332 480 3372 m
504 3307 609 3372 forum
635 3307 770 3371 deducit.
817 3305 979 3370 circumire
1006 3304 1109 3370 ibit
1077 3315 1141 3372 eta

106 3410 228 3477 murare
248 3401 392 3466 homines
419 3402 522 3487 coepit
549 3411 581 3465 et
602 3423 665 3466 non
692 3423 780 3465 orare
808 3401 911 3465 solum
934 3400 1108 3486 precariam

77 3486 184 3573 '⁰pem,
202 3495 258 3559 sed
276 3517 333 3580 pro
351 3496 437 3561 debit
425 3508 457 3560 ta
473 3519 513 3582 pe
516 3506 594 3560 tzere
614 3518 648 3560 se
665 3517 723 3580 pro
736 3494 843 3559 liberis
862 3517 970 3558 eorum
984 3517 1021 3559 ao
1035 3517 1108 3559 con-

85 3574 206 3670 'ligibus
223 3588 364 3654 cotidie
354 3612 388 3654 ιιι
405 3590 472 3654 acie
490 3599 572 3654 stare
590 3612 649 3654 nec
670 3589 814 3653 alium
784 3612 886 3652 virum
905 3611 990 3667 esse,
1018 3589 1107 3654 cuius

92 3682 204 3747 'tbenue
222 3704 260 3748 ac
277 3683 423 3749 ferociter
438 3684 545 3748 facta
536 3707 568 3747 m
582 3683 665 3748 bello
678 3683 768 3768 plura
785 3683 952 3749 memorari
963 3694 1107 3793 possent:

90 3772 158 3854 'quid
173 3778 333 3862 prodesse,
353 3803 380 3844 sr
370 3777 631 3843 incolumiurbe
650 3800 730 3862 quae
748 3788 820 3864 capt
822 3801 840 3842 a
809 3777 964 3843 tultima
978 3778 1107 3842 timean-

94 3870 140 3932 ιιι
147 3868 268 3937 liboris·
264 3872 336 3937 suis
355 3873 417 3937 sint
434 3873 600 3959 patienda?
625 3872 703 3937 haec
720 3895 817 3958 prope
836 3884 907 3939 cont
896 3871 1105 3937 tionabundus

94 3957 262 4032 mambae
280 3966 445 4032 bomines.
491 3967 604 4032 similia
635 3967 684 4031 his
715 3966 754 4032 ab
782 3966 871 4033 lcilio
901 3965 1058 4031 iactabant
1046 3974 1105 4029 t.ur
1125 3986 1141 4034 3

1062 4196 1223 4258 Α
