2566 4524
344 284 462 340 amna
477 284 648 358 vu,a.1o.
668 284 816 356 [scaea
829 288 893 358 aar]
1071 277 1136 345 359

116 444 267 532 profectus
284 443 319 508 in
336 443 476 509 citeriore
493 445 562 529 ripa
579 442 712 508 Anienis
731 453 834 510 castra
849 447 964 532 posuit.
1004 470 1084 533 pons
1101 449 1136 514 in
1152 469 1170 520 r

116 539 209 605 medio
228 545 309 616 crat,
327 538 445 602 neutris
463 561 536 603 eum
548 537 780 623 rumpentibus,
798 561 839 603 ne
852 540 972 608 timoris
984 543 1135 610 indicium

116 642 199 699 esset.
235 631 357 719 proelia
377 632 417 697 de
439 633 622 717 occupando
639 641 734 718 ponte
752 630 862 698 crebra
879 644 967 700 erant
983 657 1056 716 nec,
1079 639 1135 722 qui

116 736 300 813 poterentur,
331 727 456 792 incertis
483 726 603 794 viribus
631 727 707 792 satis
734 726 870 793 discerni
894 739 1025 815 poterat.
1066 742 1134 799 tum
1151 751 1168 802 8

116 821 221 891 eximia
248 821 387 907 corporis
412 821 628 907 magnitudine
653 822 687 886 in
712 843 848 887 vacuum
869 834 998 909 pontem
1020 823 1133 895 Gallus

116 914 260 1001 processit
285 923 316 980 et
342 923 494 999 quantum
519 916 657 980 maxima
681 937 760 981 voce
781 917 884 1003 potuit
906 923 1014 1003 ‘quem
1035 921 1133 988 nuno'

115 1009 206 1094 inquit
224 1008 342 1074 ‘Roma
358 1010 462 1074 virum
478 1010 685 1074 fortissimum
702 1008 810 1089 habet,
829 1013 978 1096 procedat
994 1015 1132 1101 agedum

114 1103 147 1168 ad
157 1126 312 1192 pugnam,
330 1113 366 1168 ut
378 1113 485 1170 noster
498 1104 631 1169 duorum
644 1112 774 1170 eventus
793 1106 951 1184 ostendat,
970 1117 1040 1173 utra
1051 1131 1131 1196 gens

115 1196 187 1264 bello
207 1192 393 1264 sit'melior!
1056 1258 1071 1277 ¹.

167 1293 215 1358 X.
240 1294 310 1359 Diu
322 1295 403 1359 inter
414 1295 565 1380 primores
579 1295 729 1359 iuvenum
742 1293 958 1360 Romanorum
972 1296 1131 1364 silentium
1149 1319 1164 1366 1

112 1385 177 1465 luit,
205 1410 278 1453 cum
300 1396 332 1453 et
353 1387 490 1454 abnuere
508 1397 666 1454 certamen
682 1397 864 1453 vererentur
881 1398 912 1454 et
929 1391 1131 1478 praecipuam

112 1491 221 1547 sortem
238 1481 368 1568 periculi
384 1493 490 1569 petere
511 1482 637 1547 nollent.
673 1490 741 1547 tum
759 1482 798 1548 Τ.
817 1482 958 1550 Manlius
975 1486 1017 1549 L.
1035 1485 1129 1567 filius,
1147 1503 1164 1556 a

108 1577 157 1660 qui
173 1587 296 1663 patrem
310 1600 329 1641 a
342 1578 506 1643 vexatione
520 1576 686 1643 tribunicia
698 1577 924 1657 vindicaverat,
944 1601 984 1644 ex
998 1580 1131 1646 statione

108 1672 145 1737 ad
161 1671 346 1739 dictatorem
362 1673 478 1759 pergit:
497 1672 634 1737 ‘iniussu
647 1670 726 1749 tuo,'
742 1673 844 1758 iuquit
863 1674 1055 1760 ‘imperator,
1074 1698 1130 1740 ex-

108 1775 152 1831 tra
168 1767 311 1833 ordinem
328 1788 500 1851 numquam
517 1767 738 1854 pugnaverim,
760 1789 824 1832 non
847 1767 875 1833 si
897 1776 1014 1833 certam
1031 1769 1130 1834 victo-

105 1860 183 1927 riam
200 1861 340 1940 videam3
364 1862 393 1926 si
410 1871 444 1926 tu
460 1861 628 1948 permittis,
652 1861 725 1928 volo
744 1884 803 1948 ego
824 1861 870 1926 illi
891 1861 1004 1928 beluae
1026 1872 1164 1931 osten-3

103 1956 189 2035 dere,
208 1956 334 2040 quando
352 1956 431 2022 adeo
448 1956 538 2022 ferox
551 1957 725 2043 praesultat
737 1956 876 2022 hostium
890 1956 1004 2045 signis,
1023 1980 1075 2022 me
1088 1981 1130 2023 ex

103 2073 140 2116 ea
155 2050 277 2116 familia
294 2059 411 2129 ortum,
429 2072 511 2135 quae
530 2049 694 2118 Gallorum
712 2073 827 2137 agmen
844 2074 884 2117 ex
900 2074 979 2138 rupe
993 2051 1129 2138 Tarpeia

102 2144 233 2211 deiecit'
263 2154 330 2209 tum
348 2145 481 2211 dictator
499 2152 614 2211 ‘macte
631 2145 759 2210 virtute'
776 2145 878 2228 inquit
895 2151 946 2211 ‘ac
963 2146 1078 2232 pietate
1095 2147 1129 2211 in
1147 2168 1163 2213 4

101 2249 222 2325 patrem
238 2241 447 2326 patriamque,
466 2240 505 2305 Τ.
519 2239 635 2317 Manli,
655 2248 730 2304 esto.
766 2261 864 2325 perge
881 2249 913 2305 et
929 2262 1046 2305 nomen
1062 2240 1129 2305 Ro-

100 2356 230 2400 manum
255 2335 407 2400 invictum
432 2332 612 2399 iuvantibus
640 2333 700 2398 diis
726 2332 870 2419 praesta?
905 2341 1027 2397 armant
1054 2333 1161 2403 indeo

98 2430 247 2495 iuvenem
264 2428 425 2514 aequales:
443 2430 587 2515 pedestre
606 2436 730 2493 scutum
748 2427 844 2512 capit,
863 2426 1010 2512 Hispano
1028 2426 1128 2513 cingi-

99 2534 151 2590 tur
167 2525 274 2612 gladio
293 2524 333 2589 ad
349 2524 527 2612 propiorem
540 2522 637 2588 habili
649 2545 790 2609 pugnam
794 2546 804 2600 3
822 2529 977 2586 armatum
995 2520 1129 2587 adorna-

100 2629 229 2706 tumque
248 2621 399 2686 adversus
419 2615 547 2685 Gallum
566 2618 677 2683 stolide
694 2617 811 2683 laetum
829 2624 861 2680 et
872 2653 915 2664 —
928 2615 1077 2699 quoniam
1094 2615 1128 2680 id

95 2722 226 2800 quoque
247 2715 398 2780 memoria
419 2714 551 2800 dignum
573 2712 708 2797 antiquis
729 2712 835 2776 visum
857 2718 906 2776 est
922 2748 965 2759 -
986 2708 1127 2797 linguam

96 2809 196 2875 etiam
212 2808 254 2874 ab
270 2809 370 2874 inrisu
387 2816 583 2874 exserentem
600 2807 786 2893 producunt.
820 2805 975 2892 recipiunt
995 2805 1068 2869 inde
1091 2826 1125 2870 se
1144 2824 1159 2873 6

95 2903 139 2970 ad
161 2904 343 2982 stationem3
371 2911 403 2968 et
423 2902 487 2967 duo
507 2903 541 2965 in
561 2901 665 2966 medio
692 2900 803 2965 armati
829 2899 999 2986 spectaculi
1024 2899 1126 2986 magis

95 3019 187 3064 more
212 3019 308 3082 quam
334 2997 405 3084 lege
427 2995 502 3062 belli
525 2995 748 3072 destituuntur,
775 3015 974 3078 nequaquam
995 2994 1067 3059 visu
1088 3015 1127 3058 ac

97 3091 204 3177 specie
217 3090 456 3158 aestimantibus
470 3112 577 3176 pares:
595 3110 708 3174 corpus
722 3087 811 3151 alteri
828 3087 1043 3172 magnitudine
1061 3086 1127 3150 exi·
1145 3106 1160 3153 a

97 3185 211 3265 mium,
229 3185 410 3252 versicolori
422 3193 510 3250 veste
523 3183 677 3269 pictisque
691 3191 721 3246 et
734 3201 810 3246 auro
824 3179 951 3244 caelatis
964 3179 1125 3264 refulgens

95 3280 194 3348 armis
198 3306 208 3360 3
226 3281 332 3346 media
343 3280 378 3345 in
390 3279 487 3345 altero
499 3278 640 3343 militaris
655 3284 774 3342 statura
786 3274 971 3358 modicaque
984 3273 1018 3337 in
1030 3273 1125 3338 armis

94 3374 256 3443 habilibus
279 3375 381 3462 magis
404 3396 500 3458 quam
522 3372 644 3437 decoris
667 3370 797 3456 species.
833 3391 896 3434 non
914 3377 1038 3446 cantus,
1061 3387 1160 3437 nona

93 3469 249 3536 exultatio
277 3489 496 3552 armorumque
523 3465 652 3553 agitatio
673 3487 768 3541 vana,
797 3463 854 3528 sed
874 3471 985 3549 pectus
1007 3462 1127 3527 animo-

93 3586 166 3630 rum
183 3562 313 3647 iraeque
330 3563 443 3628 tacitae
459 3561 588 3649 plenum
606 3581 731 3625 omnem
748 3556 898 3623 ferociam
910 3557 945 3623 in
957 3555 1126 3622 discrimen

93 3658 201 3746 ipsum
215 3657 394 3724 certaminis
409 3655 580 3722 distulerat.
607 3653 663 3719 ubi
675 3653 841 3718 constitere
853 3651 935 3716 inter
947 3651 1026 3717 duas
1040 3651 1124 3716 acies
1143 3667 1158 3716 a

92 3762 142 3819 tot
159 3753 245 3819 circa
257 3751 436 3818 mortalium
449 3749 561 3816 animis
575 3770 631 3834 spe
644 3757 791 3832 metuque
804 3745 1027 3833 pendentibus,
1047 3741 1125 3810 Gal-

93 3847 145 3914 lus
166 3848 257 3914 velut
277 3848 378 3914 moles
397 3867 532 3933 superne
548 3843 704 3909 inminens
722 3842 861 3929 proiecto
877 3841 968 3906 laeva
985 3846 1073 3904 scuto
1090 3837 1124 3900 in

95 3940 291 4009 advenientis
305 3965 392 4008 arma
404 3940 505 4007 hostis
523 3961 639 4004 vanum
657 3937 773 4004 caesim
792 3959 864 4002 cum
880 3933 1001 4020 ingenti
1018 3928 1123 3995 sonitu

95 4056 206 4102 ensem
232 4035 359 4103 deiecit:
385 4036 549 4102 Romanus
576 4053 725 4098 mucrone
752 4030 911 4105 subrecto,
939 4047 1011 4090 cum
1033 4030 1123 4089 scuto
1142 4040 1176 4089 ιο
