2566 4524
135 282 198 348 168
390 292 509 347 LIBER
525 292 582 362 111,
600 290 643 346 47.
652 291 693 346 48.
714 295 788 360 [au.
799 308 823 347 c.
835 290 898 361 305]

135 453 301 519 comitatus
319 451 480 517 muliebris
498 451 571 537 plus
584 450 679 514 tacito
692 450 767 514 fletu
785 471 881 533 quam
894 448 960 513 ulla
976 471 1040 514 vox
1057 471 1150 515 move

99 568 117 615 4
133 548 198 613 bat
225 547 375 611 adversus
391 568 471 630 quae
485 544 590 610 omnia
604 544 760 610 obstinato
775 544 879 608 animo
888 541 1017 630 Appius
1027 554 1151 609 —tanta

133 642 182 707 vis
201 642 354 706 amentiae
372 640 477 704 verius
495 661 590 724 quam
599 640 714 705 amoris
728 648 866 704 mentem
878 638 1061 704 turbaverat
1072 638 1149 703 —iu

134 735 270 801 tribunal
288 734 441 812 escendit,
470 742 501 798 et
517 733 599 800 ultro
622 743 770 818 querente
787 755 890 818 panea
905 734 1054 819 petitore,
1080 730 1150 818 quod
1190 816 1196 825 Ι

133 831 183 895 ius
207 828 267 894 sibi
287 828 388 914 pridie
408 850 466 915 per
487 828 689 894 ambitionem
712 829 830 893 dictum
852 850 916 892 non
937 838 1038 906 esset,
1065 828 1149 913 prius·
1186 846 1196 887 r

134 946 230 1008 quam
247 932 302 988 aut
322 923 375 987 ille
396 922 587 1008 postulatum
606 931 769 1009 perageret
790 931 845 987 aut
861 921 1015 1009 Verginio
1037 944 1148 1009 respon-
1180 973 1183 981 .

100 1039 116 1086 5
135 1017 229 1082 dendi
247 1017 372 1082 daretur
388 1016 487 1094 locus,
505 1015 632 1102 Appius
650 1016 822 1081 interfatur.
850 1038 944 1100 quem
961 1016 1089 1082 decreto
1101 1036 1151 1081 ser·

133 1134 260 1176 monem
268 1111 484 1197 praetenderit,
503 1110 611 1175 forsan
620 1109 756 1194 aliquem
765 1132 874 1174 verum
888 1119 1033 1174 auctores
1048 1104 1152 1193 antiqui

134 1205 331 1284 tradiderint3
349 1205 423 1289 quia
439 1227 596 1288 nusquam
613 1204 713 1268 ullum
730 1204 763 1267 in
781 1214 867 1268 tanta
883 1203 1036 1270 foeditate
1050 1199 1150 1269 decreti

134 1300 201 1365 veri
219 1299 352 1366 similem
369 1299 505 1377 invenio,
523 1300 556 1362 id
574 1299 658 1383 quod
676 1307 799 1363 constat
812 1299 935 1362 ¹nudum
953 1298 1080 1363 videtur
1094 1318 1153 1384 pro·
1180 1340 1183 1345 -

101 1415 116 1465 a
133 1394 323 1480 ponendum,
343 1394 488 1459 decresse
497 1393 649 1458 vindicias
661 1393 833 1457 secundnm
848 1392 1042 1458 servitutem.
1065 1393 1154 1478 primo

135 1498 245 1572 stupor
262 1509 371 1552 omnes
385 1487 588 1551 admiratione
601 1486 647 1551 rei
660 1495 723 1550 tam
738 1486 851 1550 atrocis
865 1485 989 1564 defixit3
1009 1486 1154 1552 silentium

134 1582 207 1645 inde
229 1580 421 1664 aliquamdiu
443 1581 551 1644 tenuit.
588 1580 674 1658 dein,
698 1601 770 1644 cum
788 1580 835 1645 M.
856 1578 1012 1645 Claudius
1035 1582 1153 1647 circum·

136 1673 290 1739 stantibus
307 1674 457 1738 matronis
475 1674 533 1739 iret
550 1674 591 1739 ad
607 1675 821 1759 prendendam
837 1674 993 1760 virginem
1016 1674 1153 1741 lamenta·

133 1767 268 1852 bilisque
286 1790 358 1832 eum
376 1766 542 1831 mulierum
560 1767 762 1853 comploratio
781 1768 969 1853 excepisset,
994 1767 1155 1855 Verginius

100 1885 114 1930 7
133 1864 291 1926 intentans
305 1862 338 1924 in
350 1862 493 1947 Appium
507 1884 628 1938 manus,
649 1861 771 1940 ‘Icilia’
788 1862 889 1945 inquit
907 1860 1016 1948 ‘Appi
1035 1886 1098 1928 non
1108 1858 1153 1927 titi

134 1957 231 2020 filiam
252 1956 407 2040 despondi
428 1965 459 2020 et
482 1957 522 2020 ad
544 1957 683 2041 nuptias,
711 1979 775 2022 non
796 1958 837 2021 ad
855 1966 1001 2042 stuprum
1022 1954 1152 2023 educavi

133 2050 237 2135 placet
258 2052 415 2135 pecudum
437 2050 637 2134 ferarumque
657 2052 721 2116 ritu
745 2052 901 2137 promisce
923 2052 956 2116 in
978 2051 1151 2118 concubitus

133 2144 243 2209 ruere?
262 2144 427 2229 passurine
439 2144 518 2210 haec
529 2145 583 2209 isti
597 2146 668 2224 sint,
686 2147 809 2225 nesci03
827 2168 891 2212 non
905 2168 999 2231 spero
1013 2166 1150 2233 esseput·
1194 2188 1196 2197 ι

99 2256 116 2307 8
136 2261 226 2305 suros
248 2238 318 2305 illos
341 2239 396 2323 qui
418 2262 505 2304 arma
526 2238 662 2304 habent?
697 2263 770 2305 cum
794 2241 999 2326 repelleretur
1024 2242 1150 2307 adsertor
1191 2316 1195 2330 ἱ

133 2333 264 2419 virginis
287 2358 306 2398 a
331 2334 426 2420 globo
448 2334 614 2399 mulierum
641 2334 970 2419 circumstantiumque
999 2337 1149 2402 advocato
1188 2408 1196 2423 ,1

133 2449 214 2505 rum,
234 2427 392 2492 silentium
410 2429 529 2493 factum
546 2451 603 2514 per
618 2450 815 2513 praeconem.
1188 2482 1196 2514 Ι.

101 2543 115 2590 1
197 2520 440 2586 XXXXVIII.
467 2521 647 2599 Decemvir,
667 2522 818 2587 alienatus
829 2523 869 2586 ad
877 2521 1041 2588 libidinem
1051 2523 1148 2597 anino,
1189 2514 1196 2581 ἶ

132 2626 228 2701 negat
246 2637 286 2679 ex
303 2615 449 2680 hesterno
468 2626 589 2680 tantum
612 2617 749 2682 convitio
767 2616 836 2680 [cili
858 2617 1069 2702 violentiaque
1086 2616 1148 2681 Ver-

133 2709 224 2795 ginii,
245 2710 333 2772 cuius
352 2719 463 2773 testem
481 2710 633 2794 populum
649 2710 829 2775 Romanum
846 2710 975 2788 habeat,
997 2714 1054 2778 sed
1071 2708 1145 2777 eatis

133 2824 257 2886 quoque
275 2802 398 2866 indiciis
418 2815 600 2889 conpertum
619 2828 652 2870 se
670 2804 795 2882 habere,
815 2815 905 2869 nocte
928 2816 994 2870 tota
1014 2804 1146 2872 coetusiu

100 2915 116 2962 2
134 2895 212 2960 urbe
230 2896 330 2960 factos
348 2919 418 2961 esse
436 2899 676 2963 admovendam
691 2900 884 2964 seditionem.
911 2900 1020 2984 itaque
1033 2894 1143 2967 seland

132 2989 266 3054 inscium
285 2990 352 3056 eius
370 2992 577 3059 dimicationis
597 3016 668 3058 cum
682 2993 809 3058 armatis
823 2994 1035 3073 descendisse,
1054 3000 1143 3061 notul

132 3106 322 3169 quemqnam
349 3087 490 3170 quietum
516 3089 660 3166 violaret,
693 3089 749 3153 sed
775 3098 810 3152 ut
836 3089 1000 3154 turbantes
1031 3084 1142 3155 civitatis

98 3181 230 3248 sotium
251 3203 309 3265 pro
332 3182 495 3246 maiestate
522 3183 644 3267 imperii
667 3192 832 3247 coerceret.
870 3183 1016 3269 ‘proinde
1039 3184 1141 3268 quierat

132 3275 190 3338 erit
207 3274 343 3352 melius,’
365 3277 475 3359 inquit.
504 3276 621 3353 ‘lictor,
646 3276 798 3341 submove
820 3276 944 3341 turbam
967 3288 1000 3342 et
1018 3280 1058 3344 da
1078 3276 1141 3341 viru

132 3367 257 3431 domino
276 3368 316 3430 ad
333 3370 549 3452 prendendum
562 3370 772 3456 mancipium.’
799 3393 871 3437 eum
884 3370 964 3436 haec
976 3370 1140 3437 intonuisset

131 3460 242 3546 plenus
261 3461 334 3538 irae,
354 3464 520 3528 multitudo
537 3465 608 3549 ipsa
627 3487 660 3528 se
679 3487 737 3529 sua
756 3475 866 3550 sponte
880 3465 1013 3531 dimovit
1026 3468 1143 3532 desem·

97 3577 114 3621 4
132 3576 193 3637 que
210 3555 326 3638 praeda
343 3555 472 3621 iniuriae
490 3558 595 3642 puella
613 3558 725 3622 stabat.
757 3571 823 3622 tum
841 3557 1033 3646 Verginius,
1044 3560 1093 3625 ubi
1106 3552 1142 3620 nl·

131 3648 176 3710 hil
194 3669 328 3730 usquam
346 3650 453 3713 auxilii
471 3652 562 3728 vidit,
588 3652 744 3736 ‘quaeso,'
766 3653 867 3736 inquit
886 3651 1003 3739 ‘Appi,
1025 3654 1143 3741 primm
1169 3662 1172 3667 '

130 3743 260 3828 ignosce
281 3744 381 3826 patrio
404 3745 517 3822 dolori,
546 3747 573 3811 si
595 3768 658 3830 quo
680 3747 898 3811 inclementius
916 3747 950 3811 in
972 3759 1003 3812 te
1025 3770 1091 3814 sum
1104 3742 1143 3807 iu*

130 3846 254 3913 vectus,
282 3836 393 3900 deinde
412 3838 496 3903 sinas
515 3839 566 3903 hic
585 3863 690 3904 coram
713 3841 833 3928 virgine
856 3841 1009 3906 nutricem
1031 3855 1145 3929 percon*

130 3932 198 4010 tari,
217 3930 293 4015 quid
301 3929 362 3995 hoc
370 3932 415 3995 rei
429 3933 478 4011 sit,
497 3943 541 4011 ut,
562 3935 588 3998 si
602 3934 682 3998 falso
696 3944 785 4019 pater
798 3935 900 4000 dictus
914 3959 996 4015 sum,
1014 3931 1142 4019 aequior&

95 4045 112 4094 5
129 4025 203 4090 hinc
220 4025 324 4090 animo
342 4026 520 4092 discedam?
556 4029 629 4092 data
646 4029 737 4093 venia
756 4029 877 4094 seducit
893 4030 991 4096 filiam
1008 4054 1044 4096 ac
1060 4018 1144 4095 nutri*
