2566 4524
320 251 438 307 amns
449 252 506 324 111,
524 252 567 310 ss.
579 255 624 311 ss.
643 260 681 325 [a.
691 253 722 312 c.
730 255 791 311 451.
805 257 868 327 rso]
1045 247 1106 313 157

77 411 221 503 gistratui
238 419 320 476 erat:
339 409 494 476 criminari
511 412 687 497 optimates,
706 415 854 480 extollere
871 416 1107 483 candidatorum

77 510 273 576 levissimum
295 528 453 590 quemque
474 506 759 592 humillimumque,
786 510 854 595 ipse
876 511 999 575 medius
1026 511 1140 581 intera

77 604 273 680 tribunicios,
295 601 441 669 Duellios
458 602 642 686 Iciliosque,
660 604 694 668 in
711 604 779 668 foro
799 604 940 683 volitare,
962 627 1019 692 per
1036 606 1106 672 illos

77 723 112 766 se
130 698 214 785 plebi
231 697 408 773 venditare,
435 697 537 761 donec
553 695 692 784 collegae
710 719 849 782 quoque,
876 699 931 782 qui
952 699 1044 764 unice
1061 700 1108 765 illi

77 793 172 859 dediti
189 792 316 856 fixerant
332 791 373 855 ad
390 791 424 854 id
441 800 574 876 tempus,
594 792 753 856 coniecere
771 792 804 855 in
822 814 895 856 eum
913 793 1030 870 oculos,
1049 794 1109 859 mi-

77 901 191 964 rantes,
212 886 290 970 quid
308 884 369 949 sibi
387 885 490 949 vellet.
526 907 685 970 apparere,
703 885 782 950 nihil
800 887 912 952 sinceri
930 910 1015 965 esse3
1033 911 1106 973 pro-
1124 909 1139 957 c

77 982 156 1047 fecto
178 981 269 1046 haud
289 980 458 1066 gratuitam
484 979 518 1044 in
540 988 627 1044 tanta
653 980 800 1065 superbia
821 982 1000 1047 comitatem
1022 982 1106 1062 fore3

77 1077 206 1141 nimium
225 1076 260 1138 in
278 1075 418 1138 ordinem
441 1096 476 1139 se
497 1073 603 1159 ipsum
625 1097 738 1161 cogere
761 1085 792 1139 et
809 1075 931 1162 volgari
952 1099 1025 1140 cum
1041 1077 1106 1161 pri·
1178 1084 1185 1091 '

77 1172 167 1248 vatis,
195 1193 261 1234 non
284 1179 348 1233 tam
370 1169 566 1254 properantis
588 1168 674 1233 abire
697 1170 882 1255 magistratu
904 1193 1000 1254 quam
1021 1171 1106 1235 viam

77 1267 113 1331 sd
131 1265 381 1331 continuandum
398 1263 616 1350 magistratum
635 1264 813 1348 quaerentis
831 1287 911 1329 esse.
942 1265 1105 1350 propalam
1125 1287 1139 1333 7

77 1361 200 1427 obviam
219 1360 264 1424 ire
284 1359 445 1442 cupiditati
461 1380 573 1443 parum
591 1358 670 1435 ausi,
688 1359 891 1443 obsequendo
909 1359 1029 1424 mollire
1046 1360 1105 1423 im-

77 1467 181 1542 petum
199 1453 435 1539 adgrediuntur.
458 1453 653 1517 comitiorum
671 1452 718 1517 illi
734 1453 960 1532 habendorum,
978 1454 1105 1537 quando

77 1550 222 1615 minimus
244 1558 322 1612 natu
344 1547 397 1624 sit,
424 1569 539 1611 munus
562 1569 717 1613 consensu
739 1548 916 1634 iniungnnt.
952 1571 1003 1614 ars
1025 1548 1104 1613 haec
1122 1567 1139 1616 8

77 1656 153 1721 erat,
177 1665 217 1707 ne
237 1641 422 1725 semetipse
440 1662 545 1706 creare
566 1653 688 1727 posset,
711 1643 796 1725 quod
818 1653 942 1727 praeter
963 1643 1105 1709 tribunos

77 1738 166 1825 plebi,
185 1748 217 1802 et
235 1736 268 1801 id
286 1737 390 1822 ipsum
407 1736 546 1821 pessimo
565 1736 718 1821 exemplo,
737 1759 830 1800 nemo
843 1759 993 1820 umquam
1011 1737 1106 1802 fecis·

78 1844 132 1901 set.
157 1833 210 1898 ille
225 1833 394 1910 enimvero,
413 1833 498 1915 quod
510 1831 591 1896 bene
604 1843 714 1910 vertat,
733 1832 914 1898 habiturum
928 1855 962 1898 se
980 1834 1106 1898 comitia

78 1929 251 2015 professus,
274 1927 533 2012 impedimentum
550 1950 608 2012 pro
626 1929 790 1992 occasione
809 1928 938 2013 arripuit
959 1927 1103 1992 deiectis·
1122 1946 1136 1995 9

84 2043 141 2106 que
154 2023 271 2087 honore
289 2044 346 2106 per
363 2022 529 2087 coitionem
546 2021 670 2086 duobus
690 2021 855 2105 Quinctiis,
876 2020 1055 2108 Capitolino
1073 2030 1105 2086 et

88 2113 272 2194 Cincinnato,
293 2127 324 2181 et
340 2128 451 2201 patruo
470 2139 527 2181 suo
547 2115 585 2181 Ο.
601 2115 746 2193 Claudio,
766 2117 1019 2182 constantissimo
1037 2116 1104 2181 viro

77 2208 117 2299 ⁵in
134 2212 324 2297 optimatium
341 2233 447 2289 causa,
466 2222 498 2276 et
515 2210 584 2276 aliis
603 2211 743 2275 eiusdem
761 2211 882 2296 fastigii
900 2210 1031 2289 civibus,
1050 2232 1106 2276 ne-

77 2306 232 2390 'quaqnam
255 2301 421 2390 splendore
442 2305 526 2370 vitae
548 2328 640 2391 pares
668 2305 861 2369 decemviros
888 2316 986 2383 creat,
1015 2327 1049 2368 se
1070 2305 1105 2368 in
1124 2322 1156 2370 ιο

94 2399 197 2482 primis,
225 2400 311 2484 quod
337 2399 423 2464 haud
450 2422 540 2464 secus
563 2399 683 2464 factum
704 2399 871 2483 inprobant
893 2399 982 2475 boni,
1011 2420 1106 2482 quarn

96 2512 166 2559 nemo
182 2495 288 2560 facere
306 2517 456 2559 ausurum
474 2494 658 2559 crediderat.
694 2493 790 2558 creati
807 2515 879 2557 cum
903 2515 940 2557 eo
958 2491 1006 2556 M.
1027 2491 1106 2556 Cor·
1125 2511 1155 2558 11

97 2587 174 2653 celius
191 2588 433 2674 Maluginensis,
452 2587 499 2653 M.
521 2586 662 2674 Sergius,
681 2589 723 2652 L.
737 2587 909 2664 Minucius
929 2586 970 2669 Q.
984 2584 1104 2650 Fabius

97 2674 261 2760 lhbulanns,
282 2682 322 2765 Q.
340 2682 503 2761 Poetilius,
522 2683 561 2748 Τ.
580 2684 739 2748 Antonius
758 2682 921 2760 Merenda,
940 2681 984 2746 K.
1003 2679 1105 2744 Duel-

77 2770 150 2855 llus,
167 2777 222 2863 Sp.
243 2775 369 2863 Oppius
389 2776 554 2854 Cornicen,
573 2776 630 2843 Μ’.
648 2777 833 2842 Rabuleius.

77 2860 84 2945 ἶ
144 2871 308 2937 XXXVI.
344 2873 402 2936 llle
419 2872 491 2936 finis
508 2871 616 2958 Appio
639 2872 758 2937 alienae
780 2894 933 2957 personae
956 2868 1105 2935 ferendae
1124 2889 1137 2936 1

77 2960 154 3043 :fuit3
174 2991 228 3033 suo
249 2968 313 3032 iam
335 2968 408 3032 inde
430 2969 536 3032 vivere
557 2968 684 3054 ingenio
707 2968 810 3052 eoepit
826 2988 988 3050 novosque
1011 2965 1106 3030 colle·

97 3080 145 3143 gas
164 3063 222 3128 iam
245 3063 429 3150 priusquam
455 3064 568 3130 inirent
594 3064 813 3149 magistratum
839 3064 872 3127 in
899 3084 973 3126 suos
1000 3082 1103 3125 mores

97 3150 220 3223 formare.
254 3159 369 3223 cotidie
388 3158 513 3224 coibant
530 3159 658 3223 remotis
677 3158 815 3223 arbitris:
842 3157 914 3220 inde
936 3153 1138 3238 inpotenti-2

96 3243 143 3314 bus
154 3251 289 3317 instructi
303 3253 451 3331 consiliis,
470 3275 550 3337 quae
566 3264 685 3317 secreto
699 3253 739 3317 ab
753 3252 821 3316 aliis
836 3248 1021 3334 coquebant,
1040 3247 1104 3310 iam

96 3336 163 3408 haud
178 3347 403 3412 dissimulando
422 3347 614 3432 superbiam,
632 3348 694 3411 rari
708 3347 825 3423 aditus,
845 3340 1103 3426 conloquentibus

95 3434 226 3518 difficiles,
246 3442 289 3507 ad
304 3442 376 3507 idus
394 3441 499 3506 Maias
517 3465 584 3507 rem
601 3443 785 3526 perduxere.
821 3440 893 3503 idus
912 3449 979 3502 tum
996 3435 1103 3500 Maiae
1122 3456 1137 3503 3

95 3530 239 3600 sollemnes
256 3536 403 3600 ineundis
421 3536 656 3622 magistratibus
675 3545 771 3599 erant.
808 3534 897 3598 initio
919 3534 1015 3618 igitur
1037 3554 1103 3593 ma-

94 3622 220 3707 udatus
239 3630 376 3716 primum
393 3630 520 3696 honoris
539 3631 621 3694 diem
642 3629 874 3693 denuntiatione
892 3627 1027 3713 ingentis
1042 3638 1104 3687 ter-

92 3720 154 3786 roris
177 3725 335 3812 insignem
362 3725 476 3791 fecere.
520 3748 594 3789 nam
621 3747 692 3789 cum
719 3724 763 3787 ita
789 3724 907 3808 priores
935 3717 1104 3788 decemviri

92 3832 264 3898 errassent,
288 3830 323 3884 ut
340 3842 422 3885 unns
440 3821 544 3885 fasces
562 3819 692 3884 haberet
710 3829 740 3882 et
757 3818 818 3882 hoc
835 3818 958 3902 insigne
980 3814 1103 3898 regium

90 3903 235 3979 inorbem
256 3938 348 3981 snam
375 3916 526 4000 cuiusque
553 3916 654 3978 vicem
680 3936 736 3998 per
763 3935 872 3977 omnes
898 3913 970 3987 iret,
999 3904 1102 3972 subito

86 4021 182 4073 omnes
203 4032 277 4075 cum
299 4010 452 4076 duodenis
479 4010 619 4075 fascibus
645 4008 797 4094 prodiere.
839 4016 965 4071 centum
990 3999 1136 4085 vigintit
