2566 4524
131 241 195 309 252
415 254 534 310 amsa
551 255 587 325 v,
606 253 630 307 1.
645 253 669 307 a.
690 255 727 322 [a
737 269 764 307 u.
775 269 798 308 ο.
807 252 872 322 351]

515 727 632 811 TITI
657 725 782 808 LIVI

329 960 331 966 .
381 917 449 980 ΑΒ
478 919 623 980 vanu
657 915 913 980 corurrs

554 1141 682 1200 LIBER
703 1139 743 1201 V.

98 1276 112 1324 1
195 1257 223 1323 Ι.
253 1256 339 1322 Pace
361 1255 435 1322 alibi
457 1264 567 1342 parata
583 1253 720 1320 Romani
741 1252 877 1337 Veiique
897 1253 932 1317 in
957 1254 1051 1322 armis
1070 1262 1138 1321 aaa

131 1359 219 1417 tanta
226 1350 273 1416 ira
287 1351 430 1434 odioque,
449 1361 485 1415 ut
497 1350 588 1414 victis
603 1349 699 1413 linem
712 1349 824 1413 adesse
837 1357 1011 1434 appareret.
1038 1349 1139 1415 comitia

97 1467 113 1515 a
131 1447 294 1531 utriusque
311 1445 421 1532 populi
436 1444 530 1531 longe
548 1445 673 1509 diversa
690 1444 810 1508 ratione
823 1443 908 1508 facta
922 1453 1005 1509 sunt.
1027 1440 1139 1511 Romani

132 1563 246 1606 auxere
264 1540 460 1605 tribunorum
477 1539 612 1603 militum
630 1537 787 1604 consulari
808 1546 964 1623 potestate
983 1560 1139 1619 numerum

133 1646 212 1712 octo,
232 1647 307 1717 quot
320 1657 493 1718 numquam
507 1645 600 1699 antea
612 1632 723 1698 creati:
741 1631 798 1696 Μ’.
807 1630 965 1698 Aemilius
980 1633 1138 1699 Mamercus

132 1729 254 1806 iterum,
272 1730 314 1793 L.
325 1728 471 1793 Valerius
480 1727 605 1792 Potitus
620 1727 754 1804 tertium,
773 1725 837 1812 Ap.
850 1725 1006 1793 Claudius
1016 1724 1140 1805 cassus,

131 1821 179 1888 M.
200 1822 389 1906 Quinctilius
407 1822 522 1901 Varus,
541 1824 582 1887 L.
601 1821 702 1886 Iulius
720 1821 820 1899 Iulus,
838 1820 886 1886 M.
900 1820 1091 1901 Postumius,
1104 1818 1141 1887 M.

100 1937 115 1984 3
132 1918 247 1983 Furius
267 1917 434 1994 Camillus,
457 1916 505 1980 M.
524 1916 708 1981 Postumius
733 1913 883 1980 Albinus.
919 1915 1070 1983 Veientes
1086 1938 1142 1983 ocu·

132 2021 180 2076 tra
198 2012 300 2075 taedio
318 2033 440 2075 annuae
458 2009 647 2088 ambitionis,
666 2032 747 2095 quae
764 2010 921 2075 interdum
935 2011 1142 2078 discordiarum

132 2127 229 2169 causa
250 2115 330 2183 erat,
356 2127 464 2191 regem
486 2127 640 2169 creavere.
686 2104 817 2170 offendit
839 2127 877 2169 ea
900 2127 953 2169 res
974 2106 1144 2192 populosus

131 2197 278 2264 Etruriae
297 2199 418 2265 animos
436 2223 501 2266 non
517 2200 635 2265 maiore
653 2199 725 2265 odio
743 2199 833 2285 regni
845 2221 941 2282 quam
954 2198 1056 2286 ipsius
1067 2198 1144 2287 regis-

97 2315 115 2363 4
129 2294 237 2382 gravis
255 2295 319 2359 iam
335 2295 363 2360 is
381 2304 473 2360 antea
491 2295 578 2382 genti
594 2293 698 2359 fuerat
716 2292 830 2378 opibus
848 2292 1144 2379 superbiaque,qu

133 2390 295 2455 sollemnia
311 2389 466 2468 ludorum,
486 2413 565 2474 quos
583 2389 745 2453 intermitti
762 2388 852 2453 nefas
871 2398 929 2466 est,
948 2389 1098 2455 violenter
1110 2386 1146 2452 di·

98 2504 113 2552 5
131 2485 284 2562 remisset‚
303 2507 375 2550 cum
393 2485 434 2550 ob
451 2485 531 2549 iram
547 2482 703 2569 repulsae,
722 2484 807 2567 quod
825 2484 979 2570 suffragio
997 2481 1161 2550 duodecin

130 2579 317 2664 populorum
336 2579 415 2643 alius
435 2580 580 2644 sacerdos
594 2578 623 2642 ei
636 2577 793 2663 praelatus
808 2588 901 2655 esset,
921 2578 1068 2657 artifices,
1085 2597 1147 2663 quo·

130 2696 201 2737 rum
219 2696 335 2758 magna
352 2695 424 2757 pars
443 2673 542 2758 ipsius
562 2671 644 2736 servi
661 2680 764 2750 erant,
791 2694 831 2736 ex
848 2671 954 2737 medio
976 2672 1095 2739 ludicro
1109 2690 1147 2737 re·

97 2789 112 2836 6
131 2776 224 2851 pente
243 2765 382 2830 abduxit.
406 2789 484 2852 gens
503 2767 607 2849 itaque
626 2776 698 2830 ante
715 2789 824 2831 omues
843 2766 920 2832 alias
939 2789 977 2832 eo
992 2768 1093 2855 magis
1104 2766 1147 2831 dc·

131 2860 195 2924 dita
203 2860 416 2945 religionibus,
436 2861 521 2944 quod
535 2861 700 2927 excelleret
714 2871 780 2927 arte
790 2863 912 2927 colendi
926 2878 992 2945 eas,
1012 2862 1146 2931 auxilium

130 2951 316 3018 Veientibus
339 2956 532 3040 negandum,
559 2957 660 3020 donec
683 2956 742 3021 sub
769 2979 844 3044 rege
866 2967 988 3036 essent,
1017 2954 1145 3024 decrevit·

98 3069 111 3115 7
130 3047 219 3112 errius
238 3048 354 3113 decreti
372 3073 541 3136 suppressa
559 3050 644 3115 fama
662 3059 711 3115 est
723 3049 812 3116 Veiis
834 3061 963 3137 propter
979 3063 1097 3118 metum
1110 3070 1146 3114 re·

129 3142 189 3231 gis,
209 3143 276 3227 qui,
295 3168 315 3210 a
332 3166 394 3228 quo
414 3145 475 3210 tale
493 3145 570 3229 quid
588 3146 706 3209 dictum
722 3144 903 3223 referretur,
922 3168 981 3231 pro
1001 3140 1144 3212 seditionis

96 3255 111 3305 8
130 3261 203 3303 eum
224 3239 379 3325 principe,
402 3264 466 3305 non
490 3240 563 3305 vani
587 3239 739 3306 sermonis
762 3249 887 3305 auctore
904 3238 1055 3307 habebat.
1093 3237 1144 3304 Ro

129 3333 231 3396 manis
258 3334 317 3397 etsi
343 3335 467 3417 quietae
493 3357 543 3400 res
567 3357 607 3399 ex
628 3333 757 3399 Etruria
778 3332 1019 3413 nuntiabantur,
1046 3344 1143 3405 uma

130 3425 205 3510 quia
217 3426 362 3491 omnibus
372 3429 512 3494 conciliis
526 3451 596 3493 eam
609 3451 676 3493 rem
687 3428 799 3514 agitari
812 3426 1025 3507 adferebatur,
1043 3429 1085 3493 ita
1090 3444 1144 3490 mu·

97 3539 111 3586 9
130 3519 272 3597 niebant,
294 3530 329 3585 ut
348 3523 494 3608 ancipitia
512 3523 706 3588 munimenta
723 3531 842 3601 essent,
866 3521 928 3586 alia
950 3522 985 3587 in
1002 3522 1142 3588 urbemet

131 3628 238 3680 contra
247 3616 473 3701 oppidanorum
483 3619 660 3704 eruptiones
670 3640 771 3695 versa,
782 3617 850 3682 aliis
860 3614 1142 3683 fronsinEtmrim

131 3719 276 3796 spectans
294 3713 427 3792 auxiliis,
447 3714 474 3778 si
492 3736 554 3797 qua
571 3714 651 3779 forte
668 3713 741 3778 inde
758 3712 910 3791 venirent,
925 3711 1140 3786 obstruebatur

96 3825 110 3872 1
193 3804 237 3871 H.
280 3805 364 3872 Cum
382 3832 454 3894 spes
472 3809 571 3872 maior
588 3807 828 3893 imperatoribus
847 3806 1002 3874 Romanis
1020 3807 1054 3872 in
1074 3798 1142 3871 obs'-

129 3899 222 3967 dione
239 3924 334 3987 quam
351 3904 384 3968 in
402 3904 634 3990 obpugnatione
653 3913 746 3982 esset,
765 3903 970 3970 hibernacula
987 3903 1087 3981 etiam,
1101 3910 1141 3961 Μ

127 4017 210 4062 nova
227 3997 317 4061 militi
334 3998 492 4077 Romano,
520 3999 677 4065 aedificari
695 4011 819 4086 coepta,
848 3999 1076 4085 consiliumque
1089 3991 1140 4058 eni
