2566 4524
144 229 210 296 440
315 276 318 281 -
352 239 471 295 LIBER
487 239 572 310 VIII,
589 237 632 296 39.
644 237 688 296 40.
709 240 746 313 [a
755 254 784 295 u.
793 254 818 296 c.
826 237 887 296 432.
899 237 965 312 433]

97 423 130 475 15
149 400 313 470 subtraxit.
349 398 467 486 placuit
489 420 562 464 cum
583 419 711 483 corpore
737 397 821 464 bona
846 420 974 484 quoque
1001 398 1067 466 eius
1091 400 1160 469 dedi

146 496 225 564 nihil
243 505 349 561 tamen
367 517 475 561 cerum
495 515 600 558 rerum
621 501 744 579 praeter
758 493 909 581 captivos
930 515 970 560 ac
992 494 1020 561 si
1040 517 1102 582 qua
1120 517 1161 562 co·

21 671 25 678 ,
144 593 234 681 gnita
247 613 286 656 ex
299 591 417 677 praeda
430 598 503 655 sunt
521 596 684 684 acceptum
698 597 756 667 est,
770 598 947 656 ceterarum
963 611 1070 656 rerum
1084 590 1162 657 imita

145 690 207 756 fuit
225 688 350 754 deditio.
387 686 520 751 dictator
537 708 577 750 ex
594 693 723 751 senatus
741 685 884 752 consulto
902 685 1114 773 triumphavit.

114 803 127 850 1
211 781 369 848 XXXX.
396 780 471 846 Hoc
492 780 611 846 bellum
633 780 851 847 aconsulibus
874 780 974 847 bellat
960 789 1030 848 tum
1051 781 1206 866 quidam

147 887 291 944 auctores
310 885 384 942 sunt
401 897 517 961 eosque
535 875 575 940 de
594 872 788 941 Samnitibus
807 875 1032 961 triumphasse,
1044 875 1206 943 Fabium·i

147 973 243 1038 etiam
258 971 293 1036 in
309 970 462 1059 Apuliam
478 970 671 1056 processisse
689 979 783 1055 atque
800 970 873 1035 inde
892 994 1028 1059 magnas
1045 956 1206 1058 praedesl

147 1066 261 1154 egisse
296 1088 356 1130 nec
373 1065 539 1151 discrepat,
558 1065 636 1149 quin
653 1064 787 1131 dictator
803 1087 841 1130 eo
858 1088 943 1131 anno
956 1064 1000 1131 A.
1012 1063 1160 1133 Cornelius
1196 1018 1206 1127 l

17 1191 20 1195 ·
113 1161 259 1228 tfuerit:
286 1162 320 1226 id
342 1160 524 1248 ambigitur,
543 1159 657 1226 belline
675 1161 805 1247 gerendi
822 1183 920 1226 causa
938 1170 1061 1227 creatus
1079 1161 1160 1227 sitan

147 1267 285 1322 uttesse
303 1255 457 1341 quiludis
471 1254 634 1333 Romanis,
650 1254 928 1340 quiaL.Plautt1us
945 1267 1037 1342 praet
1038 1279 1073 1322 or
1087 1254 1206 1371 grati

146 1350 258 1419 morbo
280 1351 360 1416 forte
330 1350 506 1436 tinplicit
507 1373 545 1414 us
572 1359 652 1427 crat,
676 1351 803 1437 signum
829 1360 886 1415 mrt
863 1351 990 1416 ttendis
1017 1328 1206 1461 quadrigis⁴

112 1446 236 1514 ederet
257 1446 346 1511 funct
334 1455 448 1531 tueque
467 1467 504 1510 eo
521 1444 607 1510 haud
629 1467 704 1509 sane
726 1446 951 1510 memorandi
941 1446 1066 1531 imperii
1085 1443 1161 1510 mini-

148 1541 242 1607 sterio
265 1562 299 1606 se
322 1541 418 1606 dictat
406 1550 477 1606 tura
501 1539 673 1618 abdicaret3
700 1562 758 1606 nec
780 1539 945 1605 facilet
895 1548 945 1606 est
967 1550 1023 1605 aut
1043 1562 1106 1605 rem
1125 1537 1194 1631 rei·

113 1652 130 1698 4
148 1645 202 1701 aut
220 1645 379 1701 auctorem
397 1636 516 1702 auctori
533 1634 699 1721 praeferre.
727 1634 867 1700 vitiatam
884 1636 1071 1701 memoriam
1086 1633 1161 1698 fune-

146 1729 255 1796 bribus
273 1729 420 1797 laudibus
438 1752 509 1796 reor
529 1729 682 1813 falsisque
704 1729 878 1816 imaginum
899 1729 1014 1809 titulis,
1038 1730 1109 1796 dum
1124 1726 1161 1791 fe·

146 1825 233 1891 milia
251 1825 292 1890 ad
310 1847 344 1891 se
362 1847 505 1909 quaeque
523 1823 642 1890 famem
658 1847 763 1890 rerum
780 1822 942 1911 gestarum
960 1825 1161 1906 honorumque

112 1935 129 1983 ι
147 1918 269 1985 fallenti
287 1920 450 1984 mendacio
468 1918 603 1984 trahunt.
630 1919 704 1984 iude
722 1929 804 1984 certe
823 1929 854 1984 et
872 1919 1069 2006 singulorum
1087 1925 1161 2004 geste

148 2023 180 2078 et
204 2013 332 2099 publica
362 2023 564 2079 monumenta
593 2036 698 2080 rerum
729 2013 870 2080 confusa.
918 2036 978 2079 nec
1011 2014 1163 2100 quisquam

147 2106 288 2190 aequalis
316 2106 509 2193 temporibus
535 2107 597 2173 illis
621 2109 754 2194 scriptor
776 2117 874 2187 extat,
902 2130 966 2192 quo
990 2111 1068 2176 satis
1093 2117 1163 2174 certo

145 2210 274 2268 auctore
296 2210 403 2267 stetur.

426 2554 642 2638 [ruurocrm
657 2561 766 2626 ιιιιι
782 2556 897 2638 vnn]

200 2688 248 2758 [Τ.
257 2688 402 2758 Veturius,
418 2685 537 2759 Spurius
550 2689 713 2744 Postumius
727 2691 860 2745 consules
874 2690 954 2760 apud
968 2689 1068 2746 furcas
1081 2688 1167 2748 Caudi·

145 2783 198 2821 uas
213 2765 337 2820 deducto
351 2766 489 2820 inlocum
504 2771 596 2821 ertum
610 2767 749 2838 exercitu,
769 2784 832 2823 cum
847 2783 913 2837 spes
928 2768 1012 2823 nulla
1027 2775 1102 2825 esset
1113 2783 1165 2823 ers-

146 2841 242 2910 deudi‚
256 2842 373 2898 foedere
384 2859 447 2896 cum
457 2843 631 2899 Samnitibus
639 2843 718 2900 facto
729 2850 759 2900 ιι
768 2843 906 2900 sescentis
917 2845 1069 2915 equitibus
1077 2847 1165 2902 Roma·

144 2919 190 2973 nis
202 2918 351 2974 obsidibus
362 2919 436 2975 datis
445 2919 486 2976 ita
495 2922 648 2977 exercitum
657 2923 851 2992 abduxerunt,
864 2927 898 2976 ut
907 2939 1010 2978 omnes
1021 2925 1075 2980 sub
1085 2924 1165 2994 iugum

144 2995 336 3067 mitterentur,
359 2996 490 3069 idemque
508 3004 625 3054 auctore
644 2999 746 3069 Spurio
761 3000 908 3054 Postumio
929 3002 1067 3072 consule,
1085 2998 1165 3073 quiin

146 3079 249 3131 senatu
263 3080 405 3144 suaserat,
423 3080 567 3131 uteorum
582 3076 740 3146 deditione,
756 3093 875 3148 quorum
885 3077 1046 3148 culpatam
1056 3079 1165 3135 deforme

144 3149 248 3207 foedus
263 3151 350 3208 ictum
360 3157 435 3222 erat,
454 3152 570 3222 publica
579 3151 651 3209 fides
661 3153 839 3222 liberaretur,
859 3170 923 3208 cum
933 3156 1053 3211 duobus
1062 3151 1166 3210 tribunis

143 3228 240 3301 plebis
258 3234 288 3284 et
305 3230 449 3300 omnibus,
468 3230 518 3300 qui
531 3229 635 3285 foedus
650 3231 876 3302 spoponderant,
895 3231 991 3286 dediti
1005 3230 1163 3289 Samnitibus

144 3323 203 3362 non
218 3312 285 3361 sunt
296 3306 414 3378 recepti.
432 3324 487 3362 nec
500 3309 589 3362 multo
599 3313 667 3378 post
675 3307 748 3363 fusis
758 3307 900 3378 ePapirio
911 3307 1043 3366 Cursore
1052 3303 1164 3367 Samnlfi·

142 3383 198 3439 bus
212 3390 242 3439 et
255 3385 308 3440 sub
322 3385 420 3455 iugum
429 3384 523 3439 missis
532 3385 714 3456 receptisque
723 3384 862 3440 sescentis
873 3385 1027 3456 equitibus
1036 3383 1163 3449 Romanis,

143 3460 194 3532 qui
208 3460 323 3515 obsides
337 3461 397 3516 dati
411 3466 506 3531 eraut,
524 3463 619 3532 pudor
631 3461 733 3535 flagitii
746 3460 849 3533 prioris
863 3462 995 3518 abolitus
1009 3471 1064 3521 ιιι
1088 3462 1163 3519 nitu

145 3536 219 3591 duae
242 3537 337 3592 adiect
325 3541 372 3592 tae
396 3543 475 3609 sunt,
450 3538 610 3594 tOufeut
590 3545 651 3595 tma
668 3546 698 3596 et
714 3541 853 3608 Falerna3
881 3538 993 3596 Suessa
1012 3549 1044 3598 et
1060 3539 1163 3597 Pontio

144 3613 275 3668 coloniae
285 3614 425 3671 deductae
435 3621 509 3670 suut.
540 3616 650 3688 Appius
661 3615 795 3672 Claudius
806 3632 910 3671 censor
920 3634 1030 3689 aquam
1039 3614 1161 3691 perduxit,

91 3725 97 3734 -
142 3690 595 3764 viamstravitqueeAppiaroca
596 3699 693 3764 ιιιιι,
712 3693 911 3750 libertinorum
920 3692 1161 3752 filiosinsenatun

142 3767 228 3840 legit:
250 3767 387 3839 ideoque,
405 3771 540 3841 quoniam
555 3770 581 3824 is
596 3772 667 3826 ordo
686 3735 812 3842 indignis
829 3771 1002 3843 inquinatus
1020 3773 1160 3833 videbatur,

143 3847 289 3920 sequentis
320 3848 388 3903 unni
418 3851 551 3904 consules
579 3851 814 3919 observaverunt,
841 3852 1085 3922 quemadmodum
1107 3850 1161 3904 ante

142 3925 286 3997 proximos
302 3943 436 3982 censores
449 3926 553 3982 fuerat.
570 3945 616 3983 res
626 3935 776 3999 praeterea
786 3933 886 3984 contra
895 3927 1028 4001 Apulos,
1041 3931 1160 3984 Euneos

143 4006 173 4057 et
181 4003 306 4059 Umbros
316 4010 345 4059 ιι
354 4004 466 4060 Marsos
477 4010 505 4059 ιι
513 4004 670 4076 Paelignos
684 4011 713 4060 et
722 4004 840 4075 Aequos
855 4011 885 4059 et
895 4003 1055 4079 Samnites,
1073 4002 1160 4077 quibu
