2566 4524
340 121 456 177 LIBER
473 121 572 193 mm,
592 123 616 177 o.
631 124 655 178 ι.
675 127 712 192 [a
724 122 753 179 (ι.
763 124 826 195 321]
1034 115 1098 182 447

56 285 174 370 risque
196 277 341 347 intentati
363 288 395 345 et
416 278 570 346 vulnerati
591 281 720 366 quidam
742 282 919 369 necarique,
944 285 971 351 si
993 286 1099 354 vultus

55 400 176 447 eorum
198 374 385 463 indignitate
406 397 512 441 rerum
534 375 634 442 acrior
654 376 804 444 victorem
827 378 1019 447 offendisset.
1055 383 1134 448 itae

55 471 203 543 maduoti
222 470 410 560 subiugum
427 481 473 550 et,
496 471 582 556 quod
603 494 704 559 paene
721 474 849 560 gravius
868 486 947 555 erat,
969 499 1027 564 per
1043 478 1100 544 ho·

55 570 162 639 stium
182 566 290 635 nemos
308 588 381 633 cum
393 587 417 632 e
436 565 517 634 saltu
535 568 723 647 evasissent,
748 568 808 635 etsi
824 568 911 636 velut
927 571 969 638 ab
989 572 1099 639 inferis

55 661 201 735 extracti
217 671 286 727 tum
302 661 440 749 primum
456 659 560 728 lucem
577 663 717 748 aspicere
730 664 792 730 visi
809 676 893 744 sunt,
907 675 1013 733 tamen
1030 668 1101 755 ipsa

54 759 116 827 lux
130 758 180 824 ita
193 756 334 823 deforme
351 755 544 822 intuentibus
559 778 674 844 agmen
687 758 772 823 omni
785 768 885 826 morte
898 758 1015 828 tristior
1028 762 1098 828 fuit.

53 853 174 940 itaque
187 873 261 918 cum
274 859 346 917 ante
359 860 485 917 noctem
495 848 639 937 Capuam
656 852 819 938 pervenire
832 864 971 939 possent,
989 856 1100 922 incerti
1116 877 1134 925 4

56 949 98 1017 de
117 946 188 1013 fide
207 944 363 1013 sociorum
381 954 412 1011 et
430 945 515 1030 quod
531 945 635 1031 pudor
654 946 890 1032 praepediebat,
914 949 997 1016 circa
1013 951 1099 1016 viam

56 1042 154 1111 haud
169 1040 283 1129 procul
301 1038 415 1128 Capua
433 1040 573 1106 omnium
591 1063 691 1128 egena
708 1063 840 1129 corpora
856 1041 945 1109 humi
961 1053 1099 1130 prostra-

58 1146 191 1206 verunt.
218 1135 304 1221 quod
317 1135 373 1202 ubi
386 1146 435 1202 est
445 1135 590 1222 Capuam
608 1136 794 1216 nuntiatum,
809 1137 924 1204 evincit
939 1140 1099 1206 miseratio
1117 1153 1134 1202 5

59 1232 149 1301 insta
166 1231 325 1298 sociorum
343 1230 523 1316 superbiam
540 1231 713 1318 ingenitam
723 1229 905 1318 Campanis.
933 1234 1099 1300 confestim
1118 1256 1133 1304 e
1258 1252 1262 1259 '

61 1326 205 1417 insignia
218 1349 276 1393 sua
289 1325 480 1405 oonsulibus,
494 1326 608 1405 fasces,
622 1325 762 1407 liotores3
780 1349 876 1406 arma,
887 1349 995 1414 equos,
1005 1331 1100 1396 vesti-

63 1432 188 1502 menta,
208 1433 402 1490 commeatus
420 1421 571 1488 militibus
589 1421 725 1510 benigne
743 1423 880 1503 mittunt,
899 1433 931 1491 ct
947 1424 1100 1491 venienti-
1118 1446 1132 1492 ι

64 1517 125 1587 bus
128 1516 285 1630 Capuam
298 1527 430 1583 cunctus
449 1525 538 1583 senat
539 1540 576 1583 us
594 1516 793 1602 populusque
806 1517 933 1586 obviam
950 1541 1098 1609 egressus

66 1614 157 1683 iustis
171 1612 320 1680 omnibus
332 1610 541 1698 hospitalibus
554 1612 747 1698 privatisque
760 1624 791 1679 et
803 1613 939 1699 publicis
956 1615 1100 1703 fungitur

67 1707 192 1775 officiis.
219 1729 321 1792 neque
334 1706 396 1773 illis
415 1707 570 1773 sociorum
589 1707 719 1773 comitas
734 1707 903 1802 vultusque
920 1708 1050 1798 benigni
1067 1720 1135 1776 ete

49 1802 217 1888 ¹adloquia
238 1825 302 1868 non
324 1802 418 1868 modo
441 1823 617 1869 sermonem
638 1802 764 1882 elicere,
788 1803 846 1870 sed
865 1826 907 1870 ne
927 1814 964 1870 ut
990 1802 1099 1872 oculos

69 1899 196 1986 quidem
208 1899 385 1967 attollerent
397 1908 452 1964 aut
465 1898 662 1965 consolantes
680 1899 798 1967 amicos
817 1910 926 1967 contra
942 1900 1101 1967 intueren-

68 2004 119 2063 tur
134 1992 263 2061 effieere
279 2003 423 2081 poterant
410 1993 536 2060 tadeo:
551 2015 646 2080 super
662 2017 836 2061 maerorem
852 1996 955 2082 pudor
971 1996 1100 2081 quidam
1119 2015 1134 2063 9

67 2088 180 2179 fugere
198 2087 365 2174 conloquia
383 2097 414 2154 et
431 2098 539 2154 coetus
557 2087 721 2153 hominum
739 2088 881 2176 cogebat.
907 2100 1034 2176 postero
1049 2092 1099 2156 die
1119 2111 1152 2159 ιο

68 2206 140 2251 oum
157 2183 290 2251 iuvenes
307 2182 443 2261 nobiles,
462 2181 552 2248 missi
570 2205 589 2248 a
608 2181 732 2268 Capua,
755 2192 792 2248 ut
806 2183 1041 2269 proficiscentes
1059 2185 1101 2250 ad

67 2278 164 2346 duem
174 2276 374 2364 Campanum
390 2287 662 2364 prosequerentur,
675 2276 877 2342 revertissent
889 2277 1054 2363 vocatique
1067 2279 1100 2343 in
1119 2291 1150 2339 ιι

67 2372 188 2441 curiam
199 2371 476 2459 percunctantibus
489 2370 660 2437 maioribus
673 2379 751 2435 natu
763 2370 862 2437 multo
876 2370 937 2438 sibi
953 2373 1102 2439 maestio-

68 2489 121 2535 res
144 2476 175 2535 ot
200 2464 385 2533 abiectiores
412 2466 509 2532 animi
529 2466 616 2533 visos
634 2466 805 2532 referrent:
833 2466 913 2532 adeo
940 2466 1036 2533 silens
1063 2489 1100 2533 ac
1120 2478 1152 2526 ιι

66 2584 167 2652 prope
184 2570 308 2628 mutum
326 2585 442 2651 agmen
459 2561 637 2640 incessisse,
655 2561 758 2627 iacere
773 2559 914 2628 indolem
931 2561 1017 2627 illam
1034 2562 1101 2629 Ro-

66 2680 199 2725 menam
215 2654 400 2743 ablatosque
419 2679 492 2723 oum
510 2657 605 2725 armis
624 2657 759 2736 animos,
782 2680 847 2724 non
867 2656 998 2723 reddere
1017 2657 1101 2724 salu-

67 2762 144 2833 tem,
160 2774 227 2818 non
242 2751 451 2818 salutantibus
469 2752 544 2818 dare
560 2774 758 2839 responsum,
777 2775 842 2819 non
858 2752 979 2819 hiscere
992 2775 1103 2838 quem-

67 2868 167 2935 quam
183 2868 260 2934 prae
276 2856 364 2912 metu
379 2845 522 2933 potuisse
540 2855 702 2957 tamquam
720 2845 895 2912 ferentibus
913 2846 1017 2912 adhuc
1035 2869 1102 2913 cer-

67 2941 221 3011 vicibus
211 2964 331 3031 lugam,
351 2940 411 3007 sub
429 2940 514 3026 quod
532 2941 641 3007 emissi
658 2948 773 3007 essent
809 2939 926 3005 habere
940 2937 1065 3006 Samnit
1053 2950 1100 3006 tes
1120 2960 1153 3010 13
1236 2968 1240 2975 ·

70 3036 234 3103 victoriam
254 3059 319 3102 nou
339 3035 533 3123 praeclaram
555 3036 671 3114 solum,
700 3033 757 3100 sed
783 3033 877 3099 etiam
902 3043 1101 3119 perpetuam·

68 3130 196 3222 cepisse
213 3130 297 3197 enim
315 3152 370 3198 eos
387 3130 606 3210 uonRomam
620 3130 702 3197 sicut
715 3137 788 3197 ante
799 3126 920 3206 Gallos,
935 3126 1001 3207 sed,
1016 3127 1102 3213 quod

67 3224 171 3295 multo
178 3225 360 3293 bellicosius
373 3225 476 3305 fuerit,
486 3225 664 3305 Romanam
673 3223 819 3290 virtutem
828 3221 1053 3308 ferociamque.
1060 3258 1103 3271 -

132 3318 214 3391 VII.
237 3343 311 3388 cum
323 3320 402 3389 haeo
419 3321 595 3387 dicerentur
607 3319 849 3431 audirenturque
863 3327 894 3384 et
906 3317 1103 3405 deploratum
1121 3337 1134 3385 1

65 3438 172 3507 paam
178 3414 361 3484 Romanum
373 3438 489 3483 nomen
500 3415 535 3481 in
544 3415 675 3481 concilio
685 3415 841 3481 sociorum
854 3412 995 3480 fidebam
1008 3422 1101 3491 esset,

68 3511 185 3579 dieitur
194 3507 322 3578 Ofillius
337 3509 489 3578 Calavius
499 3507 564 3578 Ovi
581 3509 675 3588 filius,
694 3510 796 3577 clarus
815 3529 930 3597 genere
948 3508 1102 3594 factisque
1120 3526 1135 3573 r

68 3616 140 3675 bun
160 3605 258 3677 edam
283 3614 385 3679 aetate
406 3606 577 3683 verendus,
605 3605 700 3692 longe
726 3604 815 3670 aliter
837 3626 872 3671 se
892 3602 1009 3671 habere
1034 3624 1102 3667 rem

67 3702 206 3777 dixisse:
224 3698 383 3767 silentium
399 3699 479 3767 illud
491 3699 684 3767 obstinatum
696 3698 840 3784 fixosque
853 3698 1014 3763 interram
1027 3716 1101 3761 oeu—
1119 3715 1136 3762 a
1234 3734 1236 3739 ·

66 3796 117 3867 loa
130 3808 163 3869 et
177 3794 292 3867 surdos
305 3795 347 3861 ad
359 3795 467 3863 omnia
479 3795 598 3863 solacia
609 3817 701 3863 aures
715 3803 746 3861 et
762 3795 916 3881 pudorem
933 3788 1101 3856 intuendae

66 3891 149 3963 lueis
166 3894 330 3982 ingentem
347 3892 463 3959 molem
479 3890 597 3973 irarum
611 3914 651 3957 ex
663 3889 727 3957 alto
740 3889 845 3955 animo
859 3885 968 3953 cientis
986 3883 1101 3950 indicia
