2566 4524
355 249 474 306 mann
491 249 866 326 unquentorum]
1064 240 1131 310 485

143 449 145 451 >
162 408 321 475 XXXX.
344 408 419 474 Pari
438 409 572 476 subinde
587 410 727 498 periculo
743 411 924 499 gloriaeque
937 421 1051 480 eventu
1062 407 1130 481 bel-
1147 435 1163 484 1

97 504 164 572 lum
183 505 217 569 in
237 501 431 570 Samnitibus
450 514 529 584 erat,
553 506 607 590 qui
628 516 752 591 praeter
769 514 888 573 ceteros
906 506 981 573 belli
997 527 1130 596 appara-

97 608 150 664 tus
169 606 204 662 ut
222 597 305 663 acies
324 620 383 663 sua
399 597 535 685 fulgeret
557 599 649 665 novis
671 621 829 665 armorum
850 600 1027 690 insignibus
1045 602 1131 669 fece

96 704 181 761 runt.
220 694 284 759 dno
310 694 466 760 exercitus
493 703 595 774 erant,
623 705 713 760 scuta
734 695 862 763 alterius
884 719 975 778 auro,
1002 696 1163 764 alteriusa

97 797 232 876 argento
257 787 474 855 caelaverunt.
501 788 605 854 forma
625 800 692 855 erat
718 791 813 870 souti,
840 814 999 859 summum
1024 790 1129 886 latius,

97 906 162 969 qua
192 891 302 970 pectus
329 891 423 968 atque
448 884 550 949 umeri
580 893 741 972 teguntur,
767 885 897 996 fastigio
923 887 1062 982 aequali,
1088 886 1131 952 ad

95 978 199 1045 imum
221 978 396 1044 cuneatior
395 976 583 1044 mobilitat't1s
606 1000 717 1060 oausa3
744 981 878 1068 spongia
898 979 1018 1068 pectori
1039 991 1130 1069 tegu-
1147 999 1163 1048 c

95 1082 241 1139 mentum
259 1080 290 1138 et
308 1071 468 1138 sinistrum
487 1093 558 1138 crus
577 1095 669 1139 ocrea
686 1081 819 1154 tectum3
845 1075 955 1162 galeae
972 1075 1129 1155 cristatae,

96 1189 183 1254 quae
209 1166 347 1255 speciem
377 1177 498 1254 magmt
474 1168 586 1232 tudini
612 1188 778 1254 corporum
804 1169 974 1249 adderent3
1005 1169 1130 1236 tunicae

97 1261 218 1329 auratis
236 1259 388 1326 militibus
406 1261 625 1339 versicolores,
649 1261 819 1349 argentatis
836 1261 950 1328 linteae
968 1263 1129 1330 candidae.

95 1356 148 1425 his
167 1356 314 1421 dextrum
327 1377 423 1420 comu
436 1355 555 1434 datum,
572 1356 618 1420 illi
634 1355 669 1420 in
686 1355 812 1423 sinistro
824 1356 1009 1424 consistunt.
1036 1368 1130 1424 notus
1147 1374 1164 1422 4

94 1450 164 1518 iam
182 1449 333 1516 Romanis
351 1460 520 1536 apparatus
537 1449 710 1537 insignium
728 1473 887 1518 armorum
908 1451 1011 1518 fuerat
1032 1451 1133 1519 docti-

96 1566 162 1633 que
180 1566 200 1609 a
217 1542 350 1610 ducibus
369 1555 470 1623 erant,
493 1544 654 1610 horridum
670 1544 803 1612 militem
820 1567 892 1613 esse
914 1545 1043 1626 debere,
1066 1567 1131 1613 non

96 1638 256 1708 caelatum
280 1661 356 1704 auro
383 1649 414 1705 et
439 1649 584 1726 argento,
612 1639 669 1704 sed
694 1639 778 1707 ferro
804 1649 836 1707 et
860 1640 973 1711 animis
1000 1641 1129 1721 fretum:

96 1735 217 1823 quippe
234 1733 287 1800 illa
304 1734 453 1821 praedam
470 1733 575 1800 verius
594 1755 688 1818 quam
707 1757 794 1801 arma
811 1757 892 1816 esse,
903 1735 1041 1803 nitentia
1058 1743 1131 1802 anta
1148 1752 1164 1800 5

95 1851 182 1907 rem,
199 1827 353 1894 deformia
368 1827 449 1893 inter
467 1828 654 1915 sanguinem
676 1838 707 1894 et
724 1829 868 1911 vulnera3
894 1830 1041 1896 virtutem
1060 1851 1130 1896 esse
1149 1844 1164 1894 6

97 1923 208 1992 militis
230 1922 327 1989 decus
349 1931 380 1988 et
402 1923 508 1989 omnia
527 1923 581 1989 illa
602 1923 766 1990 victoriam
792 1924 882 2010 sequi
904 1933 935 1990 et
956 1924 1053 1990 ditem
1074 1922 1132 1988 ho-

98 2028 183 2088 stem
199 2017 344 2104 quamvis
361 2018 508 2104 pauperis
526 2018 591 2083 vict
591 2018 654 2084 oris
671 2018 847 2106 praemium
864 2041 945 2087 esse.
980 2018 1031 2085 his
1050 2015 1132 2085 (lur-
1149 2035 1164 2082 ι
1255 2087 1259 2092 ,

98 2134 154 2180 cor
175 2110 307 2178 vocibus
333 2111 498 2178 instinctos
519 2111 665 2178 milites
656 2136 689 2177 m
710 2113 864 2198 proelium
886 2112 982 2179 ducit
1021 2112 1132 2178 dextro

97 2207 171 2298 ipse
188 2229 285 2274 comu
302 2179 406 2273 coir'sis
408 2207 454 2285 tit,
408 2206 598 2272 tsinistro
611 2207 762 2292 praefecit
779 2209 966 2294 magistrum
979 2208 1130 2291 equitum.

99 2303 197 2386 simul
223 2312 272 2368 est
298 2323 498 2380 concursum,
525 2300 638 2388 ingens
665 2301 726 2366 fuit
713 2310 824 2366 otum
845 2300 937 2366 hoste
963 2308 1165 2378 certamen‚8

97 2420 166 2467 non
191 2396 320 2485 segnius
346 2396 426 2462 inter
448 2395 631 2462 dictatorem
653 2405 684 2460 et
705 2395 892 2482 magistrum
913 2394 1069 2480 equitum,
1091 2392 1132 2460 ab

98 2502 172 2561 ntra
188 2501 277 2579 parte
294 2491 424 2558 victoria
440 2490 601 2578 inciperet
631 2490 717 2578 prior
734 2489 817 2555 forte
833 2489 945 2555 Iunius
964 2488 1133 2556 commovit
1150 2504 1165 2552 9

98 2587 240 2666 hostem,
262 2585 354 2652 laevo
375 2587 520 2652 dextrum
542 2607 653 2664 cornu,
676 2593 815 2651 sacratos
838 2605 924 2650 more
944 2581 1133 2650 Samnitium

97 2682 217 2757 milites
235 2703 336 2766 eoque
353 2681 488 2748 candida
504 2689 593 2746 veste
611 2690 642 2746 et
663 2678 792 2768 paribus
815 2679 950 2746 candore
972 2677 1068 2744 armis
1086 2677 1134 2743 in-
1158 2721 1161 2726 ·

99 2777 221 2865 signes.
256 2797 311 2842 eos
331 2796 365 2841 se
385 2771 471 2841 Orco
493 2784 629 2841 mactare
647 2774 759 2840 Iunius
777 2773 937 2852 dicamus,
960 2794 1034 2840 cum
1051 2771 1134 2838 intu-

97 2870 191 2939 lisset
209 2869 310 2958 signa,
329 2868 467 2936 turbavit
483 2869 609 2935 ordines
627 2879 658 2935 et
674 2869 761 2936 haud
778 2868 874 2936 dubie
890 2867 1005 2956 inpulit
1021 2866 1132 2933 aciem.

100 2963 190 3051 quod
211 2964 267 3031 ubi
288 2964 387 3030 sensit
409 2964 555 3029 dictator:
583 2961 637 3028 ‘ab
659 2962 791 3030 laevone
814 2985 911 3029 cornu
933 2961 1065 3029 victoria
1085 2960 1133 3027 in·
1153 2976 1185 3026 ιο

101 3060 212 3147 cipiet'
233 3059 335 3145 inquit
357 3064 402 3124 ‘et
420 3059 495 3125 dext
482 3067 565 3124 trum
584 3079 691 3135 cornu,
709 3057 868 3122 dictatoris
886 3056 981 3134 acies,
999 3056 1134 3121 alienam

99 3178 244 3244 pugnam
262 3163 419 3238 sequetur,
433 3176 498 3219 non
514 3161 636 3240 partem
652 3152 822 3217 maximam
836 3150 984 3217 victoriae
1002 3147 1135 3214 traheti'

103 3250 243 3318 concitat
259 3247 384 3326 milites,
397 3270 457 3314 neo
473 3246 614 3334 peditum
627 3246 735 3312 virtmi
749 3246 821 3330 equi
822 3255 869 3311 tes
822 3251 942 3310 taut
958 3243 1044 3330 legat
1044 3263 1134 3306 orum
1153 3258 1184 3305 11

102 3344 209 3410 studia
226 3341 360 3409 ducibus
379 3342 502 3408 cedunt.
538 3339 587 3406 Μ.
605 3339 752 3408 Valerius
775 3335 993 3415 adextro,P.
1010 3333 1132 3402 Decius
1153 3350 1184 3399 12

101 3420 144 3509 ab
161 3438 253 3504 laevo
271 3459 368 3504 cornu
372 3484 382 3516 ‚
404 3435 499 3504 ambo
516 3434 711 3513 consulares,
733 3435 775 3501 ad
792 3431 944 3519 equites
934 3455 969 3498 ιιι
986 3429 1133 3498 cornibus

99 3532 224 3622 positos
243 3530 417 3597 evehuntur
438 3530 655 3615 adhortatique
673 3551 743 3607 eos,
765 3537 801 3594 nt
817 3536 939 3614 partem
957 3547 1066 3592 secum
1083 3546 1135 3590 ca·

99 3634 267 3739 pesserent
284 3625 452 3704 decoris,
442 3649 476 3691 m
493 3635 672 3691 transversa
692 3622 737 3689 lat
724 3632 791 3689 tera
807 3622 946 3688 hostium
962 3620 1163 3686 incun'unt.

100 3721 131 3788 is
149 3743 252 3787 novus
274 3719 435 3787 additust
422 3729 520 3787 terror
541 3743 613 3786 oum
635 3742 675 3786 ex
695 3729 785 3806 parte
808 3727 939 3802 utraque
961 3717 1185 3783 nucumve-13

103 3815 201 3883 sisset
226 3813 326 3881 aciem
352 3826 384 3880 et
404 3814 446 3881 ad
471 3824 620 3882 terrorem
645 3813 784 3880 hostium
809 3812 951 3902 legiones
972 3810 1135 3876 Romanae

100 3912 316 4000 redintegrato
342 3910 517 3978 'clamore'
507 3921 554 3977 ιιιι
541 3911 687 3978 tulissent
717 3911 865 3998 gradum,
892 3917 960 3971 tum
990 3904 1068 3990 fuga
1094 3899 1134 3968 ab

103 4004 303 4075 Samnitibus
320 4016 441 4093 coepta.
471 4005 535 4072 iam
552 4015 657 4094 strage
674 4005 836 4072 hominum
854 4018 1072 4082 armorumque
1088 3994 1136 4061 in-
1155 4007 1188 4058 14
