2566 4524
159 290 162 296 .
278 248 398 306 arena
414 248 469 322 vr,
487 249 531 305 32.
544 249 586 305 33.
606 247 844 323 [aean-ar]
1014 242 1080 309 337

65 411 134 489 lato,
160 417 330 494 postquam
353 407 477 491 quietae
499 428 549 472 res
568 406 608 472 ab
630 407 774 474 hostibus
798 411 1077 488 erant,'celebrari

65 507 87 572 le
102 505 227 590 integro
244 502 321 568 iuris
339 502 448 580 dictio,
476 510 508 566 et
525 511 647 567 tantum
670 502 783 569 abesse
805 525 878 590 spes
901 508 1016 572 veteris
1033 509 1080 573 le-

65 600 140 666 undi
157 598 313 676 faenoris,
334 596 504 662 attributo
521 618 640 662 novum
657 596 769 663 faenus
792 601 1025 667 contraheretur
1046 604 1080 668 in

65 716 172 760 mrum
193 715 214 757 a
234 689 418 756 censoribus
440 690 578 755 locatum
600 712 678 757 saxo
706 692 859 776 quadrato
884 694 1078 760 faciundum.

65 785 320 855 uisuooumbere
338 783 425 850 oneri
444 793 552 849 coacta
568 784 692 870 plebes,
720 786 795 870 quia
810 808 907 872 quem
929 788 1077 854 dilectum
1096 810 1112 856 a

65 882 223 970 spedirent
242 902 306 945 non
332 877 491 944 habebant
515 878 633 944 tribuni
656 878 769 966 plebis.
814 881 956 948 tribunos
984 885 1112 953 etiame

65 977 197 1042 tilitates
220 973 366 1060 patricios
388 994 497 1038 omnes
521 982 630 1039 coacta
650 975 827 1061 principum
852 976 966 1063 opibus
989 979 1078 1044 feeit:

65 1106 82 1138 t·
101 1068 293 1145 Aemilium,
320 1066 358 1132 P.
378 1066 541 1133 Valerium
559 1077 719 1151 quartum,
744 1069 782 1134 Ο.
801 1068 983 1151 Veturium,
1009 1070 1078 1138 Ser.

65 1164 235 1250 rulpicium,
253 1162 295 1226 L.
314 1170 346 1225 et
364 1159 402 1226 Ο.
419 1159 585 1244 Quinctios
602 1161 818 1230 Cincinnatos.
845 1165 948 1230 isdem
965 1165 1078 1252 opibus
1097 1186 1114 1234 4

65 1258 220 1334 btinuere,
238 1264 274 1319 ut
291 1255 443 1320 adversus
459 1255 594 1321 Latinos
608 1255 815 1341 Volscosque,
834 1259 889 1342 qui
906 1259 1080 1326 coniunctis

65 1349 225 1440 agionibus
245 1349 287 1414 ad
306 1345 464 1415 Satricum
481 1357 585 1415 casua
601 1349 774 1430 habebant,
797 1352 884 1425 nullo
900 1353 1080 1439 inpediente

65 1444 195 1512 mnibus
212 1442 385 1509 iunioribus
404 1453 601 1510 sacramento
619 1444 738 1510 adactis
756 1455 819 1510 tres
834 1448 989 1514 exercitus
1004 1449 1081 1514 sori·

65 1548 171 1606 erent:
190 1561 289 1603 unum
302 1538 344 1603 ad
356 1537 547 1624 praesidium
560 1537 657 1617 urbis,
677 1538 882 1625 altemmqui,
902 1542 929 1607 si
942 1543 996 1626 qui
1005 1542 1080 1608 alibi
1099 1564 1114 1612 5

65 1644 153 1701 sotus
173 1633 334 1711 extitisset,
354 1632 395 1697 ad
410 1631 514 1698 subita
527 1632 601 1698 belli
615 1634 696 1697 mitti
708 1645 829 1719 posset,
849 1636 973 1701 tertium
986 1638 1081 1726 longe

65 1727 278 1796 alidissimum
295 1725 334 1791 P.
344 1725 489 1792 Valerius
508 1736 539 1796 et
556 1728 598 1792 L.
612 1726 770 1793 Aemilius
789 1729 829 1794 ad
848 1727 1007 1795 Satricum
1024 1732 1082 1796 du-

65 1845 131 1890 ere.
169 1821 226 1888 ubi
243 1843 315 1887 curn
337 1821 437 1886 aciem
454 1821 639 1888 instructam
660 1822 798 1887 bostium
819 1823 889 1888 loeo
911 1847 1011 1908 aequo
1033 1827 1082 1889 in·
1103 1846 1117 1894 e

65 1919 221 1994 enissent,
240 1915 398 2002 extemplo
414 1926 590 2003 pugnatum
595 1941 605 1996 ;
624 1927 655 1982 et
672 1926 708 1981 ut
721 1917 861 1982 nondum
874 1918 950 1984 satis
965 1919 1081 1985 claram

65 2010 227 2088 istoriam,
255 2010 302 2075 sie
321 2030 491 2095 prosperae
514 2010 582 2096 spei
607 2033 748 2097 pugnam
775 2010 876 2077 imber
900 2012 1081 2100 ingentibus

65 2105 197 2173 rocellis
213 2104 305 2169 fusus
322 2104 456 2168 diremit.
491 2113 618 2189 postero
637 2106 688 2170 die
704 2105 816 2171 iterata
832 2128 949 2194 pugna.
977 2117 1009 2172 et
1026 2108 1082 2173 ali-
1101 2129 1115 2176 7

65 2199 203 2268 uamdiu
220 2220 321 2283 aequa
337 2199 451 2263 virtute
468 2198 658 2282 fortunaque
675 2199 812 2265 Latinae
829 2203 967 2266 maxime
984 2202 1083 2288 legio-
1105 2259 1108 2264 Α

65 2319 123 2373 es,
149 2293 248 2380 longa
269 2292 418 2359 societate
443 2292 586 2357 militiam
609 2292 787 2358 Romanam
814 2294 956 2371 edoctae,
983 2304 1082 2360 resta-

65 2399 135 2458 aut.
173 2409 269 2472 eques
285 2386 436 2453 inmissus
455 2387 580 2452 ordines
597 2386 748 2464 turbarit,
767 2387 899 2453 turbatis
918 2388 1010 2474 signa
1026 2410 1082 2474 pc·
1097 2408 1115 2456 8

65 2487 151 2551 itum
160 2481 266 2559 inlata,
285 2491 499 2566 quantumque
507 2479 652 2546 Romana
665 2502 700 2546 se
713 2481 834 2546 invexit
847 2480 940 2559 acies,
959 2491 1082 2547 tantum
1133 2493 1136 2499 '

65 2587 158 2645 osas
177 2575 279 2662 gradu
296 2576 421 2640 demoti.
457 2586 489 2641 et
510 2584 546 2640 ut
567 2574 665 2641 semel
686 2574 848 2640 inclinavit
868 2585 989 2662 pugna,
1017 2576 1082 2640 iam

65 2669 255 2739 stalerahilis
272 2669 418 2736 Romana
434 2671 483 2735 vis
502 2678 576 2735 erat.
611 2669 677 2734 fusi
694 2668 801 2735 hostes
821 2691 894 2734 eum
913 2667 1079 2749 Satricum,
1100 2691 1114 2738 9

65 2767 137 2834 uod
155 2766 219 2830 duo
237 2764 324 2829 milia
340 2764 414 2830 inde
427 2763 544 2843 aberat,
562 2787 626 2829 non
639 2773 742 2830 castra
753 2773 906 2850 peterent,
924 2763 1081 2849 abequite

65 2861 190 2930 mxime
207 2860 300 2938 caesi,
319 2869 422 2926 castra
438 2868 531 2946 capta
548 2861 741 2947 direptaque.
777 2859 817 2926 ab
838 2857 961 2926 Satrico
979 2869 1080 2939 nocte,
1102 2880 1134 2928 10

65 2977 135 3024 uae
145 2954 270 3041 proelio
286 2953 431 3040 proxima
444 2953 513 3032 fuit,
532 2951 630 3040 fugae
644 2954 739 3019 simili
752 2953 878 3040 agmine
890 2963 1001 3040 petunt
1014 2954 1083 3019 An·

65 3073 145 3128 um3
167 3057 200 3113 et
218 3070 290 3114 eum
305 3047 471 3115 Romanus
489 3049 643 3114 exercitus
661 3069 759 3134 prope
776 3048 919 3134 vestigiis
938 3070 1083 3131 sequere-

65 3167 117 3222 ur,
139 3143 212 3230 plus
231 3152 337 3208 tamen
353 3143 447 3231 timor
464 3163 560 3227 quam
580 3142 628 3207 ira
649 3141 817 3206 celeritatis
839 3139 975 3205 habuit.
993 3140 1080 3225 prius
1102 3162 1133 3209 11

65 3259 170 3347 aqua
182 3237 306 3302 moenia
330 3224 487 3302 intravere
507 3236 614 3302 hostes
641 3257 737 3320 quam
758 3234 997 3300 Romanust
943 3243 997 3298 ext
996 3255 1083 3298 rema

65 3331 189 3424 gminis
206 3353 334 3418 carpere
351 3340 406 3398 aut
422 3330 537 3396 morari
553 3340 669 3417 posset.
705 3329 779 3394 inde
801 3329 920 3412 aliquot
942 3327 1010 3393 dies
1027 3350 1083 3392 ra

65 3427 168 3497 ando
185 3449 261 3512 agro
278 3425 447 3534 absumpti,
465 3446 526 3491 nea
542 3423 695 3490 Romanis
714 3423 791 3489 satis
807 3421 969 3488 mennatis
986 3443 1084 3508 appa·

65 3535 121 3591 stu
143 3519 258 3586 bellico
279 3521 322 3586 ad
342 3519 466 3586 moenia
488 3518 699 3605 adgredienda
720 3538 784 3583 neo
799 3517 860 3582 illis
883 3517 925 3582 ad
947 3515 1084 3582 subeun-

65 3639 127 3685 um
145 3636 275 3701 pugnae
292 3636 411 3681 casum

112 3707 293 3777 XXXHL
313 3707 600 3776 Seditiotuminter
606 3705 719 3772 Antist
720 3706 832 3772 esLat
811 3715 956 3790 trnosque
966 3713 1081 3777 coorta,
1103 3721 1115 3770 1

65 3829 125 3874 um
142 3798 291 3870 anatot
309 3804 384 3870 victi
401 3803 492 3869 malis
511 3801 695 3886 subactique
712 3802 843 3868 bello
801 3849 812 3882 ,
833 3824 868 3866 1n
889 3823 952 3885 quo
970 3810 1001 3864 et
1017 3798 1084 3863 nati

65 3909 142 3968 rant
160 3907 192 3964 et
208 3908 450 3977 consenuerant,
468 3897 659 3964 deditionem
676 3906 866 3985 spectarent,
889 3895 963 3960 Lat
942 3904 1024 3970 tanos
1042 3908 1116 3958 exa

65 3994 176 4063 iutina
190 4014 271 4080 paee
286 4015 370 4060 nova
390 3992 525 4060 defectio
547 3991 724 4059 recentibus
747 3993 850 4058 adhuc
871 3988 983 4054 animis
1000 3985 1084 4050 fero-

103 4111 158 4156 aava
172 4109 242 4156 aot-l.
876 4088 910 4141 29¹
