2566 4524
528 255 647 312 LIBER
664 256 701 310 Il.

335 552 341 565 ,
403 482 622 564 [rauracus
642 486 751 544 amru
767 482 825 564 ir]

151 618 277 688 [Brutus
291 616 352 670 iure
364 615 487 668 iurando
500 615 637 684 populum
651 615 782 669 astrinxit
794 614 935 671 neminem
943 616 1052 674 Romae
1065 638 1128 693 reg-

98 713 168 752 nare
179 710 342 766 passurum.
378 690 565 762 Tarquinium
580 692 719 762 collegam
734 709 815 746 suum
824 699 941 763 propter
954 695 1129 754 adfinitatem

100 771 322 845 Tarquiniorum
344 775 508 838 suspectum
526 769 623 840 coegit
640 770 790 823 consulatu
808 786 838 824 se
862 771 997 826 abdicare
1015 781 1046 829 et
1063 775 1128 829 civi-

97 859 153 907 tate
168 851 285 906 cedere.
312 848 391 903 bona
403 863 503 916 regum
517 845 601 916 diripi
614 846 709 916 iussit,
728 864 827 917 agrurn
840 847 926 902 Marti
941 853 1127 923 consecravit,

49 952 51 959 ·
97 928 143 1001 qui
157 943 281 997 campus
289 923 409 979 Martius
423 923 584 978 nominatus
598 928 649 978 est
676 924 876 979 adulescentes
888 927 1010 992 nobiles,
1023 928 1053 982 iu
1068 931 1128 1000 qui·

49 1034 51 1063 :
96 1007 147 1061 bus
158 1021 231 1060 suos
241 1018 358 1074 quoque
369 1007 397 1056 et
406 1000 503 1055 fratris
512 999 597 1069 filios,
609 1000 675 1071 quia
684 1001 903 1056 coniuraverunt
913 1004 948 1057 de
957 1005 1128 1074 recipiendis

49 1084 52 1155 ξ
97 1082 225 1153 regibus,
240 1078 335 1135 securi
348 1077 497 1148 percussit.
530 1093 611 1132 servo
625 1077 721 1146 indici,
737 1078 783 1131 cui
798 1077 929 1133 Vindicio
944 1096 1048 1135 nomen
1064 1082 1127 1148 fuit,

49 1166 52 1233 j
97 1158 262 1215 libertatem
278 1155 371 1224 deuia
389 1171 423 1210 ex
442 1153 521 1208 cuius
540 1153 653 1208 nomine
671 1153 798 1208 vindicta
815 1157 970 1224 appellata.
1002 1174 1065 1211 cum
1079 1159 1128 1213 ad-

49 1244 52 1253 '
98 1253 193 1290 sersus
209 1249 312 1303 reges,
351 1231 381 1286 ui
395 1231 549 1285 contractis
562 1231 714 1286 Veientum
726 1237 757 1285 et
770 1231 1019 1302 Tarquiniensium
1038 1235 1128 1304 copiis

49 1316 54 1377 ἶ·
102 1313 201 1366 bellum
215 1310 389 1377 intulerant,
409 1306 562 1363 exercitum
577 1308 717 1376 duxisset,
736 1307 766 1360 in
780 1308 841 1362 acie
856 1325 918 1362 oum
931 1311 1054 1366 Arrunte
1067 1311 1127 1366 filio

49 1388 56 1459 ζ
105 1388 217 1458 Superbi
230 1392 423 1442 commortuus
434 1391 486 1454 est,
497 1401 616 1456 eumque
626 1391 771 1438 matronae
782 1402 856 1439 anno
867 1387 1005 1442 luxerunt
1027 1387 1061 1443 L.
1070 1391 1128 1446 Va·

49 1504 53 1525 ἶ
104 1464 183 1520 lerius
192 1465 299 1520 consul
308 1464 401 1534 legem
411 1463 446 1516 de
455 1462 662 1533 provocatione
672 1462 854 1532 adpopulum
864 1463 937 1517 tulit.
957 1461 1128 1534 Capitolium

103 1541 260 1596 dedicatum
269 1544 322 1594 est
343 1541 491 1594 Porsenna
501 1538 680 1592 Clusinorum
689 1554 739 1591 rex
748 1539 825 1593 bello
834 1540 1057 1611 proTarquiniis
1067 1560 1127 1596 sus·

99 1627 177 1690 cepto
196 1636 266 1674 cum
287 1618 325 1671 ad
342 1617 501 1672 Ianiculum
519 1615 659 1680 venisset,
678 1631 714 1670 ue
730 1615 856 1670 Tiberim
873 1617 1008 1672 transiret
1024 1618 1127 1674 virtute

98 1695 213 1751 Coclitis
232 1693 340 1749 Horati
357 1693 518 1763 prohibitus
536 1698 592 1762 est,
612 1692 675 1763 qui,
694 1692 759 1745 dum
777 1693 826 1746 alii
842 1700 959 1762 pontem
978 1695 1128 1751 sublicium

96 1773 276 1840 rescindunt,
297 1772 375 1825 solus
388 1771 525 1824 Etruscos
540 1769 683 1832 sustinuit,
703 1775 733 1824 et
745 1776 833 1838 ponte
853 1776 937 1840 rupto
956 1779 1079 1826 armatus
1097 1774 1128 1828 in

95 1850 200 1906 flumen
219 1866 253 1904 se
272 1848 350 1901 misit
368 1853 397 1902 et
411 1848 448 1901 ad
467 1863 534 1901 suos
552 1845 717 1900 transnavit
749 1847 870 1900 accessit
883 1847 1002 1902 alterum
1015 1849 1127 1903 virtutis

96 1928 258 1997 exemplum
267 1942 286 1979 a
295 1924 399 1990 Mucio,
416 1924 465 1994 qui
475 1941 538 1978 cum
548 1924 585 1977 ad
597 1922 757 1978 feriendum
766 1924 941 1978 Porsennam
954 1931 1048 1980 castra
1061 1928 1127 1981 hos-

99 2006 165 2058 tium
181 2005 338 2070 intrasset,
361 2002 456 2056 occiso
475 2001 582 2066 scriba,
607 2017 690 2072 quem
707 2017 803 2071 regem
822 2018 885 2056 esse
909 2002 1127 2072 existimaverat,

103 2082 324 2152 comprehensus
334 2079 494 2150 impositam
504 2095 617 2132 manum
627 2078 774 2148 altaribus,
784 2079 814 2131 in
825 2080 928 2149 quibus
939 2080 1127 2137 sacrificatum

102 2162 168 2228 erat,
182 2157 265 2213 ex'uri
277 2174 381 2226 passus
396 2163 441 2211 est
455 2156 590 2226 dixitque,
601 2155 674 2210 tales
688 2161 831 2210 trecentos
846 2173 918 2212 esse.
945 2175 1064 2228 quorum
1078 2161 1127 2214 ad-

98 2234 246 2290 miratione
259 2239 376 2287 coactus
386 2234 535 2288 Porsenna
547 2232 628 2302 pacis
638 2232 821 2286 condiciones
831 2233 906 2288 ferre
916 2235 1023 2289 bellum
1034 2237 1128 2290 omisit

95 2311 221 2382 acceptis
238 2309 398 2364 obsidibus.
422 2327 456 2366 ex
471 2309 575 2381 quibus
584 2309 665 2380 virgo
675 2326 732 2363 una
742 2306 851 2364 Cloelia
861 2311 988 2380 deceptis
1004 2313 1126 2367 custodi-

94 2388 147 2444 bus
159 2406 216 2460 per
225 2388 357 2441 Tiberim
370 2388 407 2442 ad
422 2405 488 2442 suos
502 2387 662 2441 transnavit
675 2392 712 2454 et,
729 2403 791 2440 oum
804 2387 917 2442 reddita
931 2393 1015 2458 esset,
1031 2391 1126 2444 aPor-

94 2483 185 2522 senna
202 2464 364 2520 honorifice
382 2465 500 2520 remissa
518 2465 643 2536 equestri
667 2470 761 2518 statua
779 2464 885 2518 donata
904 2471 955 2518 est.
991 2467 1127 2520 adversus

95 2543 288 2616 Tarquinium
302 2541 459 2613 Superbum
478 2559 542 2596 cum
554 2542 723 2597 Latinorum
742 2541 867 2596 exercitu
880 2542 987 2595 bellum
1005 2541 1127 2597 inferen-

96 2628 151 2677 tem
162 2622 262 2674 Aulus
274 2619 439 2673 Postumius
458 2619 580 2674 dictator
592 2635 729 2689 prospere
743 2617 889 2689 pugnavit.
921 2618 975 2688 Ap.
991 2617 1126 2674 Claudius

102 2695 260 2753 exSabiuis
269 2697 388 2751 Romam
402 2696 569 2766 transfugit:
589 2697 626 2751 ob
640 2697 696 2750 hoc
711 2694 829 2750 Claudia
842 2696 934 2749 tribus
948 2695 1061 2750 adiecta
1074 2703 1127 2753 est.

101 2791 229 2831 uumerus
244 2774 371 2828 tribuum
383 2774 535 2844 ampliatus
550 2779 601 2838 est,
611 2779 643 2826 ut
657 2779 753 2827 essent
761 2772 862 2843 viginti
875 2790 940 2827 una.
966 2774 1049 2843 plebs
1063 2790 1127 2828 cum

100 2857 214 2922 propter
226 2868 319 2906 nexos
333 2852 369 2905 ob
383 2867 433 2906 aes
446 2852 569 2905 alienum
582 2852 733 2905 insacrum
742 2856 866 2904 montem
875 2850 1049 2919 secessisset,
1061 2868 1126 2906 oon-

97 2927 160 2983 silio
175 2928 297 2984 Meneni
314 2926 460 2998 Agrippae
478 2945 496 2982 a
514 2928 653 2982 seditione
670 2934 805 2981 revocata
823 2934 874 2981 est.
906 2927 981 2981 idem
996 2925 1126 2997 Agrippa

99 3021 161 3060 cum
178 3005 367 3072 decessisset,
386 3010 504 3075 propter
519 3009 718 3075 paupertatem
735 3003 851 3074 publico
870 3002 1014 3072 impendio
1034 3004 1126 3057 elatus

103 3087 153 3135 est
178 3081 288 3137 tribuni
300 3082 394 3151 plebis
409 3081 533 3153 quinque
550 3081 638 3135 creati
651 3086 725 3134 sunt.
749 3080 884 3150 oppidum
892 3080 1065 3135 Vulscorum
1074 3079 1126 3133 Co-

101 3157 166 3212 rioli
179 3165 294 3229 captum
307 3167 351 3213 est
364 3157 467 3214 virtute
477 3165 506 3213 et
516 3175 603 3228 opera
613 3157 664 3212 Cn.
674 3157 773 3226 Marci,
785 3155 833 3226 qui
844 3157 881 3210 ob
890 3156 946 3208 hoc
957 3155 1126 3209 Coriolanus

100 3241 217 3291 vocatus
230 3241 287 3290 est
313 3235 346 3289 T.
355 3235 496 3307 Latinius,
511 3237 555 3290 vir
569 3237 604 3291 de
617 3236 712 3305 plebe,
728 3252 791 3288 cum
804 3235 834 3287 in
843 3233 905 3286 visu
915 3233 1085 3298 admonitus,
1094 3239 1128 3288 ut

104 3311 135 3367 de
149 3312 325 3386 quibusdam
336 3312 524 3383 relig'onibus
539 3314 577 3368 ad
591 3320 720 3368 senatum
734 3311 885 3383 perferret,
899 3311 929 3363 id
941 3311 1124 3381 neglexisset,
1149 3344 1150 3348 κ

106 3389 204 3446 muso
222 3389 285 3444 filio
304 3389 407 3445 debilis
425 3391 519 3445 factus
536 3392 815 3462 postquam-delatus
830 3390 866 3443 ad
881 3395 1009 3443 senatum
1023 3388 1132 3444 lectica.

109 3467 197 3523 eedem
210 3467 263 3522 illa
276 3467 463 3537 indicaverat,
482 3485 535 3523 usu
548 3468 653 3537 pedum
666 3473 781 3537 recepto
797 3467 909 3521 domum
927 3483 1057 3520 reversus
1072 3472 1124 3520 est.

112 3543 223 3599 euan.
232 3543 360 3598 Marcius
370 3542 548 3615 Coriolanus,
564 3545 612 3616 qui
625 3545 655 3598 in
668 3544 782 3599 exilium
797 3550 858 3598 erat
867 3544 975 3612 pulsus,
991 3544 1047 3596 dux
1056 3543 1125 3598 Vul-

49 3624 53 3635 “
111 3633 211 3676 acorum
228 3620 327 3675 factus
343 3623 497 3676 exercitum
514 3622 639 3676 hostium
656 3621 721 3676 urbi
739 3621 925 3689 admovisset,
945 3625 974 3673 et
992 3620 1069 3673 missi
1088 3621 1125 3674 ad

108 3709 162 3752 eum
174 3698 299 3769 primurn
308 3697 406 3768 legati,
416 3706 519 3768 postea
528 3699 693 3754 sacerdotes
703 3697 809 3751 frustra
818 3697 963 3767 deprecati
973 3701 1078 3764 essent,
1088 3713 1125 3751 ne

109 3769 206 3830 bellum
219 3774 332 3846 patriae
344 3775 471 3840 inferret,
479 3775 600 3832 Veturia
608 3780 698 3830 mater
708 3780 736 3829 et
745 3774 896 3828 Volumnia
910 3790 982 3826 uxor
995 3773 1124 3843 impetra-

109 3858 200 3907 rerunt
212 3853 252 3908 ab
267 3867 312 3923 eo,
327 3857 359 3906 ut
370 3854 525 3908 recederet
547 3855 594 3908 lex
607 3853 721 3923 agraria
734 3852 853 3922 primurn
862 3852 922 3904 lata
931 3855 983 3905 est.
1007 3848 1124 3918 Spurius

112 3921 216 3984 Cassius
226 3929 478 4001 consularisregni
488 3930 603 3985 crimine
613 3931 759 3984 damnatus
769 3933 1004 3998 estnecatusque.
1020 3923 1125 3993 Opillia

111 4000 179 4077 Virgo
187 4006 319 4065 Vestalis
334 4007 372 4065 ob
385 4007 525 4064 incestum
538 4008 603 4062 riva
618 4007 733 4064 defossa
748 4009 800 4060 est.
823 4022 886 4059 cum
894 4002 979 4057 vicini
988 4001 1125 4056 Veientes
