2566 4524
78 328 83 335 ἱ
146 248 214 321 320
405 258 525 315 LIBER
540 256 712 331 v1,15.1s.
731 257 915 330 [auctlo'tl]

141 429 180 491 et
199 419 278 486 istos
295 417 480 485 incubantes
497 414 634 503 publicis
652 415 830 518 thensauris
853 439 894 483 ex
914 418 1032 504 praeda
1053 416 1075 485 cl

110 515 231 587 setina
252 513 389 581 evolvas
430 511 600 623 quodnisi
621 510 715 590 facis,
743 502 810 578 siv‘e
835 521 873 578 ut
894 512 958 579 ιι
946 536 1016 624 1pse
1035 514 1069 579 in

146 608 331 699 praedae
304 632 349 675 ιιι
371 608 439 675 sive
460 607 535 692 quia
555 628 673 672 vonum
699 605 850 672 indicium
877 617 940 686 est,
966 608 1001 674 iu
1020 609 1075 674 vin

144 703 220 771 duci
235 702 352 770 iubebo
368 724 429 769 neo
446 701 563 767 diutius
584 701 700 787 patiar,
726 724 747 767 a
767 710 799 767 te
819 701 1075 793 multitudinem

114 820 205 886 rspe
226 795 394 864 concitcri'
437 795 491 863 ad.
500 818 539 861 cs
554 793 696 862 Manlius
719 817 778 862 nec
800 817 836 863 se
857 795 1011 864 fefellisse
1033 799 1074 863 ait

144 894 298 961 adversus
315 890 466 970 Volscos,
493 891 607 957 totiens
628 890 729 957 hostis
751 891 897 976 quotiens
918 891 1063 979 patribus

145 988 227 1067 dict,
250 1008 311 1054 nec
326 986 480 1053 adversus
496 984 632 1052 Latinos
649 984 884 1071 Hernicosque,
910 1008 992 1072 quos
1015 987 1075 1054 fals

145 1081 285 1151 minibus
302 1082 336 1147 in
352 1104 441 1147 arma
456 1088 563 1169 agunt,
581 1079 641 1147 sed
656 1080 809 1146 adversus
824 1102 859 1147 sc
872 1103 910 1147 sc
923 1081 1075 1168 plebeml

111 1196 221 1246 snam
246 1178 443 1244 dictatorem.
457 1184 597 1242 creatum
623 1196 709 1242 esset
735 1175 800 1242 iam
825 1175 945 1243 omisso
970 1175 1068 1257 bello,

146 1272 329 1339 simulsmm
345 1273 400 1350 sit,
426 1271 461 1336 in
477 1294 513 1337 se
529 1270 682 1357 impetum
699 1269 781 1349 fieri,
802 1271 867 1337 iam
884 1271 1070 1339 dictatorem

144 1367 205 1435 teri
220 1366 429 1454 patrocinium
446 1365 677 1431 foeneratorum
698 1366 850 1433 adversus
872 1365 1014 1453 plebem,
1040 1368 1075 1433 ἰιι

111 1481 128 1530 c
146 1482 188 1527 ex
202 1461 313 1529 favore
330 1460 538 1527 multitudinis
552 1460 671 1526 crimen
684 1469 717 1526 et
728 1460 899 1548 perniciem
916 1462 1037 1547 quaeri.
1069 1469 1075 1499 ‘

146 1555 205 1620 dit'
221 1555 324 1640 inquit
340 1561 401 1635 ‘te,
419 1552 464 1630 A.
483 1554 625 1635 Corneli,
642 1577 778 1643 vosque,
797 1567 902 1643 patres
921 1558 1075 1646 conscript

145 1650 293 1717 cumfuse
309 1649 403 1717 turba
418 1650 510 1717 lateri
525 1673 611 1716 mec:
630 1651 707 1736 quin
724 1673 795 1716 eam
807 1651 955 1718 diducitis
968 1676 989 1719 a
1001 1675 1075 1720 mes

145 1745 260 1812 vestris
277 1744 453 1825 beneficiis,
479 1745 714 1825 intercedendo,
738 1746 905 1812 eximendo
922 1747 963 1812 de
980 1770 1075 1814 nervo

144 1849 279 1919 vestros,
296 1839 492 1927 prohibendo
503 1839 658 1906 iudicatos
672 1840 878 1925 addictosque
891 1840 975 1921 duci,
995 1864 1038 1908 ex
1046 1864 1075 1908 e<

97 1954 129 2003 ιο
146 1933 249 2001 effluit
265 1933 379 2020 opibus
397 1934 510 2000 vestris
528 1935 712 2001 sustinendo
729 1935 934 2002 necessitates
952 1935 1075 2002 alioruu

146 2027 225 2113 quid
246 2050 307 2115 ego
327 2050 402 2107 vos,
429 2029 469 2094 de
485 2037 592 2096 vestro
614 2030 808 2116 inpendatis,
833 2030 962 2096 hortor?
992 2042 1075 2098 sorte

144 2144 244 2207 quem
259 2122 349 2202 ferte,
368 2124 408 2190 de
425 2123 527 2211 capite
545 2125 691 2191 deducite
708 2126 794 2210 quod
806 2127 912 2192 usuris
924 2149 1075 2213 pernume

145 2226 210 2283 est·
234 2216 300 2285 ium
320 2217 418 2286 nihilo
438 2240 511 2285 mea
531 2218 625 2286 turba
645 2242 745 2305 quam
766 2220 861 2298 ullius
888 2218 1075 2308 conspectio:

97 2332 128 2381 11
144 2320 180 2379 st
197 2311 282 2379 enim
298 2311 401 2398 quid
391 2322 437 2380 ιιι
453 2313 541 2380 solus
559 2336 619 2401 ego
637 2312 754 2400 civium
771 2337 880 2380 curam
897 2316 980 2402 ago?
1001 2317 1075 2382 nihil

146 2407 198 2494 gis
225 2409 312 2492 quod
337 2409 546 2496 respondeam
572 2408 675 2475 habeo
701 2411 844 2494 quamsi
865 2432 1017 2495 quaeras,
1045 2434 1075 2522 (ιι

148 2501 234 2568 solus
253 2501 349 2589 Capit
336 2504 447 2569 tolium
464 2526 630 2588 arcemque
649 2504 849 2570 servaverim.
885 2513 918 2570 et
940 2514 1010 2570 tum
1028 2529 1075 2572 um

14 2659 18 2666 .
97 2615 129 2665 ιι
147 2619 243 2682 quom
259 2598 349 2685 potui
365 2620 459 2685 opem
476 2598 583 2664 tuh
552 2606 583 2663 e
599 2619 684 2663 nunc
702 2598 834 2686 singulis
853 2598 964 2666 feram.
1006 2626 1075 2668 nom

26 2687 30 2692 ’
147 2691 189 2757 ιι]
206 2691 370 2758 thesauros
390 2690 581 2758 Gallicost
548 2692 672 2776 attinet,
699 2715 767 2757 rem
789 2703 900 2779 suapte
920 2704 1037 2761 natura
1057 2695 1075 2761 fi

146 2785 309 2850 difficilem
320 2785 522 2873 interrogatio
536 2787 620 2853 facit.
648 2809 704 2852 cur
716 2789 800 2854 enim
813 2789 963 2873 quaeritis
977 2793 1065 2875 quod

148 2899 204 2942 cur
221 2877 333 2989 quod
323 2903 358 2944 ιιι
375 2880 446 2945 sinu
463 2889 569 2947 vestro
586 2889 635 2947 est
648 2896 754 2948 excuti
743 2882 862 2948 ''iubet
841 2892 880 2948 ιιι
892 2884 1002 2993 potius
1017 2909 1075 2995 qua

98 2971 450 3061 sanctissimarum
466 2975 554 3042 fraus
573 2974 701 3043 subest?
735 2999 798 3061 quo
815 2979 918 3064 magis
942 2981 1075 3067 arguip

147 3067 217 3156 gias
234 3020 350 3135 iubetis
367 3079 499 3150 vestras,
518 3092 556 3137 eo
573 3071 645 3180 plus
663 3093 786 3150 vereor,
805 3095 845 3138 ne
862 3072 1057 3140 abstuleritis

114 3195 116 3199 ·
145 3162 294 3230 vantibus
312 3163 408 3230 etiem
424 3165 544 3231 oculos.
578 3165 685 3249 itaque
706 3189 772 3232 non
794 3189 854 3254 ego
875 3166 969 3233 vobis
986 3169 1075 3328 ut111
1046 3192 1075 3234 m

145 3261 280 3345 praedas
297 3268 433 3340 vestras,
461 3260 518 3326 sed
533 3280 592 3325 vos
609 3259 643 3324 id
660 3261 794 3348 cogendi
811 3261 952 3339 estis‚u

145 3352 331 3439 proferatis!
481 3401 484 3405 -

115 3468 129 3514 1
211 3445 309 3513 XVL
350 3446 434 3514 (lum
454 3448 526 3514 mitt
526 3470 578 3514 ere
600 3449 717 3537 embag
696 3472 752 3516 ‹res
774 3450 908 3515 dictator
928 3451 1075 3519 iuberet

127 3561 298 3628 peragere
323 3563 434 3609 verum
458 3543 611 3609 indicium
637 3554 764 3632 cogeret
789 3553 844 3611 aut
868 3545 962 3611 fateri
984 3547 1075 3613 facim

147 3634 286 3701 sinuati
302 3635 384 3704 falso
402 3637 531 3705 crimine
553 3649 680 3705 senatus
704 3640 890 3725 oblataeque
910 3641 988 3706 vani
1008 3641 1075 3707 furti

146 3729 228 3810 dise,
245 3743 413 3821 negantem
430 3732 558 3800 arbitrio
575 3735 773 3801 inimicorum
790 3758 824 3802 se
836 3735 1017 3802 locuturum
1029 3737 1064 3802 in

115 3844 130 3894 ι
148 3825 223 3892 duci
241 3826 344 3894 iussit,
383 3837 526 3915 arreptus
548 3853 568 3895 a
589 3829 707 3896 victore
726 3828 895 3917 ‘Iuppiter’
920 3831 1024 3915 inquit
1047 3836 1075 3894 ‘c

144 3921 284 3988 maxime
305 3922 448 4008 Iunoque
473 3922 583 4012 regina
608 3946 647 3990 ac
668 3923 814 3990 Minerva
835 3924 994 4009 ceterique
1019 3924 1062 3990 dii

142 4035 223 4101 que,
249 4014 305 4102 qui
326 4016 519 4105 Capitolium
543 4041 709 4105 arcemque
735 4019 884 4098 incolitis,
912 4018 1010 4085 sicine
1035 4040 1075 4083 vc
