2566 4524
335 213 455 270 arnna
472 215 501 284 1,
518 212 630 269 41-43.
651 217 690 283 [a.
701 212 889 286 osas-Q]
1088 204 1136 272 45

97 377 162 446 iam
179 373 373 460 exspirasset
386 371 587 457 Tarquinius,
605 371 706 439 celata
723 382 823 438 morte
839 396 897 460 per
909 375 1046 460 speciem
1059 378 1135 446 alie-

97 493 157 537 nae
176 467 359 555 fungendae
376 466 455 532 vicis
474 491 548 533 suas
568 489 644 553 opes
662 467 811 533 firmavitr
838 477 905 532 tum
927 470 1055 536 demum
1075 496 1133 560 pa-

95 565 162 630 lam
179 562 302 627 factum
320 581 359 626 ex
382 561 616 647 conploratione
628 561 662 627 in
675 562 763 648 regia
778 571 854 628 orta.
884 561 1024 644 Servius,
1042 589 1134 652 prae-

97 657 179 724 sidio
196 656 288 720 firmo
306 654 460 733 munitus,
487 656 607 741 primus
625 655 747 721 iniussu
768 656 878 742 populi
899 658 1059 724 voluntate
1076 684 1133 747 pa-

95 763 180 834 trum
197 751 352 839 regnavit.
387 749 473 815 Anci
489 750 579 815 liberi
595 751 660 816 iam
682 761 763 828 tum,
800 754 983 838 conprensis
1007 755 1132 822 sceleris
1152 781 1166 827 7

93 846 268 923 ministris,
287 854 322 909 ut
339 844 445 911 vivere
462 867 571 930 regem
589 854 620 911 et
637 854 739 910 tantas
759 869 829 911 esse
847 869 923 933 opes
944 846 1036 915 Servi
1053 875 1133 916 nun-

92 943 209 1007 tiatum
229 949 286 1018 est,
307 937 460 1006 Suessam
476 939 656 1005 Pometiam
673 940 834 1005 exulatum
851 942 960 1008 ierant.

161 1035 361 1101 XXXXII.
401 1034 468 1100 Nec
485 1035 548 1100 iam
565 1034 701 1120 publicis
719 1035 821 1121 magis
845 1037 983 1101 consiliis
1002 1037 1132 1105 Servius
1155 1063 1167 1107 1

95 1155 191 1218 quam
205 1129 337 1216 privatis
356 1129 477 1194 munire
496 1128 572 1215 opes
586 1138 618 1194 et
634 1152 684 1209 ne,
704 1131 805 1214 qualis
820 1128 905 1195 Anci
918 1131 1050 1197 liberum
1065 1135 1132 1198 ani-

98 1251 169 1292 mus
180 1226 335 1290 adversus
343 1223 550 1308 Tarquinium
564 1224 675 1302 tuerat,
695 1224 765 1290 talis
776 1225 926 1290 adversus
938 1249 972 1291 se
982 1227 1133 1311 Tarquini

99 1321 232 1387 liberum
260 1328 358 1396 esset,
385 1319 464 1384 duas
491 1318 571 1383 filias
597 1318 764 1383 iuvenibus
790 1319 885 1405 regiis
908 1320 1012 1386 Lucio
1039 1332 1133 1406 atque

101 1416 231 1482 Arrunti
250 1414 430 1498 Tarquiniis
447 1414 559 1500 iungit.
585 1436 644 1478 nec
662 1414 746 1499 rupit
764 1424 869 1478 tamen
886 1415 944 1480 fati
961 1417 1132 1482 necessita
1151 1438 1166 1485 2

104 1521 162 1576 tem
179 1509 329 1575 humanis
348 1508 500 1587 consiliis,
527 1508 605 1592 quin
621 1508 740 1573 invidia
756 1509 847 1596 regni
864 1510 958 1575 etiam
980 1511 1061 1576 inter
1078 1513 1134 1577 do-

104 1605 248 1670 mesticos
266 1603 364 1668 infida
386 1604 492 1668 omnia
509 1614 603 1687 atque
624 1603 741 1667 infesta
762 1604 889 1668 faceret.
924 1616 1133 1692 peroportune

106 1701 140 1766 ad
151 1699 330 1787 praesentis
345 1698 482 1782 quietem
496 1708 596 1762 status
610 1697 727 1763 bellum
742 1720 813 1762 oum
823 1696 1009 1765 Veientibus
1019 1701 1133 1765 —iam

104 1795 181 1861 enim
198 1792 340 1858 indutiae
359 1792 498 1857 exierant
516 1830 558 1839 —
576 1792 708 1875 aliisque
724 1791 870 1857 Etruscis
890 1803 1059 1878 sumptum.
1099 1793 1133 1857 in
1152 1816 1166 1862 3

105 1910 136 1954 co
152 1889 239 1954 bello
258 1898 289 1954 et
306 1889 405 1953 virtus
424 1898 454 1952 et
470 1889 597 1953 fortuna
614 1888 724 1954 enituit
742 1888 840 1965 Tulli,
860 1888 995 1972 fusoque
1012 1890 1133 1975 ingenti

103 1983 239 2049 hostium
258 1983 397 2049 exercitu
415 1983 490 2048 haut
517 1983 631 2048 dubius
648 2006 719 2061 rex,
739 2006 796 2048 seu
813 1993 937 2068 patrum
957 2007 1013 2048 seu
1030 1983 1132 2070 plebis

103 2080 220 2144 animos
240 2077 479 2164 periclitaretur,
502 2077 639 2142 Romam
661 2078 762 2142 rediit.
799 2078 1041 2164 adgrediturque
1059 2080 1133 2143 inde
1151 2099 1168 2146 4

103 2175 141 2238 ad
157 2173 246 2260 pacis
263 2171 359 2258 longe
378 2171 659 2257 maximumopus,
677 2181 727 2249 ut,
746 2173 1012 2256 quemadmodum
1029 2172 1133 2238 Numa

102 2269 198 2334 divini
216 2277 326 2332 auctor
343 2266 418 2330 iuris
437 2266 563 2344 fuisset,
590 2267 635 2330 ita
654 2264 800 2332 Servium
819 2268 1011 2332 conditorem
1031 2269 1133 2333 omnis

101 2363 132 2426 in
159 2362 285 2427 civitate
308 2361 495 2425 discriminis
523 2361 744 2444 ordinumque,
771 2360 885 2444 quibus
908 2361 990 2425 inter
1015 2363 1132 2448 gradus

103 2457 263 2544 dignitatis
282 2456 487 2540 fortunaeque
506 2456 624 2540 aliquid
640 2456 814 2532 interlucet,
833 2457 952 2541 posteri
969 2456 1055 2520 fama
1072 2457 1134 2521 fer-

102 2562 177 2617 rent.
215 2573 346 2615 censum
363 2551 447 2615 enim
463 2550 611 2629 instituit,
636 2573 705 2615 rem
723 2549 961 2614 saluberrimam
978 2559 1064 2614 tanto
1082 2551 1132 2614 fu·
1152 2571 1167 2618 5

102 2656 170 2711 turo
188 2645 336 2730 imperio,
364 2667 403 2709 ex
421 2666 484 2728 quo
502 2644 576 2709 belli
592 2644 743 2730 pacisque
761 2645 868 2709 munia
885 2667 949 2708 non
966 2644 1082 2708 viritim
1099 2656 1135 2709 ut

102 2753 181 2819 ante,
203 2741 261 2805 sed
277 2763 334 2826 pro
351 2739 461 2804 habitu
478 2739 682 2825 pecuniarum
699 2738 818 2804 fierent.
846 2749 913 2803 tum
931 2739 1041 2805 classis
1061 2763 1134 2804 cen-

103 2836 264 2918 turiasque
290 2843 322 2899 et
342 2834 426 2898 hunc
447 2834 589 2899 ordinem
611 2856 652 2898 ex
673 2855 771 2899 censu
797 2833 961 2919 descripsit
987 2834 1039 2899 vel
1063 2837 1133 2920 paci

103 2929 253 2994 decorum
270 2929 321 2993 vel
338 2929 430 2994 bello.

165 3022 377 3088 XXXXIH.
400 3022 454 3087 Ex
465 3022 514 3100 iis,
534 3022 588 3107 qui
601 3031 726 3087 centum
738 3022 859 3087 milium
873 3022 953 3086 aeris
967 3032 1022 3086 aut
1036 3024 1134 3088 maio-
1152 3046 1165 3093 1

102 3141 171 3184 rem
180 3140 311 3183 censum
320 3117 481 3195 haberent,
500 3118 658 3204 octoginta
668 3118 803 3183 confecit
817 3117 982 3193 centurias,
1001 3118 1134 3200 quadra

103 3236 201 3300 genas
222 3213 379 3278 seniorum
396 3233 434 3276 ac
451 3212 621 3276 iuniorum:
640 3213 759 3298 primae
778 3211 889 3276 classis
903 3233 1011 3275 omnes
1026 3212 1134 3296 appel·
1152 3233 1166 3280 2

104 3308 166 3387 lati,
186 3309 326 3373 seniores
341 3308 382 3372 ad
394 3307 480 3372 urbis
494 3308 668 3372 custodiam
683 3319 717 3372 ut
729 3317 855 3393 praesto
869 3316 984 3384 essent,
1003 3306 1133 3372 invenes

105 3416 139 3467 ut
154 3405 233 3468 foris
251 3402 335 3467 bella
351 3411 504 3488 gererent.
531 3425 619 3467 arma
635 3402 684 3467 his
702 3402 854 3488 imperata
867 3401 967 3487 galea,
987 3401 1133 3486 clipeum,

107 3520 221 3577 ocreae,
241 3498 349 3574 lorica,
367 3497 473 3562 omnia
490 3518 530 3561 ex
547 3519 628 3574 aere,
647 3496 726 3562 haec
743 3507 778 3561 ut
796 3506 977 3584 tegumenta
995 3496 1133 3582 corporis

108 3607 222 3674 essent,
247 3594 311 3659 tela
327 3594 361 3658 in
377 3593 501 3659 hostem
517 3593 670 3678 hastaque
688 3604 720 3658 et
740 3594 874 3681 gladius.
915 3592 1038 3656 additae
1061 3591 1134 3656 huic
1153 3610 1168 3657 3

108 3690 195 3773 classi
218 3691 302 3754 duae
320 3688 446 3754 fabrum
468 3689 639 3766 centuriae,
667 3711 747 3772 quae
771 3689 838 3754 sine
860 3687 955 3752 armis
979 3686 1134 3772 stipendia

108 3783 256 3863 facerent3
289 3785 399 3849 datum
424 3808 550 3862 munus,
582 3794 617 3848 ut
642 3784 803 3848 machinas
834 3784 868 3847 in
897 3781 980 3846 bello
1007 3781 1132 3846 ferrent.

109 3882 242 3946 secunda
259 3879 373 3944 elassis
389 3879 471 3945 intra
488 3893 613 3945 centum
632 3902 732 3963 usque
750 3880 791 3944 ad
808 3879 946 3962 quinque
960 3887 991 3940 et
1007 3887 1135 3960 ‘septua-
1152 3895 1170 3940 4

107 3977 189 4062 ginta
205 3977 331 4041 milium
349 3997 480 4043 censum
496 3975 640 4040 instituta
658 3984 689 4039 et
706 3974 816 4053 exiis,
838 3970 1012 4039 senioribus
1030 3969 1131 4033 iunio-
