2566 4524
318 265 437 320 LIBER
453 264 513 337 III,
529 264 641 320 29-31.
661 268 700 334 [a.
711 263 741 319 C.
751 265 900 336 458-455]
1064 255 1127 322 153

156 426 273 511 Lupus
291 424 377 490 visos
394 423 428 487 in
443 423 599 509 Capitolio
616 423 721 487 ferunt
739 446 758 487 a
776 423 906 489 canibus
925 424 1066 512 fugatos,
1086 426 1126 493 ob
1145 449 1161 496 e

94 523 128 587 id
147 519 332 608 prodigium
352 517 519 582 lustratum
543 516 734 604 Capitolium
761 539 841 583 esse.
877 518 955 583 haec
982 541 1019 585 eo
1045 544 1127 586 anno

95 629 196 706 gesta

159 709 281 776 XXX.
315 706 471 774 Secuntur
488 707 632 774 consules
651 706 789 791 Quintus
807 707 984 788 Minucius,
1005 709 1042 776 C.
1056 710 1127 776 Ho-
1146 732 1158 779 1

96 806 192 871 ratius
210 803 379 868 Pulvillus.
415 803 504 868 cuius
526 803 614 868 initio
637 804 710 866 anni
732 826 804 867 eum
822 804 898 868 foris
917 805 1015 869 otium
1034 815 1126 885 esset,

95 900 179 965 domi
195 898 366 963 seditiones
380 896 464 961 idem
477 895 606 975 tribuni,
626 897 735 960 eadem
749 896 801 960 lex
815 897 963 976 faciebat,
982 899 1128 965 ulterius·
1144 920 1160 968 2

94 1015 155 1077 que
177 1002 310 1056 ventum
326 991 409 1056 foret
426 1029 468 1038 -
486 991 565 1055 adeo
583 1000 764 1055 exarserant
781 992 894 1056 animis
912 1030 968 1071 —,
991 993 1024 1056 ni
1041 995 1128 1059 velut

96 1087 201 1152 dedita
214 1107 312 1171 opera
324 1095 476 1150 nocturno
489 1085 609 1170 impetu
617 1084 803 1169 Aequorum
810 1084 966 1151 Corbione
975 1087 1127 1151 amissum

95 1182 288 1268 praesidium
305 1179 480 1243 nuntiatum
495 1189 587 1244 esset.
617 1190 761 1244 senatum
775 1179 919 1245 consules
933 1191 1060 1259 vocant3
1078 1182 1126 1245 iu·
1145 1203 1161 1250 3

97 1273 209 1339 beutur
235 1273 420 1339 subitarium
448 1272 583 1338 scribere
610 1274 780 1338 exercitum
802 1284 896 1357 atque
917 1275 951 1338 in
973 1274 1127 1361 Algidum

102 1368 219 1434 ducere.
255 1368 329 1432 inde
360 1367 463 1453 posito
472 1367 552 1454 legis
566 1369 734 1432 certamine
767 1391 850 1432 nova
862 1369 901 1432 de
920 1369 1034 1432 dilectu
1053 1392 1127 1434 con-

102 1464 191 1528 tentio
216 1473 299 1540 orta,
325 1461 569 1547 vincebaturque
592 1463 755 1527 consulare
776 1463 943 1548 imperium
962 1462 1161 1530 tribunicios

71 1558 73 1563 ’
106 1558 222 1634 auxilio,
241 1579 314 1620 cum
328 1555 409 1620 alius
421 1557 546 1621 additur
558 1567 665 1634 terror,
686 1555 840 1623 Sabinum
854 1558 1023 1622 exercitum
1037 1580 1128 1644 prae-

71 1696 75 1721 ,-
106 1649 203 1715 datum
222 1650 423 1716 descendisse
441 1651 474 1714 in
491 1673 583 1736 agros
601 1651 777 1728 Romanos,
796 1651 869 1715 inde
887 1652 928 1716 ad
945 1651 1054 1717 urbem
1073 1675 1128 1718 ve-

71 1736 75 1755 *
109 1745 172 1813 nire.
202 1745 231 1810 is
248 1753 352 1809 metus
369 1744 515 1830 perculit,
533 1754 568 1808 ut
587 1743 680 1810 scribi
697 1745 827 1809 militem
845 1745 960 1810 tribuni
980 1747 1125 1824 sinerent,
1145 1767 1161 1814 5

71 2520 87 2699 i

111 1860 162 1904 non
179 1839 246 1903 sine
263 1839 408 1924 pactione
426 1848 544 1915 tamen,
563 1848 611 1915 ut,
635 1839 783 1922 quoniam
800 1839 862 1924 ipsi
880 1839 1126 1922 quinquennium

114 1933 178 1999 elusi
198 1943 305 1999 essent
324 1955 520 2019 parvumque
536 1933 570 1997 id
586 1933 671 2019 plebi
688 1934 879 2019 praesidium
898 1934 992 2012 foret,
1016 1934 1125 1998 decem

117 2027 210 2092 deinde
226 2027 343 2094 tribuni
360 2027 461 2114 plebis
480 2038 666 2093 crearentur.
703 2029 857 2114 expressit
874 2029 934 2099 hoc
952 2029 1123 2094 necessitas
1144 2049 1159 2097 6

117 2122 245 2204 putribus.
281 2122 315 2185 id
336 2123 430 2187 modo
454 2144 617 2208 excepere,
645 2145 685 2186 ne
706 2134 817 2207 postea
838 2124 965 2188 eosdem
983 2122 1124 2188 tribunos

119 2213 243 2282 riderent.
276 2217 442 2283 tribunicia
459 2218 597 2294 comitia,
617 2239 656 2280 ne
673 2217 707 2280 id
725 2240 848 2326 quoque
863 2228 939 2326 post
956 2218 1073 2283 bellum
1091 2227 1126 2282 ut

119 2319 200 2376 cetera
213 2334 329 2376 vanum
342 2321 435 2391 esset,
455 2334 494 2377 ex
494 2312 611 2398 templo
624 2310 780 2376 habitat
767 2312 924 2376 tricesimo
939 2322 1028 2377 sexto
1042 2335 1124 2378 anno
1145 2333 1158 2378 ι

71 2405 239 2509 oprimis
257 2405 374 2471 tribuni
390 2405 492 2492 plebis
511 2407 620 2470 decom
639 2405 733 2470 creati
752 2415 838 2482 sunt,
812 2406 922 2470 tbini
940 2429 979 2470 ex
993 2406 1124 2493 singulis

71 2470 263 2579 nasibus,
282 2501 387 2584 itaque
406 2510 478 2565 caut
479 2523 533 2564 um
551 2509 637 2565 estu
638 2509 778 2585 tpostea
796 2510 982 2564 crearentur.

166 2592 266 2660 Dilect
253 2604 288 2659 ιιι
314 2596 426 2660 deinde
448 2595 555 2660 habito
577 2593 738 2660 Minucius
763 2604 834 2660 cont
834 2619 871 2659 ra
823 2593 1031 2661 tSabinos
1053 2616 1125 2680 pro·
1143 2611 1159 2660 8

119 2681 199 2753 fectus
224 2712 287 2753 non
312 2689 431 2754 invenit
457 2689 530 2754 host
517 2699 590 2754 tem
634 2689 747 2754 Horat
726 2701 816 2766 t,1us
829 2711 901 2754 cum
922 2689 987 2753 iam
1023 2688 1130 2773 Aequi

71 2802 79 2849 ε
120 2773 285 2849 Corbione
275 2793 321 2848 mt
309 2783 438 2848 ter-fecto
459 2783 615 2870 praesidio
660 2781 815 2850 Ortonam
838 2785 930 2849 etiam
958 2783 1124 2869 cepissent

71 2886 78 2891 '
118 2868 264 2964 uAlgido
281 2888 416 2965 pugnat,
439 2879 519 2943 mult
506 2889 554 2943 tos
573 2879 713 2943 mortalis
736 2880 862 2957 occidit,
837 2880 981 2966 tfugat
968 2879 1126 2946 thostem

71 3014 76 3035 -,
117 2985 168 3032 non
186 2993 222 3036 ex
237 2971 358 3059 Algido
380 2974 488 3050 modo,
512 2974 568 3038 sed
590 2997 609 3037 a
629 2971 785 3039 Corbione
805 2971 866 3040 Ort
855 2983 999 3058 t.onaque
1045 2973 1125 3039 Cor-

73 3074 76 3079 ·
118 3056 269 3131 bionemt
238 3067 333 3132 etiam
351 3067 446 3131 dimit
462 3079 555 3154 propt
556 3090 590 3132 er
606 3068 764 3152 proditum
781 3068 982 3153 praesidium.

169 3156 297 3226 XXXI.
329 3161 455 3226 Deinde
473 3161 521 3226 M.
536 3160 696 3240 Valerius,
717 3160 773 3247 sp.
789 3161 959 3246 Verginius
978 3161 1123 3225 consules
1144 3181 1156 3227 1

115 3247 184 3318 tati.
216 3256 301 3321 domi
319 3255 458 3341 forisque
477 3256 574 3322 otium
592 3256 666 3320 fuit
640 3267 810 3336 t3annona
827 3265 919 3341 propt
921 3277 954 3319 er
971 3277 1124 3338 aquarum

114 3341 310 3436 intemperiem
332 3350 453 3416 laborat
440 3361 507 3415 tum
525 3360 583 3416 est
620 3352 659 3414 de
676 3349 793 3415 Arent
773 3361 837 3414 trno
854 3348 1044 3435 publicando
1061 3348 1126 3413 lata

112 3435 154 3505 lex
169 3457 228 3522 est,
247 3443 365 3511 tribuni
381 3444 483 3531 plebis
500 3446 584 3510 idem
603 3445 721 3509 resecti.

162 3537 206 3604 Hi
225 3548 375 3625 sequente
393 3563 476 3606 anno
509 3540 548 3605 T
562 3540 713 3617 Romrlro
734 3539 772 3604 C
786 3537 918 3604 Veturio
946 3538 1158 3606 consulibns2

108 3628 199 3720 legem
217 3634 366 3701 omnibus
385 3635 580 3701 contionibus
600 3636 665 3701 suis
684 3634 842 3700 celebrant
830 3645 856 3699 t:
877 3635 996 3720 pudere
1015 3655 1049 3698 se
1066 3655 1125 3697 ιιιι-

103 3728 174 3793 meri
195 3731 244 3795 sui
266 3729 458 3814 nequiquam
480 3731 578 3808 aucti,
606 3730 633 3795 si
657 3752 765 3794 cares
788 3751 887 3813 aeque
915 3750 972 3793 suo
998 3727 1125 3793 biennio

102 3820 209 3888 iaceret
235 3846 274 3890 ac
299 3833 366 3889 toto
393 3824 551 3910 superiore
577 3824 677 3888 lustro
698 3823 856 3890 iacuisset.
893 3845 966 3887 cum
987 3821 1157 3887 maximea

102 3912 173 3983 haec
189 3927 334 4006 agerent,
357 3919 471 4004 trepidi
487 3928 566 3984 nunt
566 3919 588 3982 ir
553 3918 645 3984 tab
665 3917 805 3983 Tusculo
826 3918 968 3994 veniunt,
991 3913 1123 3995 Aequos

99 4008 131 4076 iu
146 4035 221 4100 agro
235 4013 417 4079 Tusculano
435 4035 515 4080 esse
542 4013 617 4079 fecit
634 4015 785 4100 pudorem
802 4035 912 4078 recens
930 4012 997 4076 eius
1014 4005 1123 4094 populi
