2566 4524
211 239 254 304 60
482 250 601 305 LIBER
619 251 647 319 Ι,
665 250 707 306 57.
720 250 762 306 56.
781 255 819 320 [a.
828 268 857 306 u.
868 250 964 321 affl]

211 407 370 493 quiniique
391 408 514 494 excepti
534 407 684 497 benigne,
710 408 810 473 victor
831 406 962 473 maritus
982 407 1116 474 comiter
1129 408 1229 477 invitat
1275 462 1277 467 .

209 503 315 591 regios
336 502 477 567 iuvenes.
512 502 558 567 ibi
576 499 652 568 Sex.
670 502 878 586 Tarquinium
899 501 983 567 mala
1003 500 1104 569 birido
1120 502 1229 571 Lucro·

210 597 272 661 tiae
288 618 347 685 per
366 596 432 659 vim
456 597 644 683 stuprandae
661 596 764 682 capit3
793 619 866 663 cum
886 597 989 663 forma
1009 606 1078 663 tum
1102 606 1231 684 spectata

161 715 191 761 11
211 691 338 756 castitas
357 690 474 755 incitat.
506 700 537 755 et
554 700 622 754 turn
639 690 766 777 quidem
784 689 824 756 ab
842 700 993 757 ιιοοῒιιιιιο
1009 691 1151 759 iuvenali
1166 691 1233 758 ludo
1271 760 1277 773 ,

210 784 244 848 in
261 796 365 848 castra
381 784 522 848 redeunt.
1251 836 1254 841 .
1271 778 1277 827 Γ

178 900 192 947 1
275 876 402 941 LVHI.
429 877 545 945 Paucis
562 877 733 943 interiectis
751 877 863 944 diebus
878 874 955 944 Sex.
968 878 1164 964 Tarquinius
1192 879 1277 976 iusi

178 992 194 1040 2
213 970 279 1036 acio
305 969 464 1037 Collatino
513 994 586 1036 cum
617 971 731 1037 comite
761 994 825 1036 uno
852 970 1021 1037 Collatiam
1045 973 1145 1039 venit.
1187 972 1235 1039 ubi
1275 1034 1277 1039 .

212 1075 361 1151 exceptus
384 1065 520 1152 benigne
543 1066 583 1131 ab
605 1066 723 1152 ignaria
746 1066 868 1131 consilii
889 1088 961 1130 cum
982 1077 1056 1152 poet
1076 1068 1237 1133 cenamiu

211 1159 366 1246 hospitale
388 1159 568 1225 cubiculum
590 1161 743 1225 deductus
760 1173 858 1237 esset,
881 1182 987 1225 amore
1005 1161 1135 1239 ardens,
1155 1172 1238 1249 poet·

212 1278 307 1340 quam
325 1254 401 1320 satis
419 1264 487 1319 tuta
504 1256 586 1320 circa
604 1255 759 1340 sopitique
777 1276 886 1319 omncs
910 1254 1109 1333 videbantur,
1137 1256 1238 1321 stricto

211 1350 317 1436 gladio
335 1349 376 1414 ad
394 1349 600 1415 dormientem
616 1349 800 1414 Lucretiam
816 1349 916 1426 venit,
941 1349 1131 1433 sinistraque
1147 1370 1239 1417 mauu

212 1444 351 1508 mulieris
378 1454 505 1528 pectore
531 1464 683 1528 oppresso
710 1449 795 1506 ‘tace
819 1440 995 1519 Lucretia‚’
1020 1442 1126 1526 inquit
1151 1440 1237 1511 ‘San

214 1536 406 1620 Tarquinius
426 1558 511 1613 sum3
529 1535 647 1599 ferrum
659 1535 693 1599 in
705 1558 802 1599 manu
814 1545 877 1612 est,
895 1535 1041 1613 moriere,
1060 1536 1089 1600 si
1102 1536 1240 1603 emiaelic

180 1650 195 1698 a
214 1630 344 1695 vocem?
370 1651 443 1695 cum
456 1629 571 1714 pavida
585 1651 626 1693 ex
640 1650 750 1694 somno
762 1628 876 1694 mulier
886 1629 1005 1693 nullam
1018 1650 1129 1714 opem,
1145 1650 1240 1717 prope
1255 1630 1262 1679 Γ

213 1735 347 1789 mortem
367 1724 571 1788 inminentem
588 1723 721 1800 videret,
744 1732 811 1787 tum
829 1723 1021 1808 Tarquinius
1042 1722 1139 1789 fateri
1158 1744 1242 1791 amo·

213 1841 294 1896 rom,
322 1840 423 1894 orare,
451 1817 583 1881 miscere
608 1815 754 1901 precibus
781 1816 897 1894 minae,
923 1838 1048 1882 versare
1073 1816 1110 1882 in
1135 1838 1254 1887 omnen.

179 1932 197 1978 4
214 1923 318 1999 partes
341 1910 526 1979 muliebrem
547 1910 695 1975 animum.
731 1909 787 1975 ubi
804 1909 994 1976 obstinatam
1009 1910 1142 1977 videbat
1157 1920 1190 1977 et
1203 1930 1252 1977 nc·-

214 2006 323 2070 mortis
346 2005 473 2088 quidem
495 2014 581 2069 metu
603 2004 760 2082 inclinari,
787 2005 874 2068 addit
896 2006 937 2070 ad
954 2014 1073 2069 metum
1091 2006 1256 2083 dedocuit·¹

216 2121 288 2164 cum
306 2110 426 2162 mortua
446 2098 621 2184 iugulatum
638 2120 764 2163 servum
785 2099 906 2164 nudum
926 2099 1105 2185 positurum
1127 2100 1184 2178 ait,
1208 2104 1255 2177 ul,¹

182 2195 249 2260 oin
271 2194 396 2259 sordido
420 2193 572 2257 adulterio
593 2202 705 2258 necata
726 2193 855 2258 dicatur.
892 2215 956 2278 quo
972 2203 1089 2259 terrore
1108 2216 1183 2259 cum
1198 2192 1239 2259 vl·

216 2288 311 2355 maaet
323 2287 512 2353 obstinatam
525 2287 707 2373 pudicitiam
720 2285 819 2370 (velut
827 2287 954 2373 victrix)
962 2286 1061 2353 libido
1068 2288 1240 2372 profertur-

216 2404 277 2466 que
285 2383 359 2446 inde
368 2381 557 2465 Tarquinius
571 2381 661 2447 ferox
674 2391 834 2468 expugnat
835 2404 854 2446 0
821 2382 980 2446 tdecore
992 2381 1142 2447 muliebri
1154 2388 1239 2459 emm

214 2476 366 2542 Lucretia
386 2486 508 2540 maesta
529 2485 615 2540 tanto
636 2475 720 2540 malo
736 2475 882 2540 nuntium
897 2475 1034 2541 Romam
1051 2477 1189 2542 eundem
1204 2470 1239 2541 ad

214 2581 336 2656 patrem
349 2569 552 2652 Ardeamque
570 2570 657 2633 ad
628 2592 730 2634 vuum
747 2569 855 2647 mittit,
874 2579 910 2633 ut
926 2590 999 2633 cum
1016 2568 1154 2656 singulis
1170 2568 1239 2653 fide·
1275 2572 1277 2581 '

214 2664 298 2730 libus
312 2664 421 2729 amicis
434 2664 574 2730 veniant.
592 2664 637 2728 ita
649 2664 714 2729 fact
701 2673 733 2729 to
746 2673 963 2748 maturatoque
975 2685 1057 2749 opus
1075 2685 1165 2743 esce,

216 2768 354 2822 atrocem
371 2757 530 2821 incidisse.

185 2872 200 2919 6
285 2848 420 2936 Spurius
434 2851 605 2916 Lucretius
623 2850 746 2917 cumP.
757 2852 898 2931 Valerio,
917 2850 1028 2919 Volesi
1039 2851 1122 2930 filio,
1143 2850 1236 2919 (lob
1272 2938 1274 2947 .

217 2944 301 3008 tinus
324 2966 396 3009 oum
413 2945 454 3009 L.
473 2944 566 3010 Iunio
583 2945 683 3011 Bruto
705 2947 804 3024 venit,
832 2969 904 3012 cum
925 2969 989 3030 quo
1010 2944 1092 3013 forte
1109 2942 1238 3013 Ram
1270 2975 1274 3033 g

215 3039 340 3104 rediens
374 3038 414 3104 ab
448 3040 557 3104 nuntio
591 3041 699 3105 uxoria
734 3053 800 3105 erat
835 3051 1007 3107 conventus
1009 3038 1238 3108 ‚Lucretia
1271 3066 1274 3077 ·

184 3134 377 3200 radentem
402 3144 556 3200 maestam
581 3136 615 3198 in
640 3134 784 3200 cubiculo
810 3136 986 3214 inveniunt3
1012 3135 1154 3201 adventu
1174 3152 1240 3223 amq
1271 3152 1277 3157 '

215 3252 287 3294 rum
311 3228 458 3293 lacrimae
485 3228 626 3304 obortae,
659 3228 881 3312 quaerentique
907 3230 975 3294 viro
1002 3229 1100 3294 ‘satin
1128 3220 1234 3296 salve?
1269 3246 1277 3299 ἱ

218 3322 377 3386 ‘minime'
420 3323 521 3405 inquit
552 3324 642 3405 ‘quid
672 3323 755 3386 enim
785 3323 864 3386 salvi
894 3334 943 3389 est
972 3323 1096 3389 mulieri
1130 3323 1238 3390 ami!
1266 3364 1277 3375 -

215 3416 384 3501 pudicitia?
418 3416 552 3502 vestigia
577 3417 636 3480 viri
663 3417 769 3494 alieni,
802 3416 972 3496 Collatine,
1002 3417 1148 3484 inlecto
1172 3416 1238 3483 auf
1265 3460 1277 3469 -

217 3517 281 3574 tuo.
325 3520 462 3573 ceterum
488 3531 602 3595 corpus
630 3522 677 3574 est
702 3521 824 3577 tantum
849 3511 1015 3590 violatum,
1045 3512 1173 3578 animus
1194 3508 1231 3575 ic·
1265 3526 1277 3539 “

219 3625 307 3667 acne:
333 3624 418 3666 mora
443 3604 531 3669 testis
554 3606 621 3669 erit.
658 3606 715 3670 sed
732 3607 804 3671 date
821 3607 947 3672 dextras
965 3607 1139 3693 iidemque,
1159 3596 1231 3671 hol

183 3714 199 3762 8
219 3693 336 3778 inpune
366 3695 507 3762 adultero
528 3698 606 3764 foro.
653 3696 1022 3785 Sex.eatTarq11iniuo‚
1048 3700 1120 3786 qui,
1144 3694 1238 3767 huu-

215 3810 274 3875 pm
298 3787 436 3876 hospite,
470 3791 574 3879 priore
598 3804 690 3859 nocte
715 3793 748 3858 vi
774 3805 911 3860 armatus
937 3796 1016 3860 mihi
1045 3795 1181 3881 cibique,
1207 3782 1230 3853 d
1264 3816 1277 3876 ;

184 3901 275 3949 avos
300 3883 360 3949 viri
385 3886 475 3964 eatis,
501 3885 686 3974 pestiferum
712 3888 785 3953 hinc
810 3889 939 3955 abstulit
963 3889 1137 3977 gaudium'
1168 3886 1237 3953 dd-
1263 3911 1277 3949 a

218 3977 325 4044 ordine
355 4001 464 4048 omnes
494 3982 604 4062 fidem,
640 3983 840 4048 consolantur
868 4006 997 4073 aegram
1027 3983 1125 4051 animi
1156 3996 1228 4049 avet·
1266 4008 1276 4017 ’
