<?xml version="1.0" encoding="UTF-8"?>
<!DOCTYPE html PUBLIC "-//W3C//DTD XHTML 1.0 Transitional//EN"
    "http://www.w3.org/TR/xhtml1/DTD/xhtml1-transitional.dtd">
<html xmlns="http://www.w3.org/1999/xhtml" xml:lang="en" lang="en">
 <head>
  <title>
</title>
<meta http-equiv="Content-Type" content="text/html;charset=utf-8" />
  <meta name='ocr-system' content='tesseract 3.04.00' />
  <meta name='ocr-capabilities' content='ocr_page ocr_carea ocr_par ocr_line ocrx_word'/>
</head>
<body>
  <div class='ocr_page' id='page_1' title='image "./titiliviaburbec01weisgoog_0394.png"; bbox 0 0 2566 4524; ppageno 0'>
   <div class='ocr_carea' id='block_1_1' title="bbox 385 850 820 949">
    <p class='ocr_par' dir='ltr' id='par_1_1' title="bbox 385 850 820 949">
     <span class='ocr_line' id='line_1_1' title="bbox 385 850 820 949; baseline 0 -35"><span class='ocrx_word' id='word_1_1' title='bbox 385 851 606 934; x_wconf 69' lang='lat' dir='ltr'>[rumosam</span> <span class='ocrx_word' id='word_1_2' title='bbox 622 855 731 914; x_wconf 72' lang='lat' dir='ltr'>imur</span> <span class='ocrx_word' id='word_1_3' title='bbox 741 850 820 949; x_wconf 68' lang='lat' dir='ltr'>¹tu]</span> 
     </span>
    </p>
   </div>
   <div class='ocr_carea' id='block_1_2' title="bbox 88 983 1117 1216">
    <p class='ocr_par' dir='ltr' id='par_1_2' title="bbox 88 983 1117 1216">
     <span class='ocr_line' id='line_1_2' title="bbox 122 983 1117 1059; baseline 0.001 -15"><span class='ocrx_word' id='word_1_4' title='bbox 122 988 195 1054; x_wconf 86' lang='lat' dir='ltr'>[Res</span> <span class='ocrx_word' id='word_1_5' title='bbox 219 987 356 1042; x_wconf 88' lang='lat' dir='ltr'>adversus</span> <span class='ocrx_word' id='word_1_6' title='bbox 373 985 498 1043; x_wconf 91' lang='lat' dir='ltr'>Vulscos</span> <span class='ocrx_word' id='word_1_7' title='bbox 522 989 552 1040; x_wconf 92' lang='lat' dir='ltr'>et</span> <span class='ocrx_word' id='word_1_8' title='bbox 568 983 685 1057; x_wconf 86' lang='lat' dir='ltr'>Aequos</span> <span class='ocrx_word' id='word_1_9' title='bbox 707 990 737 1040; x_wconf 89' lang='lat' dir='ltr'>et</span> <span class='ocrx_word' id='word_1_10' title='bbox 753 985 957 1042; x_wconf 87' lang='lat' dir='ltr'>Praenestinos</span> <span class='ocrx_word' id='word_1_11' title='bbox 978 1003 1117 1059; x_wconf 83' lang='lat' dir='ltr'>prospers</span> 
     </span>
     <span class='ocr_line' id='line_1_3' title="bbox 88 1063 1117 1142; baseline -0.003 -18"><span class='ocrx_word' id='word_1_12' title='bbox 88 1075 184 1142; x_wconf 83' lang='lat' dir='ltr'>gestas</span> <span class='ocrx_word' id='word_1_13' title='bbox 203 1065 339 1121; x_wconf 89' lang='lat' dir='ltr'>continet.</span> <span class='ocrx_word' id='word_1_14' title='bbox 366 1069 503 1136; x_wconf 87' lang='lat' dir='ltr'>quattuor</span> <span class='ocrx_word' id='word_1_15' title='bbox 516 1063 607 1118; x_wconf 82' lang='lat' dir='ltr'>bibus</span> <span class='ocrx_word' id='word_1_16' title='bbox 626 1063 771 1118; x_wconf 86' lang='lat' dir='ltr'>adiectae:</span> <span class='ocrx_word' id='word_1_17' title='bbox 795 1063 959 1135; x_wconf 79' lang='lat' dir='ltr'>Stellatina,</span> <span class='ocrx_word' id='word_1_18' title='bbox 978 1065 1117 1122; x_wconf 86' lang='lat' dir='ltr'>Tromen-</span> 
     </span>
     <span class='ocr_line' id='line_1_4' title="bbox 89 1140 1116 1216; baseline -0.003 -15"><span class='ocrx_word' id='word_1_19' title='bbox 89 1147 158 1216; x_wconf 86' lang='lat' dir='ltr'>tina,</span> <span class='ocrx_word' id='word_1_20' title='bbox 178 1143 332 1213; x_wconf 79' lang='lat' dir='ltr'>Sabatina,</span> <span class='ocrx_word' id='word_1_21' title='bbox 350 1140 508 1196; x_wconf 79' lang='lat' dir='ltr'><strong>Arniensis.</strong></span> <span class='ocrx_word' id='word_1_22' title='bbox 536 1141 574 1194; x_wconf 91' lang='lat' dir='ltr'>M.</span> <span class='ocrx_word' id='word_1_23' title='bbox 584 1141 722 1211; x_wconf 89' lang='lat' dir='ltr'>Manlius,</span> <span class='ocrx_word' id='word_1_24' title='bbox 741 1141 790 1213; x_wconf 90' lang='lat' dir='ltr'>qui</span> <span class='ocrx_word' id='word_1_25' title='bbox 804 1141 976 1213; x_wconf 78' lang='lat' dir='ltr'>Capitolium</span> <span class='ocrx_word' id='word_1_26' title='bbox 990 1161 1008 1199; x_wconf 87' lang='lat' dir='ltr'>a</span> <span class='ocrx_word' id='word_1_27' title='bbox 1023 1143 1116 1200; x_wconf 82' lang='lat' dir='ltr'>Gallis</span> 
     </span>
    </p>
   </div>
   <div class='ocr_carea' id='block_1_3' title="bbox 91 1218 1234 1293">
    <p class='ocr_par' dir='ltr' id='par_1_3' title="bbox 91 1218 1234 1293">
     <span class='ocr_line' id='line_1_5' title="bbox 91 1218 1234 1293; baseline -0.002 -15"><span class='ocrx_word' id='word_1_28' title='bbox 91 1224 265 1291; x_wconf 78' lang='lat' dir='ltr'>defenderat,</span> <span class='ocrx_word' id='word_1_29' title='bbox 276 1238 339 1276; x_wconf 90' lang='lat' dir='ltr'>cum</span> <span class='ocrx_word' id='word_1_30' title='bbox 349 1219 503 1275; x_wconf 87' lang='lat' dir='ltr'>obstrictos</span> <span class='ocrx_word' id='word_1_31' title='bbox 514 1235 580 1273; x_wconf 87' lang='lat' dir='ltr'>aere</span> <span class='ocrx_word' id='word_1_32' title='bbox 590 1218 684 1274; x_wconf 87' lang='lat' dir='ltr'>alieno</span> <span class='ocrx_word' id='word_1_33' title='bbox 695 1219 839 1289; x_wconf 90' lang='lat' dir='ltr'>liberaret,</span> <span class='ocrx_word' id='word_1_34' title='bbox 852 1237 939 1276; x_wconf 88' lang='lat' dir='ltr'>nexos</span> <span class='ocrx_word' id='word_1_35' title='bbox 949 1223 1115 1293; x_wconf 85' lang='lat' dir='ltr'>exsolveret,</span> <span class='ocrx_word' id='word_1_36' title='bbox 1230 1244 1234 1252; x_wconf 67' lang='lat'><strong><em>¹</em></strong></span> 
     </span>
    </p>
   </div>
   <div class='ocr_carea' id='block_1_4' title="bbox 88 1297 1217 1992">
    <p class='ocr_par' dir='ltr' id='par_1_4' title="bbox 88 1297 1116 1913">
     <span class='ocr_line' id='line_1_6' title="bbox 93 1297 1115 1369; baseline -0.002 -13"><span class='ocrx_word' id='word_1_37' title='bbox 93 1300 202 1356; x_wconf 87' lang='lat' dir='ltr'>crimine</span> <span class='ocrx_word' id='word_1_38' title='bbox 221 1298 359 1354; x_wconf 87' lang='lat' dir='ltr'>adfectati</span> <span class='ocrx_word' id='word_1_39' title='bbox 377 1297 459 1368; x_wconf 87' lang='lat' dir='ltr'>regni</span> <span class='ocrx_word' id='word_1_40' title='bbox 474 1297 624 1351; x_wconf 87' lang='lat' dir='ltr'>damnatus</span> <span class='ocrx_word' id='word_1_41' title='bbox 639 1297 674 1351; x_wconf 90' lang='lat' dir='ltr'>de</span> <span class='ocrx_word' id='word_1_42' title='bbox 690 1315 758 1353; x_wconf 87' lang='lat' dir='ltr'>saxo</span> <span class='ocrx_word' id='word_1_43' title='bbox 773 1297 902 1353; x_wconf 87' lang='lat' dir='ltr'>deiectus</span> <span class='ocrx_word' id='word_1_44' title='bbox 917 1307 974 1367; x_wconf 71' lang='lat' dir='ltr'>est,</span> <span class='ocrx_word' id='word_1_45' title='bbox 991 1299 1022 1353; x_wconf 90' lang='lat' dir='ltr'>in</span> <span class='ocrx_word' id='word_1_46' title='bbox 1036 1298 1115 1369; x_wconf 86' lang='lat' dir='ltr'>cuius</span> 
     </span>
     <span class='ocr_line' id='line_1_7' title="bbox 91 1373 1116 1447; baseline -0.002 -13"><span class='ocrx_word' id='word_1_47' title='bbox 91 1383 183 1434; x_wconf 87' lang='lat' dir='ltr'>notam</span> <span class='ocrx_word' id='word_1_48' title='bbox 203 1381 320 1433; x_wconf 89' lang='lat' dir='ltr'>senatus</span> <span class='ocrx_word' id='word_1_49' title='bbox 340 1375 501 1429; x_wconf 88' lang='lat' dir='ltr'>consultum</span> <span class='ocrx_word' id='word_1_50' title='bbox 519 1373 627 1429; x_wconf 88' lang='lat' dir='ltr'>factum</span> <span class='ocrx_word' id='word_1_51' title='bbox 645 1380 701 1442; x_wconf 89' lang='lat' dir='ltr'>est,</span> <span class='ocrx_word' id='word_1_52' title='bbox 728 1392 765 1428; x_wconf 94' lang='lat' dir='ltr'>ne</span> <span class='ocrx_word' id='word_1_53' title='bbox 785 1374 830 1429; x_wconf 91' lang='lat' dir='ltr'>cui</span> <span class='ocrx_word' id='word_1_54' title='bbox 849 1376 884 1430; x_wconf 92' lang='lat' dir='ltr'>de</span> <span class='ocrx_word' id='word_1_55' title='bbox 902 1375 1011 1431; x_wconf 86' lang='lat' dir='ltr'>Manlia</span> <span class='ocrx_word' id='word_1_56' title='bbox 1029 1380 1116 1447; x_wconf 86' lang='lat' dir='ltr'>gente</span> 
     </span>
     <span class='ocr_line' id='line_1_8' title="bbox 91 1450 1116 1525; baseline -0.002 -15"><span class='ocrx_word' id='word_1_57' title='bbox 91 1456 185 1511; x_wconf 85' lang='lat' dir='ltr'>Marco</span> <span class='ocrx_word' id='word_1_58' title='bbox 199 1458 399 1510; x_wconf 90' lang='lat' dir='ltr'>nomenesset.</span> <span class='ocrx_word' id='word_1_59' title='bbox 422 1450 452 1506; x_wconf 77' lang='lat' dir='ltr'>O.</span> <span class='ocrx_word' id='word_1_60' title='bbox 461 1450 590 1506; x_wconf 88' lang='lat' dir='ltr'>Licinius</span> <span class='ocrx_word' id='word_1_61' title='bbox 600 1456 630 1506; x_wconf 92' lang='lat' dir='ltr'>et</span> <span class='ocrx_word' id='word_1_62' title='bbox 637 1450 672 1507; x_wconf 89' lang='lat' dir='ltr'>L.</span> <span class='ocrx_word' id='word_1_63' title='bbox 682 1452 795 1507; x_wconf 84' lang='lat' dir='ltr'>Sextius</span> <span class='ocrx_word' id='word_1_64' title='bbox 804 1451 911 1507; x_wconf 89' lang='lat' dir='ltr'>tribuni</span> <span class='ocrx_word' id='word_1_65' title='bbox 919 1454 1013 1524; x_wconf 90' lang='lat' dir='ltr'>plebis</span> <span class='ocrx_word' id='word_1_66' title='bbox 1022 1455 1116 1525; x_wconf 85' lang='lat' dir='ltr'>legem</span> 
     </span>
     <span class='ocr_line' id='line_1_9' title="bbox 91 1530 1115 1606; baseline 0 -18"><span class='ocrx_word' id='word_1_67' title='bbox 91 1535 354 1606; x_wconf 84' lang='lat' dir='ltr'>promulgaverunt,</span> <span class='ocrx_word' id='word_1_68' title='bbox 375 1536 408 1585; x_wconf 92' lang='lat' dir='ltr'>ut</span> <span class='ocrx_word' id='word_1_69' title='bbox 425 1532 557 1595; x_wconf 87' lang='lat' dir='ltr'>consules</span> <span class='ocrx_word' id='word_1_70' title='bbox 577 1548 612 1586; x_wconf 86' lang='lat' dir='ltr'>ex</span> <span class='ocrx_word' id='word_1_71' title='bbox 629 1531 714 1602; x_wconf 90' lang='lat' dir='ltr'>plebe</span> <span class='ocrx_word' id='word_1_72' title='bbox 733 1530 848 1602; x_wconf 91' lang='lat' dir='ltr'>fierent,</span> <span class='ocrx_word' id='word_1_73' title='bbox 867 1532 915 1603; x_wconf 93' lang='lat' dir='ltr'>qui</span> <span class='ocrx_word' id='word_1_74' title='bbox 933 1550 967 1588; x_wconf 88' lang='lat' dir='ltr'>ex</span> <span class='ocrx_word' id='word_1_75' title='bbox 985 1533 1115 1602; x_wconf 84' lang='lat' dir='ltr'>patribus</span> 
     </span>
     <span class='ocr_line' id='line_1_10' title="bbox 92 1608 1115 1681; baseline -0.004 -14"><span class='ocrx_word' id='word_1_76' title='bbox 92 1611 273 1677; x_wconf 80' lang='lat' dir='ltr'>creabantur3</span> <span class='ocrx_word' id='word_1_77' title='bbox 287 1625 405 1679; x_wconf 89' lang='lat' dir='ltr'>eamque</span> <span class='ocrx_word' id='word_1_78' title='bbox 416 1625 478 1662; x_wconf 90' lang='lat' dir='ltr'>cum</span> <span class='ocrx_word' id='word_1_79' title='bbox 488 1625 593 1679; x_wconf 88' lang='lat' dir='ltr'>magna</span> <span class='ocrx_word' id='word_1_80' title='bbox 601 1608 785 1664; x_wconf 82' lang='lat' dir='ltr'>contentione</span> <span class='ocrx_word' id='word_1_81' title='bbox 793 1611 1020 1681; x_wconf 80' lang='lat' dir='ltr'>repugnantibus</span> <span class='ocrx_word' id='word_1_82' title='bbox 1029 1608 1115 1680; x_wconf 88' lang='lat' dir='ltr'>patri-</span> 
     </span>
     <span class='ocr_line' id='line_1_11' title="bbox 90 1685 1116 1758; baseline -0.002 -15"><span class='ocrx_word' id='word_1_83' title='bbox 90 1689 154 1757; x_wconf 89' lang='lat' dir='ltr'>bus,</span> <span class='ocrx_word' id='word_1_84' title='bbox 174 1687 326 1742; x_wconf 89' lang='lat' dir='ltr'>cumidem</span> <span class='ocrx_word' id='word_1_85' title='bbox 340 1685 447 1740; x_wconf 90' lang='lat' dir='ltr'>tribuni</span> <span class='ocrx_word' id='word_1_86' title='bbox 460 1685 554 1755; x_wconf 88' lang='lat' dir='ltr'>plebis</span> <span class='ocrx_word' id='word_1_87' title='bbox 566 1703 619 1757; x_wconf 92' lang='lat' dir='ltr'>per</span> <span class='ocrx_word' id='word_1_88' title='bbox 633 1686 856 1758; x_wconf 89' lang='lat' dir='ltr'>quinquennium</span> <span class='ocrx_word' id='word_1_89' title='bbox 870 1688 924 1742; x_wconf 92' lang='lat' dir='ltr'>soli</span> <span class='ocrx_word' id='word_1_90' title='bbox 933 1687 1116 1756; x_wconf 81' lang='lat' dir='ltr'>magistratus</span> 
     </span>
     <span class='ocr_line' id='line_1_12' title="bbox 90 1762 1115 1835; baseline -0.003 -14"><span class='ocrx_word' id='word_1_91' title='bbox 90 1765 217 1835; x_wconf 84' lang='lat' dir='ltr'>luissent,</span> <span class='ocrx_word' id='word_1_92' title='bbox 230 1764 420 1835; x_wconf 90' lang='lat' dir='ltr'>pertulerunt,</span> <span class='ocrx_word' id='word_1_93' title='bbox 435 1769 464 1817; x_wconf 88' lang='lat' dir='ltr'>et</span> <span class='ocrx_word' id='word_1_94' title='bbox 472 1762 578 1833; x_wconf 91' lang='lat' dir='ltr'>primus</span> <span class='ocrx_word' id='word_1_95' title='bbox 587 1780 622 1818; x_wconf 88' lang='lat' dir='ltr'>ex</span> <span class='ocrx_word' id='word_1_96' title='bbox 630 1764 716 1835; x_wconf 90' lang='lat' dir='ltr'>plebe</span> <span class='ocrx_word' id='word_1_97' title='bbox 728 1765 828 1818; x_wconf 89' lang='lat' dir='ltr'>consul</span> <span class='ocrx_word' id='word_1_98' title='bbox 837 1765 871 1817; x_wconf 89' lang='lat' dir='ltr'>L.</span> <span class='ocrx_word' id='word_1_99' title='bbox 881 1763 992 1820; x_wconf 86' lang='lat' dir='ltr'>Sextius</span> <span class='ocrx_word' id='word_1_100' title='bbox 1003 1769 1115 1818; x_wconf 82' lang='lat' dir='ltr'>creatus</span> 
     </span>
     <span class='ocr_line' id='line_1_13' title="bbox 88 1840 1116 1913; baseline -0.002 -15"><span class='ocrx_word' id='word_1_101' title='bbox 88 1849 139 1898; x_wconf 83' lang='lat' dir='ltr'>est.</span> <span class='ocrx_word' id='word_1_102' title='bbox 160 1845 222 1898; x_wconf 87' lang='lat' dir='ltr'>lata</span> <span class='ocrx_word' id='word_1_103' title='bbox 235 1847 279 1896; x_wconf 90' lang='lat' dir='ltr'>est</span> <span class='ocrx_word' id='word_1_104' title='bbox 293 1842 383 1896; x_wconf 87' lang='lat' dir='ltr'>altera</span> <span class='ocrx_word' id='word_1_105' title='bbox 397 1841 456 1911; x_wconf 87' lang='lat' dir='ltr'>lex,</span> <span class='ocrx_word' id='word_1_106' title='bbox 470 1857 507 1896; x_wconf 92' lang='lat' dir='ltr'>ne</span> <span class='ocrx_word' id='word_1_107' title='bbox 517 1840 563 1895; x_wconf 89' lang='lat' dir='ltr'>cui</span> <span class='ocrx_word' id='word_1_108' title='bbox 571 1841 636 1912; x_wconf 89' lang='lat' dir='ltr'>plus</span> <span class='ocrx_word' id='word_1_109' title='bbox 647 1841 811 1913; x_wconf 86' lang='lat' dir='ltr'>quingentis</span> <span class='ocrx_word' id='word_1_110' title='bbox 818 1840 967 1913; x_wconf 85' lang='lat' dir='ltr'>¹iugeribus</span> <span class='ocrx_word' id='word_1_111' title='bbox 977 1841 1040 1912; x_wconf 83' lang='lat' dir='ltr'>agri</span> <span class='ocrx_word' id='word_1_112' title='bbox 1050 1840 1116 1896; x_wconf 90' lang='lat' dir='ltr'>lice·</span> 
     </span>
    </p>

    <p class='ocr_par' dir='ltr' id='par_1_5' title="bbox 89 1920 1217 1992">
     <span class='ocr_line' id='line_1_14' title="bbox 89 1920 1217 1992; baseline -0.001 -17"><span class='ocrx_word' id='word_1_113' title='bbox 89 1921 314 1992; x_wconf 85' lang='lat' dir='ltr'>retpossidere.]</span> <span class='ocrx_word' id='word_1_114' title='bbox 1216 1920 1217 1923; x_wconf 70' lang='grc'>’</span> 
     </span>
    </p>
   </div>
   <div class='ocr_carea' id='block_1_5' title="bbox 519 2060 685 2074">
    <p class='ocr_par' dir='ltr' id='par_1_6' title="bbox 519 2060 685 2074">
     <span class='ocr_line' id='line_1_15' title="bbox 519 2060 685 2074; baseline -0.024 0"><span class='ocrx_word' id='word_1_115' title='bbox 519 2060 685 2074; x_wconf 72' lang='grc' dir='ltr'>-ι-ι-</span> 
     </span>
    </p>
   </div>
   <div class='ocr_carea' id='block_1_6' title="bbox 329 2215 877 2436">
    <p class='ocr_par' dir='ltr' id='par_1_7' title="bbox 329 2215 877 2436">
     <span class='ocr_line' id='line_1_16' title="bbox 466 2215 734 2298; baseline -0.007 0"><span class='ocrx_word' id='word_1_116' title='bbox 466 2215 583 2298; x_wconf 83' lang='grc' dir='ltr'><strong>ΤΙΤΙ</strong></span> <span class='ocrx_word' id='word_1_117' title='bbox 609 2215 734 2297; x_wconf 87' lang='lat' dir='ltr'>LIVI</span> 
     </span>
     <span class='ocr_line' id='line_1_17' title="bbox 329 2363 877 2436; baseline 0 -2"><span class='ocrx_word' id='word_1_118' title='bbox 329 2375 396 2434; x_wconf 84' lang='lat' dir='ltr'>AB</span> <span class='ocrx_word' id='word_1_119' title='bbox 432 2373 579 2435; x_wconf 77' lang='lat' dir='ltr'>vesu</span> <span class='ocrx_word' id='word_1_120' title='bbox 616 2363 877 2436; x_wconf 71' lang='lat' dir='ltr'>cosmus</span> 
     </span>
    </p>
   </div>
   <div class='ocr_carea' id='block_1_7' title="bbox 498 2546 704 2606">
    <p class='ocr_par' dir='ltr' id='par_1_8' title="bbox 498 2546 704 2606">
     <span class='ocr_line' id='line_1_18' title="bbox 498 2546 704 2606; baseline -0.005 -1"><span class='ocrx_word' id='word_1_121' title='bbox 498 2546 627 2606; x_wconf 80' lang='lat' dir='ltr'>LIBER</span> <span class='ocrx_word' id='word_1_122' title='bbox 648 2546 704 2606; x_wconf 88' lang='lat' dir='ltr'>VI.</span> 
     </span>
    </p>
   </div>
   <div class='ocr_carea' id='block_1_8' title="bbox 77 2694 1233 3922">
    <p class='ocr_par' dir='ltr' id='par_1_9' title="bbox 77 2694 1233 3922">
     <span class='ocr_line' id='line_1_19' title="bbox 147 2694 1150 2784; baseline 0.005 -22"><span class='ocrx_word' id='word_1_123' title='bbox 147 2697 176 2762; x_wconf 95' lang='grc' dir='ltr'>Ι.</span> <span class='ocrx_word' id='word_1_124' title='bbox 221 2695 313 2778; x_wconf 82' lang='lat' dir='ltr'>Quae</span> <span class='ocrx_word' id='word_1_125' title='bbox 338 2694 380 2761; x_wconf 89' lang='lat' dir='ltr'>ab</span> <span class='ocrx_word' id='word_1_126' title='bbox 402 2695 528 2761; x_wconf 83' lang='lat' dir='ltr'>condita</span> <span class='ocrx_word' id='word_1_127' title='bbox 550 2694 628 2761; x_wconf 88' lang='lat' dir='ltr'>urbe</span> <span class='ocrx_word' id='word_1_128' title='bbox 650 2695 754 2762; x_wconf 88' lang='lat' dir='ltr'>Roma</span> <span class='ocrx_word' id='word_1_129' title='bbox 774 2697 818 2762; x_wconf 89' lang='lat' dir='ltr'>ad</span> <span class='ocrx_word' id='word_1_130' title='bbox 838 2705 962 2784; x_wconf 89' lang='lat' dir='ltr'>captam</span> <span class='ocrx_word' id='word_1_131' title='bbox 984 2695 1117 2762; x_wconf 89' lang='lat' dir='ltr'>eandem</span> <span class='ocrx_word' id='word_1_132' title='bbox 1136 2718 1150 2767; x_wconf 91' lang='lat'>1</span> 
     </span>
     <span class='ocr_line' id='line_1_20' title="bbox 77 2789 1117 2878; baseline -0.001 -20"><span class='ocrx_word' id='word_1_133' title='bbox 77 2792 197 2858; x_wconf 91' lang='lat' dir='ltr'>urbem</span> <span class='ocrx_word' id='word_1_134' title='bbox 212 2789 348 2855; x_wconf 87' lang='lat' dir='ltr'>Romani</span> <span class='ocrx_word' id='word_1_135' title='bbox 363 2789 423 2855; x_wconf 94' lang='lat' dir='ltr'>sub</span> <span class='ocrx_word' id='word_1_136' title='bbox 436 2789 564 2878; x_wconf 84' lang='lat' dir='ltr'>regibus</span> <span class='ocrx_word' id='word_1_137' title='bbox 577 2791 729 2876; x_wconf 89' lang='lat' dir='ltr'>primum,</span> <span class='ocrx_word' id='word_1_138' title='bbox 747 2791 929 2857; x_wconf 88' lang='lat' dir='ltr'>consulibus</span> <span class='ocrx_word' id='word_1_139' title='bbox 949 2792 1061 2858; x_wconf 90' lang='lat' dir='ltr'>deinde</span> <span class='ocrx_word' id='word_1_140' title='bbox 1078 2812 1117 2858; x_wconf 91' lang='lat' dir='ltr'>ao</span> 
     </span>
     <span class='ocr_line' id='line_1_21' title="bbox 79 2884 1118 2974; baseline 0 -21"><span class='ocrx_word' id='word_1_141' title='bbox 79 2884 290 2953; x_wconf 76' lang='lat' dir='ltr'>dictatoribus</span> <span class='ocrx_word' id='word_1_142' title='bbox 314 2885 561 2969; x_wconf 88' lang='lat' dir='ltr'>decemvirisque</span> <span class='ocrx_word' id='word_1_143' title='bbox 582 2907 620 2950; x_wconf 89' lang='lat' dir='ltr'>ao</span> <span class='ocrx_word' id='word_1_144' title='bbox 641 2884 774 2951; x_wconf 88' lang='lat' dir='ltr'>tribunis</span> <span class='ocrx_word' id='word_1_145' title='bbox 802 2886 1018 2953; x_wconf 89' lang='lat' dir='ltr'>consularibus</span> <span class='ocrx_word' id='word_1_146' title='bbox 1044 2909 1118 2974; x_wconf 86' lang='lat' dir='ltr'>ges-</span> 
     </span>
     <span class='ocr_line' id='line_1_22' title="bbox 81 2978 1117 3066; baseline -0.003 -17"><span class='ocrx_word' id='word_1_147' title='bbox 81 3003 169 3058; x_wconf 74' lang='lat' dir='ltr'>sere,</span> <span class='ocrx_word' id='word_1_148' title='bbox 189 2980 267 3045; x_wconf 88' lang='lat' dir='ltr'>foris</span> <span class='ocrx_word' id='word_1_149' title='bbox 286 2978 382 3057; x_wconf 88' lang='lat' dir='ltr'>bella,</span> <span class='ocrx_word' id='word_1_150' title='bbox 406 2980 492 3045; x_wconf 90' lang='lat' dir='ltr'>domi</span> <span class='ocrx_word' id='word_1_151' title='bbox 510 2979 692 3058; x_wconf 86' lang='lat' dir='ltr'>seditiones,</span> <span class='ocrx_word' id='word_1_152' title='bbox 711 2981 849 3065; x_wconf 91' lang='lat' dir='ltr'>quinque</span> <span class='ocrx_word' id='word_1_153' title='bbox 866 2980 954 3047; x_wconf 90' lang='lat' dir='ltr'>libris</span> <span class='ocrx_word' id='word_1_154' title='bbox 973 2980 1117 3066; x_wconf 86' lang='lat' dir='ltr'>exposui,</span> 
     </span>
     <span class='ocr_line' id='line_1_23' title="bbox 80 3075 1233 3162; baseline 0.001 -21"><span class='ocrx_word' id='word_1_155' title='bbox 80 3096 139 3141; x_wconf 78' lang='lat' dir='ltr'>res</span> <span class='ocrx_word' id='word_1_156' title='bbox 160 3098 233 3141; x_wconf 92' lang='lat' dir='ltr'>cum</span> <span class='ocrx_word' id='word_1_157' title='bbox 255 3084 412 3140; x_wconf 87' lang='lat' dir='ltr'>vetustate</span> <span class='ocrx_word' id='word_1_158' title='bbox 433 3075 530 3140; x_wconf 90' lang='lat' dir='ltr'>nimia</span> <span class='ocrx_word' id='word_1_159' title='bbox 552 3075 717 3154; x_wconf 85' lang='lat' dir='ltr'>obscuras,</span> <span class='ocrx_word' id='word_1_160' title='bbox 740 3076 827 3141; x_wconf 87' lang='lat' dir='ltr'>velut</span> <span class='ocrx_word' id='word_1_161' title='bbox 844 3098 924 3160; x_wconf 91' lang='lat' dir='ltr'>quae</span> <span class='ocrx_word' id='word_1_162' title='bbox 942 3098 1058 3162; x_wconf 86' lang='lat' dir='ltr'>magno</span> <span class='ocrx_word' id='word_1_163' title='bbox 1076 3098 1117 3140; x_wconf 88' lang='lat' dir='ltr'>ex</span> <span class='ocrx_word' id='word_1_164' title='bbox 1134 3096 1150 3145; x_wconf 85' lang='lat'><strong>2</strong></span> <span class='ocrx_word' id='word_1_165' title='bbox 1230 3098 1233 3103; x_wconf 88' lang='lat'>·</span> 
     </span>
     <span class='ocr_line' id='line_1_24' title="bbox 90 3169 1115 3257; baseline 0.001 -22"><span class='ocrx_word' id='word_1_166' title='bbox 90 3169 251 3236; x_wconf 79' lang='lat' dir='ltr'>intervallo</span> <span class='ocrx_word' id='word_1_167' title='bbox 273 3169 335 3235; x_wconf 90' lang='lat' dir='ltr'>loci</span> <span class='ocrx_word' id='word_1_168' title='bbox 356 3171 411 3235; x_wconf 85' lang='lat' dir='ltr'>vix</span> <span class='ocrx_word' id='word_1_169' title='bbox 432 3181 614 3250; x_wconf 88' lang='lat' dir='ltr'>cernuntur,</span> <span class='ocrx_word' id='word_1_170' title='bbox 642 3181 710 3236; x_wconf 91' lang='lat' dir='ltr'>tum</span> <span class='ocrx_word' id='word_1_171' title='bbox 731 3171 816 3256; x_wconf 92' lang='lat' dir='ltr'>quod</span> <span class='ocrx_word' id='word_1_172' title='bbox 836 3193 952 3257; x_wconf 88' lang='lat' dir='ltr'>parvae</span> <span class='ocrx_word' id='word_1_173' title='bbox 975 3180 1006 3236; x_wconf 91' lang='lat' dir='ltr'>et</span> <span class='ocrx_word' id='word_1_174' title='bbox 1026 3192 1115 3236; x_wconf 88' lang='lat' dir='ltr'>rarae</span> 
     </span>
     <span class='ocr_line' id='line_1_25' title="bbox 83 3265 1116 3351; baseline 0 -21"><span class='ocrx_word' id='word_1_175' title='bbox 83 3283 147 3349; x_wconf 77' lang='lat' dir='ltr'>per</span> <span class='ocrx_word' id='word_1_176' title='bbox 162 3265 274 3330; x_wconf 88' lang='lat' dir='ltr'>eadem</span> <span class='ocrx_word' id='word_1_177' title='bbox 291 3273 432 3351; x_wconf 90' lang='lat' dir='ltr'>tempora</span> <span class='ocrx_word' id='word_1_178' title='bbox 448 3265 569 3332; x_wconf 88' lang='lat' dir='ltr'>litterae</span> <span class='ocrx_word' id='word_1_179' title='bbox 582 3266 684 3345; x_wconf 90' lang='lat' dir='ltr'>suere,</span> <span class='ocrx_word' id='word_1_180' title='bbox 703 3289 766 3331; x_wconf 89' lang='lat' dir='ltr'>una</span> <span class='ocrx_word' id='word_1_181' title='bbox 779 3266 922 3331; x_wconf 90' lang='lat' dir='ltr'>custodia</span> <span class='ocrx_word' id='word_1_182' title='bbox 935 3265 1035 3330; x_wconf 89' lang='lat' dir='ltr'>fidelis</span> <span class='ocrx_word' id='word_1_183' title='bbox 1049 3286 1116 3330; x_wconf 88' lang='lat' dir='ltr'>me·</span> 
     </span>
     <span class='ocr_line' id='line_1_26' title="bbox 84 3359 1117 3446; baseline 0.001 -23"><span class='ocrx_word' id='word_1_184' title='bbox 84 3359 206 3424; x_wconf 77' lang='lat' dir='ltr'>moriae</span> <span class='ocrx_word' id='word_1_185' title='bbox 229 3381 334 3424; x_wconf 88' lang='lat' dir='ltr'>rerum</span> <span class='ocrx_word' id='word_1_186' title='bbox 355 3369 531 3446; x_wconf 83' lang='lat' dir='ltr'>gestarum,</span> <span class='ocrx_word' id='word_1_187' title='bbox 554 3371 586 3426; x_wconf 88' lang='lat' dir='ltr'>et</span> <span class='ocrx_word' id='word_1_188' title='bbox 603 3362 702 3446; x_wconf 90' lang='lat' dir='ltr'>quod,</span> <span class='ocrx_word' id='word_1_189' title='bbox 726 3362 820 3427; x_wconf 85' lang='lat' dir='ltr'>etiam</span> <span class='ocrx_word' id='word_1_190' title='bbox 838 3361 865 3426; x_wconf 93' lang='lat' dir='ltr'>si</span> <span class='ocrx_word' id='word_1_191' title='bbox 883 3361 1014 3445; x_wconf 91' lang='lat' dir='ltr'>quaein</span> <span class='ocrx_word' id='word_1_192' title='bbox 1031 3382 1117 3426; x_wconf 92' lang='lat' dir='ltr'>oom-</span> 
     </span>
     <span class='ocr_line' id='line_1_27' title="bbox 83 3454 1116 3543; baseline 0.001 -25"><span class='ocrx_word' id='word_1_193' title='bbox 83 3454 249 3520; x_wconf 77' lang='lat' dir='ltr'>meutariis</span> <span class='ocrx_word' id='word_1_194' title='bbox 280 3455 464 3540; x_wconf 85' lang='lat' dir='ltr'>pontificum</span> <span class='ocrx_word' id='word_1_195' title='bbox 490 3456 623 3541; x_wconf 79' lang='lat' dir='ltr'>offisque</span> <span class='ocrx_word' id='word_1_196' title='bbox 649 3456 783 3542; x_wconf 87' lang='lat' dir='ltr'>publicis</span> <span class='ocrx_word' id='word_1_197' title='bbox 809 3456 1001 3543; x_wconf 85' lang='lat' dir='ltr'>privatisque</span> <span class='ocrx_word' id='word_1_198' title='bbox 1028 3464 1116 3521; x_wconf 88' lang='lat' dir='ltr'>erant</span> 
     </span>
     <span class='ocr_line' id='line_1_28' title="bbox 82 3549 1149 3639; baseline 0.007 -27"><span class='ocrx_word' id='word_1_199' title='bbox 82 3549 315 3627; x_wconf 73' lang='lat' dir='ltr'>monumentis,</span> <span class='ocrx_word' id='word_1_200' title='bbox 347 3549 476 3616; x_wconf 89' lang='lat' dir='ltr'>incensa</span> <span class='ocrx_word' id='word_1_201' title='bbox 501 3551 579 3618; x_wconf 89' lang='lat' dir='ltr'>urbe</span> <span class='ocrx_word' id='word_1_202' title='bbox 604 3552 772 3639; x_wconf 85' lang='lat' dir='ltr'>pleraeque</span> <span class='ocrx_word' id='word_1_203' title='bbox 797 3552 951 3617; x_wconf 86' lang='lat' dir='ltr'>interiere.</span> <span class='ocrx_word' id='word_1_204' title='bbox 987 3551 1149 3619; x_wconf 76' lang='lat' dir='ltr'>clariores</span> 
     </span>
     <span class='ocr_line' id='line_1_29' title="bbox 79 3637 1116 3734; baseline 0.004 -27"><span class='ocrx_word' id='word_1_205' title='bbox 79 3637 237 3730; x_wconf 75' lang='lat' dir='ltr'>deinceps</span> <span class='ocrx_word' id='word_1_206' title='bbox 256 3643 448 3730; x_wconf 83' lang='lat' dir='ltr'>certioraque</span> <span class='ocrx_word' id='word_1_207' title='bbox 465 3645 506 3712; x_wconf 91' lang='lat' dir='ltr'>ab</span> <span class='ocrx_word' id='word_1_208' title='bbox 525 3649 664 3712; x_wconf 92' lang='lat' dir='ltr'>secunda</span> <span class='ocrx_word' id='word_1_209' title='bbox 680 3648 800 3734; x_wconf 84' lang='lat' dir='ltr'>origine</span> <span class='ocrx_word' id='word_1_210' title='bbox 813 3647 899 3712; x_wconf 90' lang='lat' dir='ltr'>velut</span> <span class='ocrx_word' id='word_1_211' title='bbox 912 3645 952 3712; x_wconf 85' lang='lat' dir='ltr'>ab</span> <span class='ocrx_word' id='word_1_212' title='bbox 967 3645 1116 3732; x_wconf 84' lang='lat' dir='ltr'>stirpibus</span> 
     </span>
     <span class='ocr_line' id='line_1_30' title="bbox 78 3724 1115 3829; baseline 0.004 -29"><span class='ocrx_word' id='word_1_213' title='bbox 78 3724 200 3803; x_wconf 75' lang='lat' dir='ltr'>laetius</span> <span class='ocrx_word' id='word_1_214' title='bbox 223 3737 421 3824; x_wconf 82' lang='lat' dir='ltr'>feraciusque</span> <span class='ocrx_word' id='word_1_215' title='bbox 442 3755 568 3808; x_wconf 84' lang='lat' dir='ltr'>renatae</span> <span class='ocrx_word' id='word_1_216' title='bbox 589 3741 676 3808; x_wconf 90' lang='lat' dir='ltr'>urbis</span> <span class='ocrx_word' id='word_1_217' title='bbox 698 3753 789 3829; x_wconf 84' lang='lat' dir='ltr'>gesta</span> <span class='ocrx_word' id='word_1_218' title='bbox 815 3743 901 3807; x_wconf 91' lang='lat' dir='ltr'>domi</span> <span class='ocrx_word' id='word_1_219' title='bbox 926 3741 1115 3824; x_wconf 84' lang='lat' dir='ltr'>militiaeque</span> 
     </span>
     <span class='ocr_line' id='line_1_31' title="bbox 81 3836 1150 3922; baseline 0.004 -26"><span class='ocrx_word' id='word_1_220' title='bbox 81 3840 292 3915; x_wconf 69' lang='lat' dir='ltr'>exponentur.</span> <span class='ocrx_word' id='word_1_221' title='bbox 328 3844 465 3900; x_wconf 86' lang='lat' dir='ltr'>ceterum</span> <span class='ocrx_word' id='word_1_222' title='bbox 490 3836 592 3922; x_wconf 90' lang='lat' dir='ltr'>primo</span> <span class='ocrx_word' id='word_1_223' title='bbox 618 3859 681 3922; x_wconf 92' lang='lat' dir='ltr'>quo</span> <span class='ocrx_word' id='word_1_224' title='bbox 704 3838 892 3902; x_wconf 90' lang='lat' dir='ltr'>adminiculo</span> <span class='ocrx_word' id='word_1_225' title='bbox 916 3846 1018 3901; x_wconf 84' lang='lat' dir='ltr'>erecta</span> <span class='ocrx_word' id='word_1_226' title='bbox 1040 3843 1113 3912; x_wconf 89' lang='lat' dir='ltr'>erat,</span> <span class='ocrx_word' id='word_1_227' title='bbox 1133 3854 1150 3900; x_wconf 80' lang='grc'><strong>4</strong></span> 
     </span>
    </p>
   </div>
   <div class='ocr_carea' id='block_1_9' title="bbox 81 3923 1204 4185">
    <p class='ocr_par' dir='ltr' id='par_1_10' title="bbox 81 3923 1204 4185">
     <span class='ocr_line' id='line_1_32' title="bbox 88 3923 1204 4018; baseline 0.003 -29"><span class='ocrx_word' id='word_1_228' title='bbox 88 3923 200 3991; x_wconf 72' lang='lat' dir='ltr'>codem</span> <span class='ocrx_word' id='word_1_229' title='bbox 222 3926 331 3993; x_wconf 85' lang='lat' dir='ltr'>innixa</span> <span class='ocrx_word' id='word_1_230' title='bbox 346 3927 394 3995; x_wconf 93' lang='grc' dir='ltr'>Μ.</span> <span class='ocrx_word' id='word_1_231' title='bbox 413 3930 509 3996; x_wconf 87' lang='lat' dir='ltr'>Furio</span> <span class='ocrx_word' id='word_1_232' title='bbox 531 3932 672 4018; x_wconf 88' lang='lat' dir='ltr'>principe</span> <span class='ocrx_word' id='word_1_233' title='bbox 695 3933 794 4010; x_wconf 83' lang='lat' dir='ltr'>stetit,</span> <span class='ocrx_word' id='word_1_234' title='bbox 818 3954 919 4017; x_wconf 93' lang='lat' dir='ltr'>neque</span> <span class='ocrx_word' id='word_1_235' title='bbox 938 3954 1009 3996; x_wconf 93' lang='lat' dir='ltr'>eum</span> <span class='ocrx_word' id='word_1_236' title='bbox 1026 3928 1115 3994; x_wconf 89' lang='lat' dir='ltr'>abdi·</span> <span class='ocrx_word' id='word_1_237' title='bbox 1201 3941 1204 3945; x_wconf 84' lang='grc'><em>“</em></span> 
     </span>
     <span class='ocr_line' id='line_1_33' title="bbox 81 4022 1149 4114; baseline 0.007 -31"><span class='ocrx_word' id='word_1_238' title='bbox 81 4028 161 4084; x_wconf 59' lang='lat' dir='ltr'>(ture</span> <span class='ocrx_word' id='word_1_239' title='bbox 178 4044 213 4087; x_wconf 89' lang='lat' dir='ltr'>se</span> <span class='ocrx_word' id='word_1_240' title='bbox 231 4023 384 4090; x_wconf 87' lang='lat' dir='ltr'>dictatura</span> <span class='ocrx_word' id='word_1_241' title='bbox 401 4025 463 4091; x_wconf 92' lang='lat' dir='ltr'>nisi</span> <span class='ocrx_word' id='word_1_242' title='bbox 479 4049 562 4092; x_wconf 90' lang='lat' dir='ltr'>anno</span> <span class='ocrx_word' id='word_1_243' title='bbox 576 4027 764 4093; x_wconf 89' lang='lat' dir='ltr'>circumacto</span> <span class='ocrx_word' id='word_1_244' title='bbox 777 4028 864 4114; x_wconf 89' lang='lat' dir='ltr'>passi</span> <span class='ocrx_word' id='word_1_245' title='bbox 879 4036 961 4091; x_wconf 89' lang='lat' dir='ltr'>sunt.</span> <span class='ocrx_word' id='word_1_246' title='bbox 989 4022 1115 4089; x_wconf 86' lang='lat' dir='ltr'>comitia</span> <span class='ocrx_word' id='word_1_247' title='bbox 1133 4042 1149 4090; x_wconf 81' lang='lat' dir='ltr'>s</span> 
     </span>
     <span class='ocr_line' id='line_1_34' title="bbox 142 4127 945 4185; baseline 0 -5"><span class='ocrx_word' id='word_1_248' title='bbox 142 4136 191 4182; x_wconf 74' lang='lat' dir='ltr'>ssu</span> <span class='ocrx_word' id='word_1_249' title='bbox 204 4140 246 4184; x_wconf 78' lang='lat' dir='ltr'>rot.</span> <span class='ocrx_word' id='word_1_250' title='bbox 255 4140 279 4185; x_wconf 80' lang='lat' dir='ltr'>t·</span> <span class='ocrx_word' id='word_1_251' title='bbox 910 4127 945 4180; x_wconf 79' lang='grc'>20</span> 
     </span>
    </p>
   </div>
   <div class='ocr_carea' id='block_1_10' title="bbox 0 0 1288 4524">
    <p class='ocr_par' dir='ltr' id='par_1_11' title="bbox 0 0 1288 4524">
     <span class='ocr_line' id='line_1_35' title="bbox 0 0 1288 4524; baseline 0 1"><span class='ocrx_word' id='word_1_252' title='bbox 0 0 1288 4524; x_wconf 95' lang='lat' dir='ltr'> </span> 
     </span>
    </p>
   </div>
  </div>
 </body>
</html>
