2566 4524
340 250 646 322 susurrasse
667 249 817 321 [acac]
1029 241 1095 309 345

79 413 205 500 ¹assecta
225 419 358 495 unaque
379 431 430 476 res
453 418 550 486 esset,
577 409 611 473 ni
632 408 748 475 tribuni
771 432 805 475 se
826 411 860 476 in
877 411 983 477 omnia
1000 412 1094 478 simul

79 508 228 576 ansulere
248 505 379 592 plebem.
396 504 559 570 dixissent.
602 502 641 569 P.
663 504 804 570 Manlius
827 506 940 572 deinde
961 507 1128 579 dictatore

79 626 132 670 rem
148 604 182 668 in
198 622 329 667 causam
349 598 451 686 plebis
473 598 634 664 inclinavit
653 597 691 664 O.
709 600 849 677 Licinia,
872 601 927 686 qui
948 601 1091 668 tribunus

79 698 198 767 mittum
215 697 332 773 lberut,
350 695 510 782 magistro·
520 693 661 778 equitum
674 696 714 760 de
726 696 820 782 plebe
832 697 925 763 dicte.
952 698 986 763 id
999 721 1092 786 aegre
1109 721 1127 768 4

79 804 291 879 pstrespassos
305 788 439 876 accipi03
457 788 642 854 dracmam
650 791 827 876 propinqua
841 792 1026 879 cognatione
1034 793 1093 857 Li-

82 886 129 951 cini
141 908 175 952 se
188 885 274 972 apud
281 892 388 970 putres
402 904 554 951 excusare
567 882 705 961 solitum,
724 884 818 949 simul
830 895 1007 973 negantem,
1026 909 1093 952 ma-

84 981 156 1067 gistri
164 980 305 1066 equitum
314 979 416 1045 maim
425 1000 521 1063 quam
529 977 646 1044 tribuni
654 979 826 1045 consularis
835 980 1002 1067 imperium
1012 1002 1092 1047 esse.

131 1074 275 1140 Licinius
293 1071 499 1157 Sextiusque,
526 1094 599 1138 cum
620 1073 816 1138 tribunorum
837 1072 921 1159 plebi
944 1076 1128 1144 creando-o

84 1191 137 1234 rum
160 1169 278 1234 indicte
304 1167 431 1233 comitia
456 1176 576 1245 essent,
603 1167 648 1232 ita
670 1189 705 1233 se
725 1189 848 1254 gerere,
875 1177 911 1233 ut
935 1168 1091 1255 negando,
1209 1183 1215 1189 ’

84 1264 131 1329 bu
147 1263 205 1330 sibi
227 1263 308 1329 velle
330 1261 504 1328 continuari
525 1262 689 1340 honorem,
716 1263 865 1328 acerrime
887 1264 1098 1329 accenderent

83 1359 177 1438 adid,
205 1359 290 1443 quod
316 1357 544 1425 dissimulando
570 1356 719 1446 petebant
743 1357 882 1444 plebem:
912 1380 1031 1423 nonum
1058 1379 1127 1427 sec

82 1475 181 1518 annum
206 1453 270 1518 iam
296 1451 437 1521 velutin
459 1451 559 1518 aciem
581 1452 732 1518 adversus
756 1453 933 1539 optumates
955 1453 1092 1521 maximo

79 1547 210 1630 privatim
231 1545 386 1634 periculo,
407 1545 494 1611 nullo
511 1545 637 1633 publice
658 1546 868 1612 emolumento
891 1556 983 1614 stare.
1020 1570 1094 1614 con-

79 1642 207 1711 senuisse
236 1642 301 1709 iam
332 1662 441 1707 secum
468 1649 500 1705 et
523 1640 703 1728 rogationes
729 1642 944 1730 promulgatas
970 1651 1002 1708 et
1027 1644 1093 1708 vim

78 1745 190 1802 omnem
212 1734 396 1802 tribuniciae
417 1736 590 1820 potestatis.
626 1736 728 1821 primo
749 1736 973 1803 intercessione
999 1737 1126 1805 colle-r

77 1853 175 1917 garum
191 1830 225 1895 in
242 1830 330 1917 leges
353 1851 427 1897 suaa
448 1839 624 1917 pugnatum
646 1851 732 1908 esse,
759 1831 872 1896 deinde
894 1830 1092 1918 ablegatione

77 1925 233 1992 iuventutis
261 1925 302 1989 sd
326 1923 523 1990 Veliternum
549 1923 681 2003 bellum,
708 1934 868 2010 postremo
894 1925 1092 1991 dictatorium

77 2020 184 2086 irlmen
201 2019 235 2084 in
247 2041 287 2084 se
303 2019 500 2084 intentatum.
526 2018 590 2084 iam
602 2041 662 2084 nec
675 2018 813 2107 collegas
825 2042 885 2086 nec
897 2019 1016 2086 bellum
1032 2043 1091 2087 nec
1110 2040 1128 2090 8

77 2115 247 2189 lictatorem
265 2114 389 2180 obstare
393 2161 403 2192 ,
421 2113 539 2200 quippe
552 2114 607 2197 qui
620 2114 715 2179 etiam
728 2137 821 2180 omen
833 2114 957 2201 plebeio
970 2117 1092 2182 consuli

77 2209 216 2298 registro
234 2209 375 2293 equitum
393 2229 433 2273 ex
449 2207 543 2294 plebe
560 2207 693 2274 dicendo
706 2209 835 2274 dederit.
863 2231 897 2274 se
910 2210 1013 2296 ipsam
1026 2211 1093 2296 ple-

77 2327 137 2370 >cm
160 2314 192 2370 et
210 2303 376 2370 commoda
392 2303 508 2369 morari
526 2324 598 2380 sua3
620 2301 751 2368 liberam
768 2302 879 2368 urbem
896 2326 934 2368 ac
951 2305 1055 2368 forum
1073 2329 1092 2370 a
1110 2327 1125 2375 a

77 2399 284 2477 traditoribus,
310 2397 425 2464 liberos
448 2419 542 2485 agros
565 2395 606 2463 ab
627 2397 751 2463 iniustis
773 2396 1009 2482 possessoribus
1037 2421 1092 2464 ex-

77 2493 196 2582 emplo,
215 2493 244 2558 si
255 2492 343 2571 velit,
362 2491 479 2558 habere
495 2513 600 2578 posse.
632 2512 714 2575 quae
731 2513 861 2556 munera
877 2492 1005 2577 quando
1022 2501 1092 2558 tan·
1110 2515 1144 2563 10
1218 2514 1221 2519 '

76 2589 136 2654 lem
155 2587 232 2653 satis
249 2597 339 2674 grato
357 2588 462 2653 animo
485 2586 716 2665 aestimaturos,
744 2586 772 2651 si
792 2586 874 2651 inter
894 2587 1092 2672 accipiendas

76 2683 102 2747 le
116 2683 184 2748 suis
198 2683 371 2749 commodis
384 2683 562 2769 rogationes
577 2704 666 2768 spem
680 2680 807 2746 honoris
820 2679 970 2747 latoribus
984 2703 1092 2747 earum

76 2776 223 2842 noidant?
239 2798 304 2842 non
316 2798 386 2843 esse
400 2776 573 2843 modestiae
585 2776 695 2863 populi
707 2775 858 2854 Romani,
876 2775 910 2840 id
922 2776 1092 2863 postulare,

76 2881 98 2936 rt
114 2871 186 2958 ipso
204 2870 332 2936 faenore
349 2870 471 2937 levetur
492 2881 523 2936 et
544 2871 579 2935 in
601 2893 713 2959 agrum
735 2870 847 2936 iniuria
867 2893 1051 2957 possessum
1074 2895 1094 2936 a

76 2965 246 3032 rotantibus
268 2966 446 3044 inducatur,
473 2988 530 3053 per
551 2968 692 3057 quosea
714 2975 900 3032 consecutus
919 2967 972 3045 sit,
1001 2989 1092 3033 senes

76 3061 249 3127 ribunicios
271 3083 335 3126 non
358 3061 426 3126 sine
447 3060 566 3126 honore
588 3070 722 3138 tantum,
751 3061 923 3126 sedetiam
946 3061 1013 3126 siue
1036 3083 1092 3146 spe

76 3155 193 3220 sonoris
219 3155 382 3238 relinquat.
418 3156 549 3241 proinde
574 3155 636 3242 ipsi
657 3155 793 3241 primum
816 3161 987 3218 statuerent
1009 3154 1093 3239 apud
1112 3176 1142 3224 11

75 3249 203 3328 mimos,
227 3250 304 3332 quid
320 3249 449 3327 vellent,
473 3249 586 3315 deinde
604 3249 738 3315 comitiis
760 3246 932 3313 tribuniciis
955 3246 1093 3311 declara-

75 3354 134 3411 ·cnt
160 3343 363 3412 voluntatem.
408 3344 436 3410 si
461 3345 625 3410 coniuncte
651 3344 725 3407 ferri
750 3341 791 3407 ab
818 3364 852 3407 se
877 3341 1092 3428 promulgatus

75 3439 245 3528 ogationes
262 3438 391 3516 vellent,
414 3460 498 3517 esse,
521 3440 607 3523 quod
628 3438 756 3503 eosdem
773 3436 934 3502 reficerent
951 3435 1092 3502 tribunos

75 3535 181 3613 debis,
207 3534 382 3620 perlaturos
401 3535 484 3599 enim
506 3555 587 3618 quac
608 3532 889 3620 promulgaverint3
917 3532 979 3611 sin,
1007 3531 1093 3616 quod
1112 3551 1144 3599 12

75 3631 178 3714 :nique
196 3628 343 3719 privat-im
360 3651 439 3715 opus
458 3628 511 3706 ait,
529 3628 563 3693 id
575 3628 668 3693 modo
682 3628 782 3715 accipi
794 3627 905 3706 velint,
925 3650 1006 3713 opus
1022 3647 1092 3691 esse

75 3724 142 3788 dhil
163 3722 320 3789 invidiosa
343 3722 573 3788 continuatione
595 3720 736 3787 honoris:
762 3744 822 3787 nec
844 3744 878 3787 se
901 3720 1093 3787 tribunatum

75 3841 122 3886 rec
140 3818 216 3883 illos
231 3841 282 3896 ea,
300 3840 381 3905 quae
398 3819 597 3905 promulgata
614 3818 691 3896 sint,
709 3817 881 3883 habituros.

127 3911 287 3978 XXXX.
322 3913 488 3979 Adversus
511 3921 576 3978 tam
598 3911 787 3977 obstinatam
806 3911 976 3978 orationem
994 3906 1124 3976 tribu-1

74 4031 176 4074 rorum
203 4030 275 4073 cum
301 4030 376 4095 prae
402 4007 588 4096 indignitate
612 4030 718 4074 rerum
740 4017 850 4093 stupor
872 4002 1092 4087 silentiumque

1132 4238 1192 4250 -ῌι
