2566 4524
151 258 214 324 120
381 268 499 325 LIBER
515 268 558 338 11,
572 266 614 323 59.
629 268 671 323 60.
691 271 765 337 [au.
776 267 869 324 casa.
882 267 947 337 284]

147 429 299 495 infractus
321 427 412 493 ferox
429 425 530 514 Appii
551 425 675 491 animus
697 448 771 491 cum
790 426 921 513 insuper
943 426 1066 491 saevire
1087 425 1164 491 vellet

148 523 388 607 contionemque
414 521 595 598 advocaret,
623 530 811 586 concurrunt
837 521 878 585 ad
904 542 978 587 eum
1004 519 1103 608 legati
1125 520 1166 585 tri·
1207 586 1209 601 ,

147 616 300 702 bunique,
327 626 505 694 monentes,
533 614 701 699 uentique
724 615 858 701 experiri
882 614 978 680 vellet
1003 615 1167 702 imperium,

114 713 238 784 scuius
257 711 305 775 vis
323 709 426 775 omnis
443 709 478 774 in
500 730 656 774 consensu
677 708 910 775 oboedientium
932 719 1028 777 esset.
1064 731 1170 797 negare

147 805 245 892 vulgo
263 805 392 883 milites,
420 826 454 869 se
476 804 517 869 ad
540 803 718 871 contionem
739 803 852 882 ituros,
879 805 1067 889 passimque
1088 826 1171 870 exan-

149 900 210 964 diri
231 921 325 965 voces
347 897 588 986 postulantium,
612 907 647 962 ut
664 915 767 963 castra
784 921 825 963 ex
841 896 959 964 Volsco
978 921 1059 987 agro
1076 921 1172 965 move-

148 1005 249 1059 antur.
289 994 414 1060 hostem
439 993 588 1058 victorem
614 992 709 1078 paulo
736 1005 808 1057 ante
833 1015 932 1079 prope
957 993 993 1057 in
1017 994 1120 1080 portia
1141 1015 1172 1059 aa

148 1089 231 1154 vallo
249 1088 349 1154 fuisse
366 1088 566 1176 ingentisque
585 1087 659 1152 mali
676 1111 739 1152 non
758 1088 968 1174 suspicionem
990 1089 1105 1168 modo,
1126 1088 1173 1154 sed

115 1194 290 1270 repertam
318 1183 455 1268 speciem
481 1180 641 1247 obversari
668 1190 740 1247 ante
763 1183 881 1247 oculos.
916 1182 1021 1247 vietus
1043 1183 1172 1261 tandem,

147 1279 402 1363 quandoquidem
428 1276 506 1341 nihil
535 1285 659 1362 praeter
689 1285 812 1362 tempus
843 1298 945 1341 noxae
976 1277 1172 1354 lucrarentur,

147 1374 280 1439 remissa
303 1373 447 1438 contione
487 1372 548 1437 iter
572 1371 606 1434 in
631 1370 849 1455 insequentem
875 1372 959 1436 diem
986 1371 1173 1455 pronuntiari

148 1490 221 1533 cum
247 1467 407 1544 iussisset,
443 1466 545 1575 prima
570 1464 641 1530 luce
667 1465 799 1531 classico
825 1465 951 1553 signum
976 1465 1173 1551 profectionis
1207 1552 1209 1559 Ι

115 1563 243 1630 adedit.
285 1583 356 1626 cum
374 1561 510 1625 maxime
529 1582 644 1646 agmen
661 1582 679 1624 e
697 1560 807 1625 castris
825 1560 1043 1646 explicaretur,
1063 1560 1172 1639 Volsci,
1206 1616 1209 1623 .

147 1666 184 1721 ut
201 1656 355 1721 eodem'
331 1679 421 1742 srgno
440 1654 579 1732 excitati,
598 1654 786 1721 novissimos
805 1656 997 1722 adoriuntur.
1029 1682 1051 1724 a
1067 1657 1209 1743 qmbus
1206 1666 1209 1691 ²

147 1751 286 1839 perlatus
301 1751 342 1816 ad
355 1750 499 1837 primast
486 1749 600 1814 ttumul
589 1761 639 1815 tus
653 1772 690 1815 eo
703 1772 820 1835 pavore
835 1750 988 1839 signaque
1007 1765 1039 1817 et
1058 1754 1172 1819 ordines
1203 1728 1209 1809 l

148 1845 351 1924 turbavit‚n
328 1856 487 1929 ntneque
508 1845 639 1955 imperia
654 1845 804 1910 exaudiri
830 1868 930 1930 neque
956 1848 1074 1913 instrui
1099 1848 1172 1914 aeia

115 1960 130 2007 8
148 1952 265 2028 posset.
296 1964 389 2006 nemo
406 1941 549 2005 ullius
518 1964 581 2005 msr
570 1940 694 2027 fugae
712 1963 840 2008 memor.
872 1942 916 2007 ita
933 1942 1039 2009 effuso
1057 1942 1171 2032 agmine

147 2059 205 2122 per
232 2046 370 2122 stragem
399 2057 566 2120 corporum
597 2058 818 2120 armorumque
849 2059 992 2117 evasere,
1029 2048 1067 2104 ut
1095 2038 1171 2126 priua

115 2130 247 2196 ahostis
275 2131 438 2195 desisteret
466 2130 556 2214 sequi
581 2154 677 2215 quam
698 2131 862 2197 Romanus
884 2132 1008 2220 fugere.
1054 2136 1171 2199 tandem

148 2225 286 2291 collectis
304 2247 344 2290 ex
362 2225 514 2311 dissipato
532 2247 626 2291 cursu
649 2226 800 2291 militibus
842 2227 966 2306 consul,
996 2251 1072 2294 cum
1092 2248 1169 2294 revo-

148 2320 248 2385 cando
274 2320 465 2404 nequiquam
488 2343 561 2385 suos
584 2331 767 2406 persecutus
790 2331 887 2400 esset,
914 2322 948 2387 in
968 2333 1085 2409 pacato
1106 2342 1168 2409 agro

147 2425 250 2481 castra
274 2415 380 2502 posuit
406 2416 621 2499 advocataque
647 2415 791 2481 contione
817 2417 960 2482 invectus
987 2417 1077 2483 hand
1101 2418 1168 2483 fala

146 2511 179 2576 in
196 2511 386 2597 proditorem
405 2511 577 2576 exercitum
599 2510 740 2575 militaris
764 2511 961 2597 disciplinae,
989 2513 1167 2579 desertorem

97 2629 129 2677 10
147 2607 325 2692 signorum,
343 2604 399 2670 ubi
418 2605 523 2692 signa,
546 2604 601 2669 ubi
619 2629 707 2669 arma
724 2615 843 2684 essent,
868 2606 1010 2693 singulos
1029 2609 1166 2695 rogitant,

97 2725 126 2773 ιι
145 2702 281 2766 inermes
296 2699 426 2776 milites,
445 2698 536 2785 signo
550 2699 667 2764 amisso
687 2700 868 2786 signiferos,
887 2700 1008 2766 adhoc
1026 2702 1167 2768 centurio·

145 2819 202 2861 nes
221 2793 487 2879 duplicariosque,
511 2793 565 2877 qui
582 2794 771 2878 reliquerant
788 2795 927 2874 ordines,
951 2797 1051 2884 virgis
1070 2817 1165 2864 caesos

148 2889 250 2956 securi
272 2888 442 2974 percussit3
470 2897 572 2954 cetera
593 2889 760 2955 multitudo
783 2901 867 2956 sorte
884 2891 1028 2959 decimus
1046 2893 1165 2978 quisque

147 2983 189 3049 ad
207 2982 395 3069 supplicium
413 2982 495 3049 lecti.

112 3102 125 3149 1
209 3078 287 3143 LX.
325 3077 445 3145 Contra
466 3101 504 3144 ea
524 3079 558 3143 in
575 3078 698 3163 Aequis
720 3080 801 3145 inter
823 3081 986 3146 consulem
1008 3105 1047 3149 ao
1064 3082 1164 3149 milita

145 3174 291 3240 comitate
313 3196 351 3240 ac
372 3172 532 3240 beneficiis
556 3184 707 3239 certatum
731 3185 788 3240 est.
824 3185 855 3241 et
877 3186 989 3242 natura
1007 3177 1164 3260 Quinctius

143 3280 210 3335 erat
226 3269 326 3335 lenior
343 3280 374 3334 et
408 3269 539 3336 saevitia
555 3269 666 3334 infelix
680 3270 833 3357 collegae,
852 3293 915 3356 quo
931 3271 960 3337 is
978 3273 1084 3361 magis
1100 3292 1165 3380 gau·

111 3384 126 3431 2
145 3364 258 3427 deret
249 3364 376 3450 ingenio
395 3388 467 3443 suo,
487 3365 643 3429 effecerat
670 3364 744 3430 huic
762 3375 828 3430 tant
829 3388 866 3431 ae
884 3368 1071 3433 concordiae
1088 3364 1165 3433 ducis

144 3459 362 3541 exercitusque
388 3482 453 3524 non
478 3460 548 3524 ausi
574 3459 686 3524 offerre
710 3482 744 3525 se
766 3459 886 3546 Aequi,
913 3463 1026 3549 vagari
1046 3458 1165 3551 populu·

143 3550 284 3616 bundum
302 3552 425 3618 hostem
443 3576 499 3639 per
517 3577 610 3641 agros
627 3555 729 3639 passi3
746 3578 805 3620 nec
823 3556 954 3621 ullot
900 3565 954 3621 ant
955 3579 973 3622 e
986 3555 1072 3624 bello
1083 3557 1163 3623 latiur

109 3644 218 3715 einde
236 3655 324 3712 actae
341 3648 486 3733 praedae.
514 3671 552 3713 ea
570 3649 671 3713 omnis
690 3649 781 3714 militi
799 3651 872 3715 data
889 3660 947 3716 est.
980 3652 1164 3759 addebantur

143 3740 311 3820 alaudes,
330 3740 445 3826 quibus
464 3743 549 3808 haud
566 3744 670 3808 minus
689 3766 784 3827 quam
801 3745 941 3831 praemio
959 3748 1100 3833 gaudent
1114 3740 1162 3811 mi-

141 3834 232 3899 litum
250 3835 356 3901 animi.
383 3859 456 3902 cum
470 3837 556 3916 duci,
576 3848 643 3902 tum
660 3849 787 3924 propter
805 3840 918 3905 ducem
934 3840 1080 3927 patribus
1096 3858 1160 3925 quo·

142 3952 203 4014 que
220 3931 372 4018 placatior
389 3933 542 3998 exercitus
560 3933 654 4011 redit,
675 3933 735 3999 sibi
752 3944 928 4020 parentem,
948 3935 1038 4002 alteri
1057 3929 1162 4003 exard-

142 4025 188 4090 tui
205 4026 368 4093 dominum
385 4028 494 4093 datum
512 4028 552 4094 ab
571 4039 682 4095 senatu
699 4052 888 4097 memorans.
