2566 4524
334 263 452 318 niune
468 261 553 334 vm,
572 262 597 316 1.
610 261 636 319 a.
658 265 699 334 [a.
710 261 741 322 c.
750 263 814 335 341]
1027 255 1091 323 397

77 425 124 491 cie
142 421 295 490 conflixit.
335 418 421 485 haud
439 441 555 507 magno
573 420 741 486 certamine
759 420 875 488 devicti
893 421 1016 504 hostes,
1035 448 1093 512 op-

77 519 168 585 idum
186 525 317 604 ceptum
334 515 553 600 redditumque
565 514 803 582 Privernatibus
815 518 974 604 praesidio
986 520 1092 587 valido

77 613 212 701 nposito,
231 610 301 700 agri
316 619 422 696 partes
441 610 521 676 duae
534 609 710 696 ademptae.
736 611 923 679 inde'victor
936 614 1091 681 exercitus
1110 637 1128 685 4

77 704 223 776 latricum
237 715 345 772 contra
353 702 493 770 Antiatis
503 705 627 770 ductus.
644 705 690 771 ibi
702 727 819 793 magna
831 706 987 792 utrimque
997 708 1093 774 caede

77 810 150 869 rtrox
166 799 325 888 proelium
341 799 415 878 fuit,
435 807 466 863 et
480 820 552 863 cum
565 807 735 886 tempestas
749 822 804 866 eos
816 809 929 868 neutro
945 800 1094 870 inclinata

77 918 118 984 spe
130 895 320 962 dimicantes
335 893 522 972 diremisset,
536 893 683 973 Romani,
701 894 779 960 nihil
792 917 830 963 eo
844 896 1014 963 certamine
1028 907 1093 964 tam

77 989 212 1077 mbiguo
225 987 313 1068 fessi,
331 986 365 1052 in
377 995 540 1075 posterum
553 988 637 1053 diem
650 988 804 1075 proelium
816 1000 938 1077 parant.
964 990 1092 1060 Volscis
1111 1015 1127 1063 5

77 1081 309 1167 coensentibus,
328 1102 408 1166 quos
418 1082 502 1147 viros
516 1082 550 1146 in
562 1082 629 1149 acie
643 1083 831 1162 amisissent,
849 1083 1094 1171 haudquaquam

77 1179 146 1245 dem
159 1177 285 1244 animus
299 1176 341 1242 ad
352 1177 529 1242 iterandum
541 1176 716 1264 periculum
729 1177 803 1243 fuit:
821 1189 913 1245 nocte
925 1202 984 1266 pro
1001 1180 1093 1248 victis

77 1271 198 1338 hntium
216 1271 343 1358 agmine
361 1271 496 1357 trepido,
516 1272 630 1338 sauciis
649 1293 688 1339 ac
703 1282 792 1360 parte
809 1273 1094 1360 inpedimentorum

77 1366 172 1433 elicta
197 1366 351 1432 abierunt.
396 1388 555 1432 armorum
580 1390 697 1455 magna
722 1368 771 1434 vis
799 1390 872 1436 cum
898 1369 1128 1441 intercessae

77 1459 202 1528 restium
228 1482 360 1547 corpora
386 1469 454 1525 tum
478 1461 512 1548 in
538 1461 648 1529 castris
678 1462 807 1528 inventa
836 1471 894 1530 est.
938 1486 976 1530 ea
998 1464 1094 1531 lanae

77 1555 154 1622 notri
181 1554 257 1621 dare
283 1577 318 1621 se
345 1554 456 1621 consul
481 1556 560 1620 dixit
585 1556 727 1642 finesque
753 1557 893 1624 hostium
917 1578 1020 1644 usque
1053 1558 1095 1626 ad

77 1673 151 1717 uam
168 1650 369 1716 maritumam
387 1659 436 1716 est
454 1650 672 1738 depopulatus.

126 1743 232 1811 Alteri
254 1745 376 1812 consuli
392 1743 531 1811 Aemilio
553 1746 696 1833 ingresso
716 1743 880 1813 Sabellum
901 1771 1015 1834 agrum
1031 1771 1128 1818 nonr

77 1849 169 1906 >asma
186 1837 391 1918 Samnitium,
410 1862 475 1905 non
491 1838 632 1927 legiones
650 1862 785 1925 usquam
803 1841 975 1928 oppositae.
1011 1842 1095 1909 ferro

77 1934 194 2022 'quique
212 1943 390 2001 vastantem
407 1957 500 2021 agros
518 1934 614 2021 legati
634 1932 824 2001 Samnitium
840 1956 953 2022 pacem
971 1946 1095 2003 orantes

77 2027 192 2095 adeunt.
223 2049 319 2114 aquo
331 2028 438 2109 reiecti
451 2029 493 2094 ad
511 2037 668 2108 senatum,
686 2039 842 2116 potestate
859 2031 945 2096 facta
961 2031 1096 2112 dicendi,
1114 2049 1131 2101 e

77 2122 177 2210 positis
195 2122 354 2190 ferocibus
373 2123 500 2203 animis,
523 2145 635 2210 pacem
653 2124 713 2190 sibi
731 2124 771 2190 ab
790 2127 941 2194 Romanis
960 2127 1096 2212 bellique

76 2214 119 2287 lue
132 2218 284 2284 adversus
296 2216 455 2286 Sidicinos
468 2219 637 2305 petierunt:
657 2238 738 2302 quae
756 2240 791 2283 se
805 2239 842 2279 eo
856 2218 968 2281 iustius
977 2230 1093 2305 petere,
1114 2241 1128 2290 9

78 2312 154 2397 quod
171 2321 203 2379 et
219 2313 254 2379 in
271 2313 440 2379 amicitiam
456 2312 566 2400 populi
582 2312 721 2378 Romani
738 2314 885 2380 secundis
903 2314 969 2379 suis
990 2313 1095 2393 rebus,

80 2425 133 2489 pon
149 2408 292 2477 adversis
310 2420 345 2475 ut
359 2407 529 2495 Campani,
547 2409 709 2474 venissent
727 2417 758 2473 et
771 2409 923 2474 adversus
938 2406 1096 2477 Sidicinos

82 2514 226 2572 tumerent
244 2529 344 2586 arma,
364 2528 439 2573 suos
458 2527 582 2592 semper
594 2504 716 2583 hostes,
735 2503 844 2590 populi
856 2503 993 2569 Romani
1006 2526 1098 2569 num-

82 2613 162 2680 quam
178 2601 314 2680 amicos,
332 2601 388 2685 qui
404 2621 464 2667 nec
480 2609 516 2666 ut
528 2598 687 2672 Samnites
704 2599 739 2664 in
755 2621 834 2685 pace
852 2599 1021 2665 amicitiam
1037 2619 1098 2665 nec
1118 2617 1149 2667 10

83 2697 110 2754 ut
119 2693 273 2782 Campani
289 2695 442 2762 auxilium
459 2695 493 2760 in
509 2694 592 2761 bello
609 2693 777 2782 petissent,
795 2716 855 2760 nec
866 2695 901 2759 in
912 2693 975 2760 fide
988 2693 1099 2782 populi

80 2775 203 2855 Romani
220 2790 329 2855 necin
347 2789 463 2855 ditione
482 2799 597 2856 essent.

132 2883 175 2950 Π.
209 2882 293 2950 Cum
311 2884 351 2950 de
368 2883 534 2971 postulatis
549 2882 739 2950 Samnitium
753 2882 792 2950 Τ.
802 2883 960 2950 Aemilius
973 2891 1099 2972 praetor
1119 2905 1131 2951 1

79 2987 212 3044 senatum
230 2978 440 3046 consuluisset
452 2979 711 3064 reddendumque
724 2980 763 3045 iis
777 2978 890 3046 foedus
903 2989 1012 3066 patres
1027 3002 1100 3046 cen·

77 3071 213 3154 emeseni,
227 3085 352 3162 praetor
363 3072 557 3141 Samnitibus
571 3075 742 3162 respondit,
755 3095 824 3153 nec,
839 3095 903 3157 quo
912 3074 1017 3139 minus
1026 3096 1097 3160 per·
1116 3092 1131 3138 2

77 3174 165 3242 {tetus
179 3191 252 3234 cum
271 3169 316 3235 eis
334 3169 471 3235 amicitia
488 3179 585 3250 esset,
603 3193 660 3256 per
672 3168 824 3256 populum
837 3167 1018 3233 Romanum
1036 3175 1099 3231 ste

77 3251 146 3327 fisse
162 3285 221 3329 neo
239 3264 423 3343 contradici,
446 3265 536 3348 quin,
560 3265 709 3349 quoniam
726 3264 813 3349 ipsos
831 3261 906 3328 belli
923 3260 1017 3347 culpa
1039 3283 1098 3327 sua

79 3359 219 3423 ernasti
232 3359 372 3424 taedium
386 3360 515 3445 ceperit,
534 3359 672 3425 amicitia
684 3359 724 3424 de
736 3358 859 3445 integro
871 3355 1098 3423 reconcilietur.

82 3450 154 3528 qnod
165 3453 207 3518 ad
219 3450 376 3519 Sidicinos
389 3454 528 3532 attineat,
547 3453 624 3518 nihil
636 3453 797 3531 intercedi,
815 3475 879 3538 quo
891 3452 996 3518 minus
1007 3450 1100 3520 Sam·
1118 3471 1133 3518 3

83 3539 129 3611 hlh'
141 3547 261 3634 populo
278 3548 367 3635 pacis
389 3546 525 3632 bellique
546 3548 681 3614 liberum
703 3547 865 3613 arbitrium
887 3549 937 3615 sit.
973 3547 1100 3613 foedere
1117 3570 1134 3616 4

82 3628 133 3707 icto
157 3664 232 3708 cum
258 3642 388 3708 domum
413 3644 628 3723 revertissent,
661 3643 817 3729 extemplo
843 3643 917 3709 inde
943 3644 1098 3718 exercitus

80 3723 232 3803 Romanus
243 3738 407 3805 ‘deductus
424 3762 529 3808 annuo
547 3740 703 3826 stipendio
721 3750 752 3805 et
768 3741 862 3804 trium
875 3760 1020 3805 mensum
1034 3739 1100 3803 fru-

78 3843 174 3898 nento
190 3843 337 3921 accepte,
355 3836 441 3920 quod
453 3836 617 3923 pepigerat
633 3833 757 3915 consul,
776 3845 811 3899 ut
828 3844 953 3920 tempus
970 3832 1097 3898 indutiis

77 3921 171 4007 due,
189 3929 296 4013 quoad
312 3929 410 4016 legati
426 3932 592 4011 redissent,

132 4022 294 4093 Samnites
313 4028 411 4114 copiis
424 4027 541 4108 isdem,
559 4027 675 4113 quibus
689 4027 740 4093 usi
752 4023 905 4093 adversus
917 4022 1097 4090 Romanum
1114 4044 1131 4097 s
