2566 4524
355 259 832 330 1,113nre111,ar.45.[a.c.449]
1045 251 1107 317 165

150 415 399 507 Apolaustum
416 417 545 503 virginis
564 416 705 501 plebeiae
728 420 916 502 stuprandae
937 420 1034 485 libido
1057 444 1108 487 oe-

103 514 141 601 pit
166 524 253 598 pater
269 511 401 597 virginis
417 512 460 576 L.
474 511 644 597 Verginius
662 511 827 576 honestum
845 515 985 578 ordinem
1003 516 1036 579 in
1048 515 1108 580 ΑΙ-
1125 537 1141 584 2

100 609 156 695 gido
171 607 314 683 ducebat,
333 605 382 668 vir
398 605 533 690 exempli
550 608 628 670 recti
645 606 730 670 domi
747 606 946 691 militiasque.
978 611 1107 694 perinde

102 725 160 766 uxor
173 701 315 765 instituta
332 699 434 764 fuerat
451 699 602 782 liberique
619 699 870 765 instituebantur.
898 703 1108 788 desponderat
1125 726 1141 772 a

99 796 173 861 iliam
186 795 228 859 L.
239 793 329 858 Icilio
347 793 522 871 tribunicio,
541 795 608 857 viro
626 794 690 857 acri
708 806 739 857 et
755 817 813 879 pro
831 818 927 860 causa
939 797 1040 881 plebis
1054 821 1108 862 ex-

93 902 182 973 penae
195 887 329 952 virtutis.
355 887 438 952 hanc
451 887 605 972 virginem
617 888 766 964 adultam,
786 888 888 953 forma
902 890 1107 957 excellentem
1126 913 1141 959 4

94 983 203 1069 Appius
221 1003 327 1046 amore
340 982 453 1046 ardens
467 982 567 1067 pretio
581 1004 618 1046 ao
632 1004 687 1066 spe
702 982 850 1066 perlicere
864 985 1002 1062 adortae,
1022 996 1109 1071 post-

49 1150 51 1155 ,
94 1096 169 1158 quam
189 1076 297 1141 omnia
319 1076 439 1160 pudore
462 1086 571 1160 saepta
588 1077 861 1155 animadverterat,
890 1079 931 1142 ad
949 1081 1107 1143 crudelem

94 1169 308 1256 superbamque
329 1171 394 1233 vim
416 1170 556 1234 animum
579 1171 739 1236 convertit.
779 1170 826 1234 M.
846 1170 980 1236 Claudio
1004 1173 1108 1237 clienti
1127 1195 1141 1242 5

49 1258 52 1339 ξ
95 1266 238 1348 negotium
257 1264 352 1340 dedit,
371 1274 406 1329 ut
423 1264 576 1350 virginem
589 1265 622 1328 in
637 1266 819 1329 servitutem
834 1266 992 1330 adsereret
1005 1289 1107 1351 neque

49 1356 53 1389 ²
98 1359 200 1423 rederet
219 1358 393 1423 secundum
406 1357 581 1422 libertatem
593 1358 825 1443 postulantibus
842 1359 1004 1438 vindicias,
1023 1361 1108 1445 quod

49 1468 52 1509 i
95 1460 166 1534 pater
184 1450 310 1537 puellae
332 1451 457 1516 abesset
478 1452 583 1517 locum
603 1453 734 1517 iniuriae
761 1475 831 1517 esse
856 1468 953 1519 ratus.
993 1454 1108 1540 virgini
1127 1475 1141 1523 6

96 1545 213 1610 venienti
229 1547 265 1610 in
281 1546 387 1610 forum
400 1583 442 1592 -
454 1545 499 1611 ibi
511 1569 647 1629 namque
659 1547 693 1610 in
706 1547 843 1611 tabernis
856 1547 1028 1613 litterarum
1041 1548 1108 1613 ludi

96 1652 165 1704 erant
181 1677 224 1688 -
241 1639 385 1704 minister
402 1639 571 1704 decemviri
587 1641 726 1706 libidinis
739 1664 868 1705 manum
882 1640 997 1720 iniecit,
1017 1667 1109 1708 serva

100 1748 249 1799 seruatam
260 1756 444 1816 servamque
454 1735 625 1819 appellans,
645 1739 840 1817 sequiquese
854 1735 994 1801 iubebat:
1014 1759 1108 1801 cunc-

101 1833 194 1893 tantem
211 1829 243 1892 vi
261 1828 500 1892 abstracturum.
536 1830 651 1914 pavida
672 1829 778 1913 puella
801 1838 959 1914 stupente,
983 1831 1024 1894 ad
1042 1831 1141 1896 cla-r

102 1940 196 1986 uorem
213 1921 343 1986 nutricis
360 1922 456 1985 fidem
475 1920 645 2004 Quiritium
667 1923 849 2008 inplorantis
868 1923 903 1986 fit
921 1946 1106 1989 concursus.

50 2070 53 2075 .
76 2058 82 2067 .
107 2010 209 2100 Vergini
225 2015 324 2101 patris
344 2016 513 2100 sponsique
530 2016 601 2080 Icili
618 2017 768 2102 populare
790 2039 905 2081 nomen
927 2016 1108 2082 celebrabu-

114 2112 155 2172 lur.
171 2121 253 2175 notos
272 2109 373 2196 gratia
390 2132 507 2185 eorum,
526 2111 650 2176 turbam
663 2112 832 2197 indignitas
845 2113 891 2175 rei
904 2112 1018 2198 virgini
1032 2135 1106 2176 con-

114 2198 178 2267 ulia
204 2205 269 2270 iam
291 2227 312 2269 a
332 2203 365 2267 vi
385 2214 452 2269 tuta
474 2214 553 2283 erat,
582 2227 654 2268 cum
677 2205 818 2269 adsertor
838 2205 915 2268 nihil
938 2228 1016 2291 opus
1036 2223 1140 2270 esses

111 2294 277 2363 multitudine
295 2296 449 2363 concitata
466 2298 523 2362 ait:
552 2319 586 2362 se
603 2300 670 2363 iure
689 2300 839 2382 grassari,
858 2321 921 2362 non
939 2300 979 2362 vi.
1015 2309 1108 2363 vocat

110 2389 345 2470 praumatus,
363 2392 553 2469 auctoribus,
572 2393 627 2475 qui
646 2393 783 2469 aderant,
802 2402 837 2455 ut
855 2402 1046 2474 sequeretur,
1065 2393 1106 2456 ad

49 2516 52 2559 ;
80 2562 85 2577 1
109 2478 214 2550 trbunal
229 2485 319 2571 Appi
334 2497 520 2571 perventum
538 2496 595 2550 est.
630 2496 738 2550 notam
755 2485 852 2550 iudici
869 2484 1009 2549 fabulam
1027 2486 1106 2570 peti·
1125 2506 1139 2552 9

83 2624 87 2631 ·
111 2582 151 2654 br,
164 2581 270 2668 quippe
279 2582 363 2667 apud
370 2582 476 2667 ipsum
489 2591 648 2645 auctorem
662 2579 847 2666 argumenti,
865 2579 1000 2665 peragit:
1019 2578 1107 2663 puel-

83 2722 89 2731 ·
113 2662 165 2749 lan,
186 2676 267 2741 domi
285 2698 360 2741 suae
378 2687 484 2741 natam
506 2675 651 2758 furtoque
668 2676 741 2739 inde
763 2675 796 2740 in
818 2675 946 2739 domum
964 2673 1107 2759 Verginii

116 2764 273 2848 tualeam,
301 2771 497 2854 suppositam
515 2769 544 2833 ei
568 2792 653 2847 esse3
679 2769 713 2833 id
731 2792 765 2833 se
788 2769 902 2833 iudicio
925 2781 1108 2854 conpertum
1126 2786 1159 2835 10

113 2852 202 2927 tilius
217 2864 482 2950 probaturumque
501 2863 550 2928 vel
567 2864 637 2950 ipso
651 2862 804 2950 Verginio
822 2864 934 2940 iudice,
953 2863 994 2927 ad
1012 2884 1107 2946 quem

108 2948 266 3042 unapars
284 2957 415 3022 iniuriae
433 2958 500 3022 eius
513 2957 680 3043 pertineat3
698 2958 823 3021 interim
841 2957 1003 3022 dominum
1018 2955 1107 3039 sequi

112 3045 223 3115 mellum
244 3073 382 3134 aequum
404 3074 483 3116 esse.
519 3052 663 3116 advocati
683 3050 806 3136 puellae
830 3073 900 3115 cum
919 3050 1105 3134 Verginium
1126 3070 1156 3116 11

68 3134 72 3139 ⁵
112 3134 397 3224 minicae-eausa
417 3145 571 3212 dixissent
589 3144 715 3221 abesse,
738 3144 834 3209 biduo
858 3143 1054 3218 adfuturum,
1079 3143 1107 3205 si

106 3234 255 3304 ambarum
272 3239 304 3304 ei
322 3241 376 3317 sit,
398 3240 541 3324 iniquum
560 3262 630 3304 esse
648 3239 810 3304 absentem
828 3237 867 3301 de
888 3235 993 3301 liberis
1017 3234 1108 3326 dimi-
1128 3251 1159 3299 12

106 3342 170 3408 We,
186 3333 358 3419 postulant,
379 3343 499 3399 utrem
515 3335 670 3420 integram
687 3333 720 3397 in
737 3333 834 3418 patris
858 3332 1027 3395 adventum
1046 3329 1107 3395 dif-

78 3454 82 3461 ·
106 3414 171 3504 lat,
187 3427 254 3515 lege
272 3428 312 3495 ab
330 3429 401 3515 ipso
418 3429 482 3494 lata
497 3430 651 3494 vindicias
669 3430 722 3493 det
740 3428 913 3493 secundum
930 3425 1106 3491 libertatem

104 3523 305 3627 Mtlpatiatur,
332 3525 486 3610 virginem
505 3524 643 3589 adultam
661 3524 765 3588 famae
786 3523 873 3608 prius
895 3543 990 3605 quam
1012 3519 1107 3584 liber-

102 3614 155 3679 ltlrs
170 3618 341 3702 periculum
359 3620 454 3684 adire.

60 3738 68 3755 ¹
146 3707 331 3779 XXXXV.
365 3713 492 3800 Appius
510 3714 634 3780 decreto
656 3713 830 3798 praefatus,
853 3733 949 3794 quam
970 3708 1139 3774 libertatil

98 3796 204 3885 laverit,
229 3829 300 3873 eam
320 3807 422 3893 ipsam
439 3808 543 3895 legem
562 3808 733 3884 declarare,
752 3829 847 3889 quam
864 3805 996 3891 Vergini
1014 3802 1107 3867 amici

98 3900 280 3975 postulationi
297 3924 373 3967 suae
393 3903 613 3989 praetendant3
641 3916 778 3966 ceterum
800 3901 845 3964 ita
866 3900 899 3963 in
922 3922 959 3963 aa
980 3897 1104 3960 firmum
1123 3913 1138 3960 2

98 3980 211 4060 hbaafi
226 3995 297 4061 fore
313 3996 513 4082 praesidium,
534 3997 560 4061 si
577 4018 636 4061 neo
654 3995 757 4060 causis
771 4017 829 4058 nec
842 3991 983 4079 personis
996 3988 1104 4054 variet.
