2566 4524
296 280 416 337 nisan
432 282 503 353 vn,
522 282 566 336 rs.
580 282 623 336 at.
641 285 681 351 [a.
692 279 883 352 omnem]
1042 274 1105 340 377

77 440 234 529 magistro
257 440 397 524 equitum
415 437 457 504 A.
478 437 625 506 Cornelio
645 438 747 507 Cosso
769 441 867 519 dicto,
890 443 1016 507 comitia
1033 465 1107 509 con-

77 537 193 603 sularia
216 533 328 600 habuit
349 534 569 618 aemulumque
588 536 709 600 decoris
728 535 778 600 sui
795 534 958 602 absentem
974 537 1022 604 M.
1040 538 1108 605 Va·

77 632 188 696 lorium
207 628 350 696 Corvum
367 667 409 677 —
426 629 461 694 id
477 630 561 694 cnim
578 629 623 694 illi
641 630 754 695 deinde
772 632 967 718 cognominis
986 633 1046 698 fuit
1064 673 1107 683 —-

81 749 201 792 summo
225 726 334 791 favore
355 724 478 811 populi,
507 733 570 789 tres
593 734 624 790 et
641 726 753 813 viginti
769 736 878 792 natum
896 750 1009 808 annos,
1033 753 1107 796 con-

86 822 179 888 sulem
200 820 401 886 renuntiavit.
442 818 564 906 collega
586 817 692 886 Corvo
715 821 755 886 de
776 821 868 906 plebe
889 820 937 888 M.
960 822 1105 912 Popilius
1125 851 1158 900 13

87 916 221 994 Laenas,
241 924 388 999 quartum
405 913 516 979 consul
533 913 671 993 futurus,
690 916 782 981 datus
801 925 858 982 est.
886 915 1105 989 cumGraecis

92 1011 255 1077 aCamillo
273 1009 359 1074 nulla
375 1007 586 1074 memorabilis
604 1018 696 1096 gesta
713 1033 778 1076 res:
800 1011 923 1076 necilli
944 1021 1026 1079 terra
1047 1039 1106 1082 nec

92 1104 242 1171 Romanus
265 1104 345 1169 mari
361 1102 493 1169 bellator
511 1112 586 1168 erat:
629 1114 788 1190 postremo
806 1127 879 1169 cum
895 1106 1039 1174 litoribus
1057 1133 1107 1174 ar-
1125 1126 1158 1175 14

95 1211 236 1276 urentur,
260 1221 342 1282 aqua
363 1198 459 1264 etiam
479 1207 603 1284 praeter
625 1207 729 1264 cetera
744 1200 923 1266 necessaria
941 1203 1013 1266 usui
1031 1204 1108 1268 defi-

96 1295 178 1360 ciente
200 1293 326 1359 Itnliam
347 1292 510 1377 reliquere.
555 1292 644 1359 cuius
665 1293 776 1380 populi
796 1316 834 1359 ea
861 1294 964 1378 (cuius
987 1297 1105 1385 gentis)
1125 1316 1159 1364 15

96 1388 189 1453 classis
208 1389 317 1466 fuerit,
339 1387 418 1452 nihil
440 1388 516 1452 certi
538 1397 595 1453 est.
640 1388 776 1453 maxime
796 1386 923 1475 Siciliae
940 1389 1040 1456 fuisse
1059 1402 1108 1479 ty-

95 1504 193 1548 rannos
221 1481 420 1560 crediderim,
447 1505 520 1547 nam
547 1481 675 1547 ulterior
697 1479 832 1549 Graecia
857 1505 896 1548 ea
920 1493 1107 1571 tempestate

95 1575 225 1642 intestino
244 1577 331 1642 fessa
347 1574 431 1641 bello
448 1576 511 1640 iam
528 1575 743 1643 Macedonum
760 1599 837 1662 opes
854 1577 1010 1645 horrebat.

145 1669 294 1736 XXVII.
330 1670 532 1737 Exercitibus
559 1671 698 1736 dimissis
725 1694 798 1737 cum
824 1681 855 1737 et
880 1672 958 1739 foris
983 1696 1047 1760 pax
1074 1684 1139 1740 etr

97 1763 168 1828 domi
184 1764 352 1830 concordia
370 1764 515 1829 ordinum
533 1765 632 1830 otium
650 1775 747 1844 esset,
769 1787 809 1831 ne
826 1767 921 1832 nimis
938 1767 1039 1833 laetae
1056 1790 1107 1833 res

97 1867 201 1936 essent,
223 1858 402 1944 pestilentia
420 1859 578 1924 civitatem
596 1860 705 1925 adorta
723 1860 825 1947 coegit
843 1869 987 1926 senatum
1007 1863 1108 1948 impe-

96 1973 152 2018 rare
169 1953 367 2031 decemviris,
391 1961 427 2018 ut
442 1952 539 2019 libros
561 1951 732 2040 Sibyllinos
755 1954 957 2040 inspicerent:
985 1978 1108 2022 eorum-

96 2067 145 2130 que
161 2048 281 2113 monitu
297 2047 522 2113 lectisternium
544 2048 612 2114 fuit.
657 2050 769 2116 eodem
790 2072 872 2116 anno
891 2048 1050 2117 Satricum
1067 2051 1107 2116 ab
1126 2067 1142 2114 a

96 2138 264 2209 Antiatibus
283 2141 405 2208 colonia
418 2143 553 2208 deducta
565 2143 769 2228 restitutaque
782 2144 872 2224 urbs,
891 2167 986 2230 quam
998 2146 1108 2210 Latini

97 2235 249 2303 diruerant.
282 2247 313 2302 et
326 2259 398 2304 cum
408 2236 722 2324 Carthaginiensibus
735 2237 848 2324 legatis
861 2239 982 2305 Romae
995 2240 1108 2304 foedus

96 2331 193 2413 ictum,
212 2357 286 2400 cum
304 2333 472 2399 amicitiam
490 2355 529 2398 ac
547 2332 727 2399 societatem
744 2342 885 2420 petentes
903 2335 1072 2400 venissent.

146 2429 236 2495 Idem
254 2428 353 2495 otium
370 2428 456 2493 domi
469 2427 609 2510 forisque
622 2428 738 2492 mansit
751 2424 790 2492 Τ.
800 2426 923 2493 Manlio
936 2427 1106 2511 Torquato,
1126 2444 1142 2493 3

99 2518 129 2585 C.
143 2521 266 2590 Plautio
285 2523 477 2590 consulibus.
515 2522 756 2587 semunciarium
774 2532 895 2587 tantum
913 2544 953 2587 ex
970 2522 1109 2588 unciario

98 2613 192 2684 faenus
205 2619 326 2685 factum
340 2627 371 2684 et
383 2618 417 2682 in
429 2617 596 2703 pensiones
611 2639 727 2701 aequas
741 2617 877 2696 triennii,
896 2616 939 2682 ita
950 2625 986 2682 ut
999 2624 1110 2700 quarta

97 2729 230 2794 praesens
250 2722 348 2791 esset,
372 2711 485 2778 solutio
504 2712 585 2777 aeris
604 2711 697 2777 alieni
714 2710 895 2797 dispensata
911 2721 969 2777 est.
1010 2719 1041 2775 et
1063 2710 1144 2775 sica

95 2825 206 2892 quoque
224 2817 313 2894 parte
330 2806 432 2893 plebis
451 2806 588 2885 adfecta,
610 2806 689 2871 fides
708 2816 814 2872 tamen
830 2805 957 2892 publica
977 2803 1107 2892 privatis

94 2898 320 2967 difficultatibus
329 2901 432 2987 potior
446 2901 487 2966 ad
500 2923 606 2966 curam
621 2900 742 2966 senatui
750 2900 819 2965 fuit.
837 2901 959 2966 levatae
972 2900 1109 2966 maxime

90 3015 147 3075 res,
165 2997 240 3080 quia
257 2994 374 3061 tributo
392 3016 429 3060 ac
447 2994 562 3060 dilectu
581 3017 808 3080 supersessnm.

148 3089 255 3156 Tertio
283 3112 365 3156 anno
390 3099 463 3176 post
485 3087 642 3156 Satricum
668 3090 846 3154 restitutum
872 3112 891 3154 a
912 3088 1039 3154 Volscis
1060 3087 1108 3150 M.
1128 3106 1143 3154 5

90 3179 228 3250 Valerius
254 3183 379 3250 Corvus
404 3184 518 3249 iterum
544 3184 654 3250 consul
676 3205 747 3248 cum
772 3181 809 3248 O.
832 3181 974 3248 Poetelio
995 3182 1108 3257 factus,

87 3297 155 3343 cum
173 3301 213 3344 ex
225 3278 323 3343 Latio
340 3279 516 3343 nuntiatum
534 3288 631 3357 esset,
649 3278 770 3365 legatos
785 3276 825 3343 ab
835 3275 934 3342 Antio
948 3275 1109 3341 circumire

82 3373 216 3459 populos
239 3372 428 3437 Latinorum
455 3374 495 3437 ad
522 3372 741 3437 concitandum
767 3371 900 3449 bellum,
927 3371 1145 3455 priusquame

82 3465 152 3552 plus
170 3466 313 3532 hostium
329 3465 431 3544 fieret,
449 3464 576 3531 Volscis
594 3489 682 3531 arma
699 3465 814 3529 inferre
831 3464 936 3529 iussus
955 3466 996 3530 ad
1011 3463 1110 3530 Satri-

83 3580 153 3626 cum
181 3559 323 3626 exercitu
348 3559 464 3625 infesto
489 3560 601 3647 pergit.
646 3581 803 3644 quocum
825 3556 980 3625 Antiates
995 3559 1109 3644 aliique

81 3651 194 3721 Volsci
211 3653 407 3741 praeparatis
423 3655 487 3719 iam
505 3663 590 3732 ante,
610 3653 638 3720 si
655 3653 732 3737 quid
748 3651 788 3719 ab
801 3652 904 3718 Roma
922 3664 1108 3730 moveretur,

80 3749 182 3836 eopiis
201 3747 426 3827 occurrissent,
444 3748 529 3813 nulla
542 3771 629 3814 mora
642 3748 723 3812 inter
739 3746 880 3813 infensos
898 3748 1018 3813 diutino
1037 3747 1109 3811 odio

80 3840 255 3910 dimicandi
268 3842 352 3908 facta
365 3852 423 3909 est.
449 3841 569 3920 Volsci,
587 3843 721 3909 ferocior
734 3843 774 3908 ad
786 3841 1000 3908 rebellandum
1014 3863 1108 3924 quam
1128 3861 1143 3907 r

81 3936 123 4004 ad
147 3937 333 4004 bellandum
356 3959 452 4024 gens,
481 3937 648 4002 certamine
674 3937 749 4003 victi
771 3937 972 4024 fugaeffusa
996 3932 1110 3999 Satrici

79 4031 208 4098 moenia
229 4039 350 4118 petunt.
394 4041 426 4098 et
446 4031 542 4099 nein
562 4032 660 4099 muris
683 4032 811 4117 quidem
835 4033 910 4097 satis
936 4031 1027 4094 firma
1054 4049 1111 4112 spe
