2566 4524
302 239 421 296 LIBER
435 241 472 307 ll,
486 240 598 296 18-20.
622 242 661 308 [a.
673 237 705 295 O.
716 237 866 306 oca-499]
1060 229 1099 294 81

77 395 258 474 [ιἐιιιὶιῃυω
275 396 482 463 induxissent.
518 396 635 462 bellum
653 397 818 463 indictum:
837 399 948 464 tacitae
961 398 1100 467 indutiae

77 496 210 580 quietum
228 514 348 557 annum
365 501 503 557 tenuere.
889 567 892 572 ⁸
1060 502 1063 507 '

129 585 282 652 XVIIIL
312 583 468 652 Consules
489 582 618 651 Servius
638 583 813 673 SulpiciuS,
830 586 960 654 Manius
974 588 1099 654 Tullius
1119 616 1132 662 1

77 723 107 732 -
122 682 200 747 nihil
214 681 346 768 dignum
359 681 511 745 memoria
524 691 630 745 actum
643 719 695 760 —-,
715 681 754 747 T.
768 680 927 749 Aebutius
942 681 1055 749 deinde
1069 693 1100 750 et

77 777 104 844 l.
112 776 275 843 Vetusius.
294 775 344 847 his
359 775 542 847 oonsulibus
551 775 690 847 Fidenae
705 775 864 855 obsessae,
880 775 1099 846 Crustumeria
1117 803 1132 848 2

77 883 172 958 apta,
199 870 371 943 Praeneste
394 868 434 934 ab
457 870 583 934 Latinis
605 870 647 935 ad
667 869 828 936 Romanos
852 871 993 937 descivit.
1038 894 1097 938 neo

77 968 146 1033 dtra
164 964 284 1031 bellum
301 965 455 1028 Latinum
475 963 613 1050 gliscens
635 964 700 1029 iam
721 987 778 1050 per
795 964 914 1050 aliquot
932 989 1031 1031 annos
1050 966 1098 1030 di-

77 1071 174 1125 etum.
218 1057 323 1124 Aulus
345 1057 530 1123 Postumius
558 1059 704 1136 dictator,
732 1057 824 1124 Titus
846 1059 1004 1125 Aebutius
1031 1084 1132 1132 rna-3

77 1155 163 1240 ‚ister
191 1152 331 1236 equitum
358 1152 481 1238 magnis
510 1153 608 1239 copiis
633 1153 776 1239 peditum
802 1154 1005 1238 equitumque
1026 1176 1099 1240 pro-

77 1249 149 1325 ecti,
165 1248 206 1311 ad
218 1247 322 1310 lacum
331 1246 492 1333 Regillum
505 1247 538 1310 in
551 1269 628 1334 agro
638 1247 819 1313 Tusculano
833 1248 951 1334 agmini
960 1248 1099 1312 hostium

77 1351 267 1409 »sonnerunt
281 1350 326 1418 et,
344 1340 419 1425 quia
428 1339 617 1424 Tarquinios
632 1363 702 1406 esse
716 1343 749 1406 in
763 1343 901 1408 exercitu
909 1343 1098 1409 Latinorum
1116 1368 1132 1413 4

77 1436 207 1500 ruditum
226 1445 289 1512 est,
309 1434 456 1500 sustiueri
473 1434 519 1499 ira
536 1457 599 1501 non
616 1436 731 1521 potuit,
755 1434 832 1520 quin
849 1437 1006 1523 extemplo
1024 1459 1099 1502 con-

77 1529 216 1616 ligerent.
246 1551 321 1615 ergo
340 1528 434 1592 etiam
451 1527 606 1614 proelium
623 1528 782 1614 aliquanto
800 1552 896 1614 quam
909 1540 1013 1596 cetera
1024 1554 1098 1618 gra-
1116 1558 1130 1603 5

77 1624 132 1688 ius
161 1633 257 1708 atque
287 1622 423 1686 atrocius
446 1622 515 1687 fuit.
551 1645 616 1687 non
638 1624 720 1687 enim
743 1625 840 1689 duces
863 1625 905 1690 ad
925 1626 1098 1712 regendam

77 1720 156 1786 nodo
181 1719 311 1784 consilio
334 1741 399 1782 rem
423 1718 566 1795 adfuere,
595 1719 651 1784 sed
674 1718 805 1784 suismet
826 1720 888 1806 ipsi
913 1720 1096 1805 corporibus

77 1814 249 1880 limieantes
271 1814 425 1878 miscuere
448 1814 625 1879 certamina.
662 1836 721 1879 nec
743 1814 910 1899 quisquam
931 1836 1097 1900 procerum

77 1910 161 1975 erme
180 1909 242 1974 hac
259 1918 314 1973 aut
330 1907 385 1972 illa
402 1931 442 1972 ex
459 1907 526 1973 acie
545 1908 612 1972 sine
630 1909 758 1973 vulnere
776 1919 899 1995 praeter
913 1909 1096 1974 dictatorem

77 2003 244 2069 domenum
272 2002 416 2067 excessit.
455 2002 489 2066 in
513 2001 714 2068 Postumium
740 2005 842 2089 prima
867 2004 900 2069 in
926 2004 993 2070 acie
1021 2021 1129 2069 suoso

77 2097 282 2165 ldhortantcm
300 2098 567 2181 instruentemque
580 2098 772 2181 Tarquinius
788 2097 966 2185 Superbus,
985 2121 1096 2182 quam-

77 2214 158 2276 quam
175 2194 240 2256 iam
259 2201 360 2257 aetate
379 2202 410 2257 et
426 2192 545 2258 viribus
569 2203 635 2257 erat
656 2194 794 2279 gravior,
822 2216 939 2277 equum
960 2193 1095 2258 infestus

77 2289 190 2354 rdmisit
216 2290 361 2373 ictusque
383 2288 423 2353 ab
445 2288 541 2354 latere
565 2310 720 2354 concursu
744 2311 873 2354 suorum
895 2301 1038 2374 receptus
1061 2289 1096 2354 iu

77 2392 165 2447 tutmn
187 2393 250 2462 est3
279 2383 371 2448 etad
392 2383 524 2447 alterum
546 2405 642 2448 cornu
659 2381 818 2447 Aebutius
840 2383 990 2469 magister
1008 2383 1128 2465 equi-r

77 2483 131 2540 tum
146 2478 180 2542 in
196 2476 367 2544 Octavium
380 2477 560 2543 Mamilium
587 2475 729 2563 inpetum
747 2478 888 2553 dederat,
907 2499 966 2540 neo
984 2476 1096 2538 fefellit

78 2572 191 2636 veniens
212 2573 429 2637 Tusculanum
451 2573 577 2650 ducem,
605 2585 713 2638 contra
730 2595 824 2656 quem
843 2582 873 2637 et
890 2572 942 2637 ille
961 2571 1097 2636 concitat

80 2683 192 2747 equum3
221 2677 371 2751 tantaque
393 2667 441 2730 vis
465 2666 588 2731 infestis
617 2668 807 2731 venientium
833 2667 933 2731 hastis
960 2666 1033 2744 fuit,
1060 2673 1128 2732 ut8

83 2752 225 2824 brachium
242 2759 383 2825 Aebutio
406 2761 570 2825 traiectum
593 2761 645 2839 sit,
668 2761 813 2825 Mamilio
835 2772 945 2847 pectus
967 2783 1096 2846 percus-

86 2869 146 2916 sum
179 2855 265 2919 hune
287 2855 414 2939 quidem
436 2855 469 2918 in
492 2855 663 2919 secundam
686 2856 785 2920 aciem
807 2856 916 2920 Latini
938 2876 1093 2940 recepere,
1114 2877 1128 2922 o

87 2939 219 3014 Aebutius
244 2971 317 3013 cum
341 2949 447 3014 saucio
474 2948 602 3014 brachio
629 2959 734 3014 tenere
762 2950 860 3013 telum
886 2972 951 3014 non
975 2958 1093 3034 posset,

88 3055 173 3125 pugna
196 3044 340 3110 excessit.
384 3045 521 3109 Latinus
549 3045 627 3124 dux,
659 3045 736 3110 nihil
763 3046 926 3109 deterritus
955 3044 1091 3120 volnere,
1113 3064 1144 3109 10

88 3136 214 3214 proelium
241 3139 302 3204 ciet
329 3149 373 3216 ct,
405 3140 480 3224 quia
506 3161 581 3204 suos
608 3140 769 3225 perculsos
797 3139 936 3216 videbat,
965 3138 1096 3202 arcessit

89 3227 222 3297 eohortem
248 3233 378 3298 exulum
399 3233 628 3313 Romanorum,
657 3235 708 3299 cui
728 3235 813 3298 Luci
836 3232 988 3316 Tarquini
1011 3231 1093 3294 filius

89 3339 212 3403 uacat.
248 3351 301 3406 ea,
331 3351 393 3412 quo
416 3330 533 3394 maiore
554 3330 716 3416 pugnabat
738 3330 784 3393 ira
811 3328 851 3394 ob
878 3338 984 3412 erepta
1009 3326 1093 3392 bona

87 3420 256 3507 latiamque
275 3423 469 3509 ademptam,
488 3446 628 3510 pugnam
645 3445 813 3508 parumper
831 3423 975 3488 restituit.

132 3513 207 3582 XX.
245 3517 468 3583 Referentibus
490 3517 555 3582 iam
576 3519 690 3604 pedem
708 3517 748 3582 ab
768 3540 805 3581 ea
822 3527 910 3603 parte
928 3516 1091 3592 Romanis,
1113 3536 1125 3580 1

86 3597 120 3669 Μ.
131 3606 284 3690 Valerius,
303 3611 486 3678 Publicolae
504 3612 609 3690 frater,
633 3612 832 3697 conspicatus
851 3612 988 3676 ferocem
1006 3611 1094 3674 iuve-

86 3717 139 3766 nem
158 3705 364 3791 Tarquinium
386 3717 596 3772 ostentantem
618 3729 652 3772 se
674 3708 707 3771 in
731 3707 833 3793 prima
860 3708 988 3770 exulum
1015 3706 1091 3781 acie,

85 3790 232 3867 domestica
250 3802 346 3867 etiam
363 3801 464 3889 gloria
481 3823 646 3879 accensus,
665 3811 713 3879 ut,
733 3802 821 3866 cuius
840 3801 978 3866 familiae
996 3800 1092 3862 decus
1111 3815 1125 3860 a

84 3887 153 3958 electi
171 3918 264 3984 reges
288 3908 390 3974 erant,
418 3897 559 3961 eiusdem
581 3896 736 3960 interfecti
757 3896 873 3973 forent,
902 3893 1007 3959 subdit
1029 3889 1092 3954 cal·

82 3988 148 4054 aria
159 4014 239 4077 equo
253 4002 286 4058 et
298 3991 506 4077 Tarquinium
520 3991 636 4056 infesto
651 3989 771 4077 spiculo
784 3990 871 4076 petit.
901 3983 1090 4069 Tarquinius
1110 4004 1125 4048 s

119 4107 164 4153 tat
177 4109 247 4154 vahl.
902 4088 918 4138 6
