2566 4524
81 229 85 233 ’
144 254 209 322 386
400 265 518 322 ursus
535 259 604 337 vn,
623 263 666 321 ss.
679 264 722 320 ss.
741 267 780 335 [a.
788 281 816 321 u.
827 281 851 321 ο.
859 264 925 337 411]

146 436 215 492 tum
234 447 339 492 servas
361 447 464 511 neque
482 425 566 490 enim
583 423 704 490 moveri
719 423 821 490 hostis
840 423 1003 493 subiectus
1024 424 1158 494 uobisod

112 540 257 594 somnes
283 518 365 585 ictus
392 517 460 585 sine
488 541 546 585 sua
570 516 708 605 pernicie
733 518 857 607 poterit.
903 541 963 588 nos
990 519 1102 589 deinde
1117 533 1158 588 aut

112 641 127 688 r
145 614 272 682 fortuna
287 612 397 702 populi
413 611 551 680 Romani
568 622 623 678 aut
643 621 751 679 nostra
772 613 873 681 virtus
895 614 1063 703 expediet’
1102 637 1159 684 con·

145 710 293 775 laudatus
315 707 356 774 ab
379 708 509 774 consule
530 715 660 793 accepto
681 706 839 794 pracsidio
856 708 945 776 vadit
963 709 1103 778 occultus
1115 731 1160 799 por

147 804 277 882 saltum;
302 823 363 868 nec
383 802 471 889 prius
494 800 535 868 ab
556 801 648 869 hoste
670 812 720 869 est
740 802 830 871 usus
851 824 950 890 qnam
971 803 1058 886 loco,
1083 826 1159 892 quen

111 921 128 972 a
145 896 282 986 petebat,
296 895 566 984 adpropinquavit.
585 896 659 963 inde
668 896 875 965 admiratione
882 897 1076 986 paventibus
1083 920 1160 970 cunc·

145 993 186 1059 tis
205 1014 278 1059 cum
295 992 436 1058 omnium
452 991 486 1056 in
504 1012 539 1058 se
556 991 703 1077 vertisset
721 990 842 1072 oculos,
861 1002 894 1058 et
906 993 1049 1081 spatium
1060 992 1160 1062 camuli

146 1087 233 1153 dedit
249 1086 291 1152 ad
309 1085 548 1153 subducendum
565 1107 680 1173 agmen
696 1084 731 1152 in
748 1086 929 1172 aequiorem
946 1086 1056 1155 locum
1068 1088 1162 1176 etipse

112 1204 128 1254 a
145 1183 180 1249 in
197 1203 321 1249 summo
335 1181 473 1248 constitit
484 1180 611 1247 vertice.
641 1179 815 1262 Samnites,
834 1183 910 1249 dum
923 1181 989 1251 huc
1000 1183 1078 1252 illuc
1088 1183 1162 1272 signa

145 1285 285 1355 vertunt,
304 1276 468 1361 utriusque
480 1276 527 1342 rei
540 1276 658 1342 amissa
671 1277 837 1346 occasione
849 1298 954 1363 neque
967 1278 1093 1366 insequi
1104 1300 1162 1347 cou-

148 1372 248 1439 sulem
265 1371 328 1438 nisi
344 1392 402 1457 per
419 1370 552 1437 eandem
569 1369 697 1451 vallem,
720 1371 754 1437 in
771 1394 835 1457 qua
850 1372 947 1460 paulo
965 1383 1041 1441 ante
1059 1372 1164 1441 subin·

146 1477 215 1532 tum
232 1488 304 1532 eum
322 1464 393 1532 telis
412 1465 477 1532 suis
491 1463 679 1545 habuerant,
697 1476 832 1553 possunt
848 1489 908 1535 nec
925 1467 1050 1557 erigere
1067 1488 1164 1557 agna

96 1561 180 1633 10in
197 1568 325 1646 captum
343 1581 438 1646 super
456 1582 491 1626 se
508 1558 548 1626 ab
566 1558 670 1627 Decio
692 1560 858 1628 tumulum.
903 1561 962 1629 sed
983 1584 1060 1630 cum
1079 1562 1164 1631 irain

146 1655 206 1721 hos
227 1653 344 1742 magis,
372 1654 426 1738 qui
452 1653 612 1722 somonam
635 1654 794 1742 gerendae
818 1655 865 1722 rei
891 1657 1086 1744 eripuerant,
1110 1667 1165 1724 tun

97 1772 126 1822 11
145 1749 362 1837 propinquitas
385 1749 446 1816 loci
463 1758 558 1836 atque
575 1749 646 1837 ipsa
661 1750 805 1837 paucitas
822 1749 947 1832 incitat3
968 1761 1004 1819 et
1020 1774 1103 1821 nunc
1117 1751 1164 1818 cir·

147 1844 296 1911 cumdare
326 1843 466 1927 undique
492 1842 604 1910 collem
632 1842 760 1911 armatis
786 1843 911 1925 volunt,
942 1854 979 1912 ut
1006 1869 1028 1914 a
1053 1842 1164 1914 consula

145 1939 284 2006 Decium
301 1938 523 2017 intercludant,
541 1959 626 2005 nuuc
643 1937 728 2005 viam
744 1938 938 2026 patefacere,
957 1949 995 2007 ut
1012 1940 1163 2031 degressos

145 2034 180 2099 in
197 2032 312 2100 vallem
330 2033 520 2100 adoriantur.
547 2033 697 2113 incertos,
715 2033 793 2120 quid
805 2045 949 2124 agerent,
966 2058 1036 2104 nox
1052 2054 1162 2125 oppres·

97 2149 129 2200 12
147 2127 197 2194 sit.
241 2127 380 2194 Decium
405 2128 542 2214 primum
568 2150 641 2216 spes
667 2128 783 2209 tenuit,
810 2150 884 2197 cnm
909 2127 1163 2199 subeuntibusis

147 2223 317 2291 adversum
335 2221 446 2290 collem
460 2245 501 2289 ex
513 2223 673 2310 superiore
685 2223 756 2291 loco
771 2245 806 2291 se
817 2234 1051 2312 pugnaturum
1068 2222 1162 2294 dent·

147 2317 312 2386 admiratio
329 2317 472 2396 incessit,
491 2318 577 2403 quod
593 2339 653 2384 nec
669 2340 811 2407 pugnam
824 2318 939 2385 inirent
950 2342 1029 2402 uec,
1047 2315 1122 2389 siah
1132 2336 1161 2384 ea
1196 2386 1200 2407 .

148 2414 277 2481 oonsilio
303 2414 467 2500 iniquitate
493 2413 554 2479 loci
580 2414 822 2494 deterrerentur,
854 2436 949 2503 opere
977 2438 1014 2484 se
1035 2416 1160 2500 valloque
1193 2410 1196 2421 ⁴

97 2530 129 2580 13
148 2509 387 2576 circumdarent.
415 2519 482 2575 tum
499 2509 734 2577 centurionibus
752 2510 794 2576 ad
807 2532 842 2576 se
855 2510 992 2578 vocatisr
1012 2517 1158 2599 ‘quaeuan
1194 2555 1200 2597 q

146 2604 201 2670 illa
217 2603 342 2672 inscitia
358 2603 434 2671 belli
451 2625 489 2670 ac
505 2603 633 2692 pigritia
650 2613 713 2683 est,
732 2614 786 2671 aut
799 2627 939 2690 quonam
953 2607 1054 2674 modo
1069 2604 1117 2672 isti
1129 2622 1157 2669 cx
1193 2648 1200 2689 :

148 2697 298 2766 Sidicinis
322 2697 558 2784 Campanisque
580 2698 743 2767 victoriam
763 2700 971 2786 pepererunt?
1001 2700 1065 2769 huc
1084 2708 1156 2784 aqu

146 2793 222 2859 illuc
240 2793 331 2880 sigua
348 2794 468 2860 moveri
485 2816 524 2861 ac
541 2794 635 2861 modo
652 2793 686 2860 in
702 2816 802 2860 unum
820 2794 956 2862 conferri
974 2795 1071 2863 modo
1087 2786 1155 2862 edud

147 2887 275 2953 videtis:
303 2910 383 2974 opus
407 2889 535 2974 quidem
555 2889 666 2977 incipit
686 2911 795 2969 nemo,
818 2911 892 2957 cum
908 2891 974 2957 iam
996 2880 1155 2959 cnorum
1185 2884 1189 2917 ³

97 3003 131 3052 14
148 2982 232 3050 vallo
248 2983 443 3070 potuerimus
466 3006 546 3052 esse.
590 2993 659 3051 tum
679 3007 754 3053 vere
771 3007 830 3052 nos
848 2983 969 3052 similes
987 2977 1154 3054 istorumd·
1182 3002 1190 3075 j

146 3101 218 3146 mus
223 3126 233 3160 ,
253 3080 281 3146 si
297 3079 415 3148 diutius
433 3079 486 3147 hic
503 3100 661 3148 moremur
678 3102 775 3165 quarn
788 3080 992 3148 commodum
1006 3081 1056 3149 sit.
1080 3076 1154 3167 ugit&

147 3174 238 3256 dum,
260 3176 304 3243 ite
320 3197 446 3244 mecum
464 3184 509 3255 et,
536 3175 613 3242 dum
633 3174 714 3242 lucis
737 3174 856 3261 aliquid
877 3185 1039 3263 superest,
1064 3168 1152 3261 quill!

146 3271 224 3338 locis
246 3272 404 3360 praesidia
423 3279 557 3359 ponant,
584 3293 647 3356 qua
667 3279 775 3358 pateat
795 3269 869 3336 hinc
890 3270 1014 3352 exitus,
1039 3267 1151 3356 explan
1182 3275 1184 3284 ’

97 3386 130 3434 15
147 3365 239 3431 mua’
282 3366 362 3434 haec
379 3365 485 3434 omnia
502 3365 614 3454 sagulo
631 3365 753 3454 gregali
770 3364 920 3446 amictus,
943 3359 1150 3434 oentniuitr

147 3460 223 3528 item
244 3462 486 3550 manipularium
507 3461 641 3528 militum
662 3461 773 3529 habitu
790 3461 909 3542 ductis,
931 3482 974 3530 ne
991 3463 1099 3529 ducem
1111 3452 1150 3523 dr·
1183 3498 1200 3540 =

148 3553 266 3622 cumire
283 3554 392 3624 hostes
410 3565 567 3636 notarent,
585 3556 795 3644 perlustravit.
1183 3569 1185 3579 ¹

115 3672 128 3720 1
211 3648 366 3718 XXXV.
409 3651 537 3740 Vigiliis
567 3651 681 3719 deinde
707 3651 869 3739 dispositis
894 3651 1010 3720 ceteris
1034 3642 1148 3719 omnib!
1180 3688 1200 3733 v,

147 3755 300 3813 tesseram
322 3747 389 3814 dan‘
411 3747 511 3827 iubet,
534 3746 591 3814 ubi
608 3748 766 3815 secundae
782 3746 911 3836 vigiliae
931 3745 1049 3815 bucina
1066 3743 1145 3809 utu
1182 3757 1200 3826 p

112 3860 129 3908 a
148 3840 274 3930 signum
293 3853 391 3922 esset,
409 3841 521 3909 armati
538 3865 612 3909 cum
629 3842 753 3911 silentio
770 3842 814 3910 ad
827 3864 862 3909 se
875 3841 1082 3911 convenirent
1102 3844 1145 3916 l*

146 3935 216 4015 ubi,
235 3937 317 4004 sicut
330 3937 468 4004 edictum
482 3946 557 4017 erat,
575 3937 661 4004 taciti
674 3946 902 4018 convenerunt,
922 3935 999 4004 ‘hoc
1010 3927 1143 4003 dutus

147 4029 287 4113 milites,’
312 4033 415 4120 inquit
438 4032 569 4099 ‘omisso
591 4033 718 4101 militari
739 4034 878 4102 adsensu
900 4032 934 4101 in
954 4052 1007 4099 sne
1023 4013 1144 4098 audietdl
1181 4098 1200 4126 ⁸.
