2566 4524
159 150 224 218 338
409 157 528 215 ursus
545 128 601 228 vi,
618 157 661 212 33.
680 160 755 226 [aa
766 156 851 212 asu
862 156 950 232 (essu

160 322 260 388 ciores
279 319 321 385 ad
337 316 603 404 perseverandum
619 314 653 379 in
666 313 749 380 bello
767 313 896 380 faceret.
923 313 999 382 finis
1017 317 1171 384 certaminis
1200 320 1202 325 ’

158 417 233 495 fuit,
258 422 427 500 postquam
444 410 586 494 utrisque
603 410 762 494 apparuit,
788 409 868 473 nihil
888 432 948 495 per
967 409 1083 477 alteros
1099 421 1169 492 stus,

126 530 223 596 equo
240 508 345 573 minus
362 506 488 590 incepta
507 512 778 589 persequerentur.
813 502 925 568 Latini
945 504 1078 590 profecti
1098 530 1116 571 a
1133 528 1167 572 so-

160 605 272 671 cietate
289 601 391 689 pacis,
417 609 454 667 ut
470 598 632 676 rebantur,
655 597 840 663 inhonestae
859 619 930 664 sese
947 599 1165 680 vindicaverunt,

159 699 308 764 Antiates
329 693 537 759 incommodis
560 692 685 758 arbitris
708 691 893 758 salutmium
919 694 1114 760 consiliorum
1131 717 1187 761 rc·-

125 815 143 862 4
159 792 253 859 motis
271 788 384 856 urbem
400 809 557 874 agrosque
569 787 723 853 Romanis
742 787 870 853 dedunt.
896 788 946 855 ira
962 799 996 854 ct
1011 789 1106 856 rabies
1115 784 1163 856 La·

159 887 310 963 tinorum,
337 881 413 967 quia
428 903 488 947 nec
504 880 666 946 Romanos
683 880 767 946 bello
783 880 908 947 laedere
931 905 993 948 nec
1009 883 1162 950 Volscosin
1188 910 1191 917 ·

160 980 256 1047 armis
272 977 406 1044 retinere
423 983 603 1061 potuerant,
631 997 669 1040 eo
691 975 807 1063 erupit,
834 985 871 1041 ut
888 972 1050 1043 Satricum
1069 976 1160 1055 urben,
1180 1032 1183 1039 .

159 1096 241 1160 quac
261 1069 495 1158 receptaculum
516 1069 653 1155 primum
679 1069 725 1135 eis
753 1070 904 1136 adversae
932 1092 1059 1159 pugnae
1078 1071 1160 1148 sumt,
1180 1140 1183 1153 ,

160 1169 228 1257 igni
246 1173 493 1243 concremarent3
515 1185 576 1229 nec
593 1163 680 1229 aliud
696 1172 814 1229 tectum
832 1164 899 1229 eius
924 1166 1079 1252 superfuit
1092 1164 1159 1242 urbis,

160 1286 233 1330 cum
250 1262 337 1327 faces
354 1259 470 1347 pariter
488 1258 585 1324 sacris
603 1257 807 1344 profanisque
824 1258 989 1338 inicerent,
1016 1283 1106 1345 quam
1119 1282 1161 1326 na·

125 1358 216 1428 stris
233 1355 379 1422 Matutae
396 1352 557 1441 templum.
596 1352 671 1417 inde
693 1373 749 1418 cos
770 1373 830 1419 nec
847 1376 906 1419 sua
927 1353 1039 1441 religio
1060 1377 1113 1420 nec
1126 1375 1161 1417 vc

159 1451 310 1518 recundis
331 1450 426 1514 deum
448 1447 587 1513 arcuisse
608 1446 735 1525 dicitur,
763 1448 821 1512 sed
842 1470 906 1513 vox
930 1448 1084 1515 horrenda
1106 1446 1175 1517 edit.

161 1543 280 1630 templo
298 1566 370 1609 cum
388 1541 531 1608 tristibus
549 1541 658 1620 minis,
680 1542 715 1606 ni
731 1541 886 1608 nefandos
902 1543 996 1630 ignes
1014 1541 1159 1630 proculdc

128 1637 259 1710 olubris
282 1636 483 1703 removissent.
522 1636 669 1702 incensos
692 1657 731 1700 ca
751 1634 838 1702 rabie
858 1636 997 1722 impetus
1020 1636 1177 1704 Tusculm·

160 1734 233 1800 tulit
250 1732 291 1800 ob
308 1733 402 1809 iram,
430 1730 515 1816 quod
532 1731 657 1796 deserto
676 1730 835 1795 communi
856 1731 990 1797 concilio
1006 1732 1173 1798 Latinom·

160 1851 226 1894 non
245 1827 278 1891 in
301 1826 482 1892 societatem
504 1825 599 1890 modo
616 1824 809 1902 Romanam,
837 1826 894 1891 sed
916 1826 1012 1891 etiam
1031 1826 1065 1892 in
1085 1823 1161 1891 cirita·

128 1946 143 1993 s
162 1932 226 1988 tem
248 1943 283 1986 ss
306 1920 477 1985 dedissent.
517 1918 697 2004 patentibus
720 1920 818 2005 portis
841 1942 914 1986 cum
934 1920 1093 2006 inproviso
1111 1915 1162 1985 int

161 2015 295 2093 dissent,
322 2013 424 2100 primo
446 2011 582 2078 clamore
609 2014 761 2099 oppidum
785 2023 909 2099 praeter
935 2037 1041 2080 arcem
1066 2021 1162 2101 captur

162 2120 220 2178 est.
255 2110 289 2174 in
306 2131 411 2174 arcem
428 2107 578 2195 oppidani
594 2108 739 2195 refugere
757 2131 830 2174 cum
851 2108 1045 2196 coniugibus·
1062 2131 1098 2175 ac
1111 2105 1163 2174 lite·

160 2207 217 2285 ris,
245 2205 433 2289 nuntiosque
454 2203 605 2283 Romam,
633 2205 688 2288 qui
709 2205 873 2270 certiorem
894 2206 934 2271 dc
960 2227 1020 2271 suo
1046 2226 1118 2271 casu
1132 2220 1164 2267 sc·

127 2310 270 2371 suatum
292 2299 445 2378 facerent,
473 2298 597 2363 misere.
633 2298 721 2364 haud
742 2300 870 2387 segnius
888 2321 984 2383 quam
1006 2299 1069 2364 fide
1084 2291 1165 2385 populi

160 2393 297 2462 Romani
306 2395 438 2481 dignum
446 2393 507 2458 fuit
520 2392 675 2459 exercitus
685 2392 861 2459 Tusculum
874 2394 999 2459 ductus.
1022 2394 1064 2458 L.
1074 2391 1167 2475 Quinc

128 2491 224 2561 etius
251 2499 282 2555 ct
310 2488 379 2555 Ser.
405 2487 564 2575 Sulpicius
591 2487 708 2553 tribuni
732 2488 867 2553 militum
893 2488 1022 2554 duxere.
1071 2487 1166 2552 clausu

161 2592 267 2670 portas
281 2583 414 2648 Tusculi
427 2582 624 2667 Latinosque
643 2582 737 2646 simul
754 2582 966 2648 obsidentium
979 2592 1074 2666 atquc
1086 2580 1168 2647 obses

163 2701 269 2745 sorum
287 2678 391 2742 animo
409 2676 483 2741 hinc
500 2677 624 2742 moenia
642 2677 775 2742 Tusculi
797 2677 877 2741 tueri
897 2676 1021 2755 vident,
1043 2676 1124 2740 illinc
1136 2693 1168 2737 ar·

113 2793 145 2842 10
164 2793 233 2836 cem
251 2793 449 2857 oppugnare,
476 2781 590 2837 terrere
608 2795 671 2837 una
689 2794 726 2836 ac
743 2794 867 2858 pavere.
904 2773 1061 2838 adventus
1078 2772 1168 2837 Roma

162 2887 275 2931 norum
293 2874 468 2931 mutaverat
484 2867 646 2951 utriusque
664 2867 761 2952 partis
780 2868 916 2932 animos:
936 2867 1131 2932 Tusculanos
1143 2880 1169 2926 ex

162 2960 283 3048 ingenti
303 2970 390 3025 metu
411 2961 444 3025 in
467 2983 623 3026 summam
645 2962 850 3040 alacritatem,
876 2962 1014 3027 Latinos
1036 2985 1077 3028 ex
1096 2975 1168 3048 propt

163 3064 248 3122 certa
264 3054 380 3120 fiducia
397 3077 473 3120 mox
490 3055 660 3142 capiendae
683 3056 778 3134 arcis,
805 3055 954 3141 quoniam
977 3057 1094 3143 oppido
1112 3049 1169 3141 pot}

113 3171 144 3221 11
164 3160 286 3229 rentur,
308 3151 343 3215 in
360 3150 508 3238 exiguam
526 3151 565 3215 de
583 3172 618 3215 se
635 3151 713 3236 ipsis
732 3173 820 3236 spem
832 3150 984 3216 'verterat
1021 3151 1133 3216 tollitur
1143 3163 1168 3209 cx

163 3268 234 3311 arce
252 3245 370 3310 clamor
386 3246 428 3311 ab
446 3244 651 3323 Tusculanis3
670 3245 824 3332 excipitur
840 3245 1003 3327 aliquanto
1020 3235 1169 3311 maios-b

164 3339 302 3405 exercitu
318 3340 473 3405 Romano.
504 3339 661 3423 utrimque
679 3349 830 3427 urgentur
841 3339 964 3405 Latini:
984 3361 1043 3405 nec
1060 3339 1168 3424 impetu

137 3431 416 3499 ,Tusculanorum
438 3433 668 3499 decurrentium
694 3455 734 3498 cx
761 3434 919 3519 superiore
944 3432 1017 3498 loco
1044 3431 1185 3498 sursunt.

58 3538 61 3543 '
239 3523 402 3592 Romanos
422 3526 591 3593 subeuntes
609 3527 734 3594 moenia
751 3527 978 3610 molientesque
1002 3527 1105 3594 obices
1119 3541 1169 3610 por·

290 3642 395 3686 arcere
420 3632 563 3708 possunt.
608 3622 700 3688 scalis
726 3623 813 3709 prius
839 3622 965 3687 moenia
992 3630 1095 3707 capta,
1117 3613 1167 3682 indt

263 3724 295 3781 ta
317 3716 453 3782 claustra
477 3727 647 3804 portarum.
692 3728 724 3785 et
749 3739 823 3783 cum
848 3738 965 3803 anceps
993 3716 1090 3783 hostis
1113 3720 1166 3777 ett

196 3819 267 3877 onte
285 3820 317 3875 ct
334 3834 354 3876 a
370 3820 459 3897 tergo
478 3821 625 3898 urgueret
641 3833 700 3876 nec
717 3811 759 3876 ad
775 3834 917 3899 pugnam
933 3811 1000 3877 ulla
1016 3811 1063 3876 vis
1080 3796 1167 3872 nectl

178 3926 275 3993 agam
292 3906 353 3972 loci
371 3907 540 3991 quicquam
558 3915 745 3992 superesset,
764 3906 797 3970 in
817 3906 921 3972 medio
939 3905 1024 3972 caesi
1041 3903 1080 3970 sd
1094 3913 1166 3966 mum
