2566 4524
143 246 187 316 34
382 259 660 332 aremarensi.
681 259 933 331 [sassa-ras}

110 440 126 491 ⁷
144 436 273 486 externa
290 418 414 484 auxilia.
446 418 575 483 Etruria
593 426 659 483 erat
675 417 793 496 vicina,
815 417 950 504 proximi
966 416 1173 484 Etruscorum

142 513 302 580 Veientes.
320 514 395 577 inde
404 512 444 578 ob
453 514 596 578 residuas
610 512 763 577 bellorum
776 513 839 576 iras
852 512 988 576 maxime
1002 512 1174 578 sollicitatis

143 609 184 673 ad
201 608 410 673 defectionem
428 607 540 671 animis
557 607 749 671 voluntarios
771 616 906 683 traxere,
926 614 957 670 et
974 607 1060 691 apud
1077 628 1175 694 vagos

143 703 299 786 quosdam
308 725 348 766 ex
360 702 446 787 inopi
460 701 551 787 plebe
561 701 655 766 etiam
668 722 789 766 meroes
797 700 911 778 valuit3
923 700 1051 788 publico
1060 702 1174 766 auxilio

143 797 230 861 nullo
248 796 346 861 adiuti
360 805 432 860 sunt
444 796 603 879 valuitque
621 795 706 881 apud
714 794 863 860 Veientes
873 833 915 843 —-
924 818 997 860 nam
1012 795 1054 861 do
1067 797 1172 862 ceteris

143 891 248 955 minus
267 890 382 954 mirum
400 899 600 975 est—pacta
617 912 689 954 cum
703 889 840 954 Romulo
856 889 1049 955 indutiarum
1065 890 1153 956 fides.

111 1007 127 1055 8
213 983 297 1049 Cum
310 984 428 1049 bellum
442 985 598 1067 utrimque
613 1006 736 1048 summa
749 1006 809 1068 ope
827 992 973 1070 pararent
984 984 1128 1069 vertique
1144 985 1171 1050 in

147 1104 185 1147 eo
201 1103 254 1146 res
272 1081 439 1157 videretur,
454 1081 516 1144 utri
533 1080 620 1164 prius
640 1103 726 1144 arma
743 1080 902 1156 inferrent,
917 1090 1051 1166 occupat
1065 1081 1170 1146 Tullus

113 1197 128 1244 9
145 1177 179 1241 in
196 1198 309 1262 agrum
324 1172 478 1240 Sabinum
496 1174 638 1238 transire.
665 1196 773 1260 pugna
791 1184 880 1239 atrox
898 1176 938 1239 ad
957 1174 1070 1240 silvam
1089 1175 1172 1240 mali·

147 1272 261 1335 tiosam
279 1268 348 1345 fuit,
366 1268 422 1333 ubi
440 1277 471 1332 et
488 1269 629 1353 peditum
648 1269 774 1351 quidem
791 1268 914 1346 robore,
933 1279 1073 1334 ceterum
1092 1269 1172 1354 cqui-

97 1386 129 1434 10
147 1374 214 1429 tatu
232 1373 324 1428 aucto
341 1385 442 1448 nuper
458 1363 628 1447 plurimum
637 1362 782 1427 Romana
799 1362 882 1428 acics
900 1362 1008 1428 valuit
1036 1363 1077 1430 ab
1092 1363 1172 1448 equi-

146 1458 230 1525 tibus
248 1467 376 1544 repente
393 1457 525 1521 invectis
544 1456 660 1521 turbati
677 1458 801 1522 ordines
821 1467 894 1522 sunt
905 1455 1105 1536 Sabinorum,
1120 1466 1171 1523 n'ec

145 1576 255 1640 pugna
276 1552 388 1616 deinde
405 1551 466 1615 illis
485 1560 627 1616 constare
646 1574 704 1616 nec
717 1551 796 1639 fuga
808 1552 957 1638 explicari
975 1552 1042 1618 sine
1061 1575 1170 1640 magna

148 1648 244 1712 caede
262 1647 373 1733 potuit.

114 1764 127 1810 1
207 1740 346 1806 XXXI.
365 1740 510 1805 Devictis
522 1739 659 1818 Sabinis,
671 1761 743 1805 cum
755 1741 789 1805 in
802 1764 918 1828 magna
930 1740 1031 1827 gloria
1039 1741 1173 1828 magnis·

148 1856 210 1921 que
229 1836 343 1922 opibus
362 1858 495 1922 regnum
515 1835 599 1899 Tulli
618 1857 655 1899 ac
672 1844 738 1900 tota
754 1858 805 1900 res
823 1835 968 1900 Romana
986 1845 1079 1913 esset,
1099 1858 1174 1900 nun-

148 1931 261 1994 tiatum
282 1930 350 2015 regi
372 1928 577 2014 patribusque
600 1939 662 2007 est,
685 1930 719 1993 in
740 1939 846 1994 monte
869 1928 996 1996 Albano
1017 1928 1173 2015 lapidibus

114 2045 129 2092 2
148 2024 300 2110 pluvisse.
337 2024 511 2106 quodcum
531 2024 616 2088 credi
632 2024 686 2088 vix
704 2034 821 2109 posset,
841 2024 946 2089 missis
965 2025 1006 2088 ad
1022 2024 1057 2088 id
1074 2025 1174 2090 visen-

149 2120 226 2182 dum
243 2117 424 2204 prodigium
436 2118 470 2181 in
483 2128 653 2204 conspectu
666 2119 745 2184 haut
770 2118 860 2184 aliter
883 2141 978 2202 quam
992 2140 1066 2183 oum
1083 2142 1173 2206 gran-

148 2214 254 2276 dinem
272 2213 357 2277 venti
379 2212 584 2299 glomeratam
605 2214 638 2278 in
657 2224 754 2279 terras
776 2223 890 2300 agunt,
913 2213 1015 2280 crebri
1036 2215 1173 2280 cecidere

114 2331 129 2378 3
148 2306 235 2372 caelo
248 2307 378 2392 lapides.
406 2309 466 2373 visi
480 2309 573 2372 etiam
587 2309 694 2373 audire
707 2331 818 2374 vocem
835 2310 994 2395 ingentem
1008 2332 1049 2374 ex
1063 2307 1174 2376 summi

149 2403 320 2467 cacuminis
334 2402 416 2480 luco,
435 2413 470 2467 ut
487 2404 588 2488 patrio
606 2406 668 2468 ritu
687 2426 776 2469 sacra
784 2402 904 2469 Albani
920 2404 1069 2483 facerent,
1084 2426 1173 2489 quae,

147 2496 233 2562 velut
251 2498 310 2562 diis
330 2520 455 2582 quoque
474 2497 568 2563 simul
585 2520 657 2563 cum
678 2499 780 2583 patria
801 2499 930 2577 relictis,
955 2499 1106 2564 oblivioni
1123 2500 1174 2563 de-

147 2592 257 2656 derant
275 2601 307 2656 et
324 2602 379 2656 aut
396 2592 542 2657 Romana
560 2614 649 2657 sacra
667 2603 871 2679 susceperant
893 2603 947 2658 aut
964 2594 1122 2672 fortunae,
1141 2601 1174 2658 ut

112 2707 130 2754 4
147 2686 191 2764 fit,
211 2687 323 2752 obirati
342 2686 460 2750 cultum
477 2687 666 2770 reliquerant
682 2688 787 2752 deum.
818 2688 970 2754 Romanis
989 2711 1116 2773 quoque
1133 2687 1172 2753 ab

149 2781 260 2844 eodem
278 2781 422 2865 prodigio
439 2781 627 2845 novendiale
641 2804 765 2847 sacrum
782 2781 908 2868 publice
922 2792 1105 2869 susceptum
1118 2791 1172 2859 est

150 2896 207 2939 seu
223 2896 301 2939 voce
319 2873 447 2938 caelesti
465 2896 504 2938 ex
521 2872 647 2940 Albano
665 2886 772 2941 monte
789 2877 887 2942 missa
900 2913 942 2923 —
955 2900 1030 2942 narn
1047 2878 1082 2942 id
1099 2898 1172 2961 quo-

149 2989 210 3051 que
228 2968 360 3032 traditur
378 3004 420 3013 —
438 2990 495 3033 seu
512 2971 692 3055 aruspicum
713 2971 848 3049 monitu;
875 2971 990 3036 mansit
1012 2981 1096 3036 certe
1114 2969 1172 3036 sol-

148 3061 266 3141 lemno,
286 3073 334 3141 ut,
354 3065 542 3149 quandoque
559 3066 643 3130 idem
659 3066 840 3153 prodigium
856 3067 1060 3146 nuntiaretur,
1080 3066 1171 3132 lanae

147 3180 204 3242 per
221 3181 335 3223 novem
353 3159 420 3223 dies
439 3172 614 3246 agerentur.

115 3273 130 3320 5
211 3252 311 3318 Haud
331 3254 376 3319 ita
393 3254 491 3320 multo
508 3267 581 3340 post
602 3255 780 3342 pestilentia
801 3256 977 3321 laboratum
999 3264 1056 3322 est.
1093 3252 1172 3322 inite

149 3368 221 3410 cum
237 3347 364 3432 pigritia
376 3349 529 3413 militandi
543 3358 690 3427 oreretur,
705 3351 791 3415 nulla
805 3349 963 3416 tamenab
977 3351 1073 3416 armis
1087 3350 1171 3436 quies

149 3438 283 3504 dabatur
300 3464 319 3504 a
336 3441 486 3507 bellicoso
503 3466 592 3530 rege,
616 3444 789 3509 salubriora
811 3445 904 3509 ctiam
927 3444 1074 3510 credente
1096 3444 1172 3511 mili-

149 3534 212 3598 tiae
224 3555 320 3616 quam
337 3536 423 3599 domi
439 3537 589 3602 iuvenum
607 3561 737 3624 corpora
750 3562 830 3617 esse,
846 3540 946 3603 donec
962 3536 1032 3624 ipse
1049 3558 1173 3624 quoquc

116 3629 320 3715 elonginquo
346 3630 456 3697 morbo
478 3643 526 3697 est
560 3635 735 3720 inplicatus.
771 3645 845 3700 tunc
867 3635 945 3700 adeo
968 3635 1060 3700 fracti
1084 3632 1173 3702 simul

149 3746 222 3788 cum
244 3746 373 3809 corpore
397 3736 469 3791 sunt
491 3729 618 3814 spiritus
640 3729 684 3794 illi
707 3730 842 3806 feroces,
866 3739 913 3808 ut,
937 3729 992 3812 qui
1008 3729 1088 3794 nihil
1105 3739 1174 3795 ante

148 3827 237 3884 ratus
258 3828 343 3883 esset
364 3821 468 3886 minus
490 3824 627 3910 regium,
651 3847 746 3908 quam
770 3825 866 3889 sacris
889 3823 1003 3888 dedere
1026 3822 1174 3901 animum,

148 3924 276 3999 repente
293 3914 439 3982 omnibus
457 3920 581 4006 magnis
599 3921 767 4005 parvisque
786 3919 1060 4005 superstitionibus
1078 3918 1175 3985 obno-

116 4026 131 4075 7
148 4007 221 4074 xius
230 4008 358 4096 degeret
365 4010 632 4097 religionibusque
641 4015 734 4078 etiam
748 4015 899 4099 populum
917 4013 1060 4099 inpleret.
1078 4012 1175 4100 vulgo
