2566 4524
288 236 608 307 surannae.
628 237 866 310 [sonte-nr]
1031 229 1116 315 rsa

77 400 149 466 facto
166 398 204 476 ii,
228 396 284 481 qui
301 395 477 482 praeparati
495 407 583 461 erant
599 397 701 482 gratia
717 397 907 484 principum,
935 421 1029 481 quam
1047 422 1098 465 ro-

77 495 225 582 gationem
244 516 264 556 a
281 491 411 578 collegis
433 492 663 578 promulgatam
686 503 813 556 senatus
836 503 962 558 censeat
984 494 1098 559 dissol-

77 589 185 653 uendae
208 586 255 652 rei
277 586 423 672 publicae
445 608 530 663 esse,
557 586 586 650 ei
610 608 644 650 se
666 587 891 654 intercessuros
919 590 1096 655 ostendunt.

77 683 182 770 gratiae
201 679 462 746 intercessoribus
481 679 521 745 ab
540 691 652 744 senatu
669 691 766 745 actae.
794 681 907 747 latores
925 683 1095 769 rogationis
1115 705 1147 754 16

77 777 210 842 mationa
229 775 389 843 advocata
400 774 573 860 proditores
590 773 692 859 plebis
714 777 951 842 commodorum
973 801 1011 843 ac
1033 800 1096 843 ser-

77 895 121 937 ros
139 869 355 936 consularium
372 869 567 954 appellantes
586 869 709 953 aliaque
726 871 807 935 truci
825 872 964 936 oratione
981 872 1015 936 in
1033 872 1097 938 col-

77 989 151 1054 egas
170 965 288 1028 invecti
306 964 461 1030 actionem
478 964 659 1048 deposuere.

126 1058 392 1126 XXXXVIHI.
420 1058 473 1124 Ac
490 1059 553 1124 duo
571 1057 654 1123 bella
672 1059 839 1143 insequens
854 1084 955 1125 annus
968 1060 1097 1126 babuis—
1117 1081 1129 1126 1

81 1166 120 1233 et,
135 1178 201 1238 quo
211 1154 249 1219 P.
257 1153 422 1219 Cornelius
434 1152 564 1231 Cossus,
581 1151 769 1218 C.Valerius
779 1154 913 1232 Potitus,
930 1154 970 1237 Q.
978 1155 1098 1237 Quinc-

76 1251 128 1316 ius
139 1249 358 1326 Cincinnatus,
376 1249 415 1314 N.
425 1248 544 1314 Fabius
554 1248 731 1314 Vibulanus
746 1250 861 1314 tribuni
874 1251 1008 1315 militum
1022 1272 1097 1314 con-

77 1345 164 1409 .ulari
180 1354 336 1428 potestate
353 1342 493 1420 fuerunt,
520 1343 553 1407 ni
570 1342 688 1408 Veiens
711 1342 827 1408 bellum
850 1345 959 1430 religio
982 1344 1130 1429 prinei-2

77 1464 141 1504 tum
160 1438 344 1515 distulisset,
363 1460 495 1522 quorum
513 1461 605 1523 agros
620 1438 743 1503 Tiberis
763 1461 857 1523 super
873 1439 957 1524 ripas
977 1439 1096 1503 effusus

77 1534 202 1598 traxime
225 1532 324 1597 urinis
346 1532 489 1597 villarum
511 1532 656 1597 vastavit.
693 1532 785 1596 simul
806 1533 937 1616 Aequos
964 1533 1096 1598 triennio
1115 1550 1130 1597 3

77 1642 138 1693 ente
156 1640 288 1712 accepta
304 1626 409 1692 clades
427 1626 587 1712 prohibuit
599 1627 739 1706 Bolanis,
759 1651 834 1692 sune
852 1629 955 1714 gentis
967 1629 1096 1714 populo,

77 1722 258 1787 ›raesidium
277 1720 367 1785 ferre.
395 1720 595 1785 excursiones
608 1721 681 1784 inde
692 1721 726 1786 in
739 1722 893 1786 confinem
907 1746 1018 1808 agrum
1030 1722 1098 1786 La
1115 1743 1132 1788 4

77 1819 216 1882 nicanum
241 1814 345 1878 factae
372 1823 459 1878 erant
485 1814 638 1898 novisque
664 1815 783 1880 colonis
810 1816 926 1880 bellum
953 1817 1094 1880 inlatum.

77 1932 161 1994 quam
179 1932 296 1973 noxam
316 1930 387 1972 cum
406 1929 440 1973 se
458 1930 614 1974 consensu
632 1909 771 1974 omnium
783 1908 970 1993 Aequorum
988 1910 1097 1974 defen·
1116 1930 1131 1976 5

77 2027 158 2069 suros
180 2013 375 2089 sperassent,
402 2003 518 2067 deserti
540 2003 580 2068 ab
604 2004 669 2068 suis
691 2027 731 2070 ne
753 2004 947 2069 memorabili
969 2005 1097 2088 quidem

77 2097 150 2164 bello
166 2121 225 2184 per
242 2097 439 2162 obsidionem
455 2098 619 2181 levemque
637 2121 731 2163 unum
749 2122 888 2185 pugnam
902 2117 933 2164 et
946 2100 1097 2186 oppidum

81 2206 104 2257 et
118 2193 194 2258 fines
214 2193 356 2257 amisere.
393 2201 577 2277 temptatum
596 2191 635 2256 ab
654 2193 694 2256 L.
715 2190 824 2258 Sextio
842 2193 966 2257 tribuno
984 2193 1096 2278 plebis,
1116 2214 1131 2260 6

85 2297 108 2349 ut
122 2288 316 2374 rogationem
333 2287 436 2365 ferret,
455 2310 518 2372 qua
534 2287 631 2351 Bolas
650 2310 775 2371 quoque
794 2289 874 2353 sicut
886 2288 1026 2353 Labicos
1046 2310 1098 2352 co-

87 2376 135 2445 loni
151 2384 359 2459 mitterentur,
381 2405 437 2467 per
453 2382 709 2446 intercessionem
728 2381 931 2466 collegarum,
955 2383 1009 2465 qui
1028 2381 1098 2446 nul-

89 2469 137 2541 lm
155 2476 240 2561 plebi
263 2477 376 2541 scitum
398 2476 458 2540 nisi
480 2499 520 2540 ex
538 2476 720 2540 auctoritate
742 2487 868 2541 senatus
890 2498 1039 2560 passuros
1063 2496 1098 2539 se

93 2569 198 2648 perferri
215 2571 429 2647 ostenderunt,
449 2570 628 2635 discussum
646 2578 703 2634 est.

141 2662 221 2730 Bolis
244 2666 428 2748 insequente
454 2687 536 2729 anno
561 2664 695 2748 receptis
718 2662 824 2747 Aequi
851 2663 1033 2746 coloniaque
1061 2684 1131 2730 eor

96 2752 203 2824 deduaa
221 2760 311 2825 novis
325 2758 443 2824 viribus
462 2759 612 2844 oppidum
629 2759 800 2835 firmarunt,
819 2757 950 2822 tribunis
964 2756 1098 2820 militum

96 2845 190 2919 Romoe
207 2854 365 2920 consulari
383 2863 536 2939 potestate
551 2852 610 2918 Cn.
626 2851 772 2918 Cornelio
786 2850 900 2930 Cosso,
917 2852 959 2916 L.
971 2850 1098 2917 Valerio

96 2937 186 3026 Potito,
205 2948 246 3031 Q.
255 2947 358 3014 Fabio
371 2947 529 3013 Vibulano
542 2948 663 3025 iterum,
681 2947 729 3012 M.
738 2946 903 3013 Postumio
912 2946 1097 3033 Regillensi.

97 3032 152 3104 huic
165 3042 278 3108 bellum
296 3045 447 3108 adversus
460 3042 591 3126 Aequos
605 3043 793 3129 permissum
807 3053 863 3120 est,
882 3065 998 3127 pravae
1011 3064 1099 3105 men·
1116 3061 1132 3109 8

100 3128 129 3193 tis
142 3133 255 3215 homini,
275 3159 370 3220 quam
384 3148 488 3202 tamen
500 3137 629 3202 victoria
642 3137 743 3223 magis
757 3158 851 3219 quam
864 3135 981 3201 bellum
995 3145 1100 3199 osten-

99 3221 139 3290 dit
167 3253 235 3296 nam
253 3233 393 3297 exercitu
410 3232 532 3318 inpigre
551 3232 665 3317 scripto
683 3233 838 3314 ductoque
857 3231 897 3294 ad
910 3228 1007 3293 Bolas
1026 3250 1099 3293 oum
1117 3245 1132 3293 9

98 3312 192 3390 levibus
207 3327 336 3414 proeliis
355 3329 540 3410 Aequorum
557 3327 678 3391 animos
700 3324 862 3411 fregisset,
888 3334 1047 3409 postremo
1065 3323 1099 3388 in

98 3417 222 3496 oppidum
247 3421 373 3506 inrupit.
409 3421 522 3485 deinde
549 3419 589 3485 ab
616 3418 759 3484 hostibus
786 3419 818 3483 in
841 3419 919 3483 civis
942 3427 1100 3483 certamen

98 3513 164 3575 vertit
181 3527 225 3593 et,
254 3536 326 3578 oum
343 3515 424 3579 inter
445 3514 711 3601 oppugnationem
732 3513 881 3599 praedam
902 3512 1009 3576 militis
1031 3510 1100 3576 fore

96 3600 234 3686 edixisset,
258 3621 350 3694 capto
368 3609 483 3696 oppido
503 3609 598 3673 fidem
614 3608 757 3673 mutavit.
793 3630 863 3672 eam
880 3607 982 3694 magis
1001 3607 1100 3672 addu-
1119 3624 1152 3673 ιο

95 3713 134 3762 tor
150 3719 182 3767 ut
203 3704 330 3769 credam
352 3705 416 3769 irae
438 3727 566 3770 oausam
588 3702 738 3768 exercitui
759 3702 872 3781 fuisse,
899 3725 995 3787 quam
1017 3699 1102 3785 quod

92 3783 203 3863 iube
225 3821 327 3883 nuper
348 3799 468 3885 direpta
493 3799 677 3882 coloniaque
703 3820 786 3862 nova
811 3798 915 3862 minus
940 3797 1101 3883 praedica·

91 3884 157 3957 lione
178 3893 296 3959 tribuni
317 3895 450 3979 praedae
472 3895 575 3960 fuerit.
611 3893 698 3958 auxit
719 3915 788 3959 eam
814 3893 907 3971 iram,
934 3902 1101 3977 postquam
1120 3905 1150 3952 11

86 3979 118 4049 ab
133 3989 260 4074 collegis
278 3997 445 4055 arcessitus
462 3999 590 4076 propter
608 3988 776 4054 seditiones
798 3987 979 4053 tribunicias
1001 3983 1034 4047 in
1050 4002 1102 4044 ur-
1128 4067 1130 4072 Ι
