2566 4524
194 247 258 313 374
408 254 527 309 LIBER
544 252 615 323 vn,
632 251 674 307 ιι.
688 251 730 307 25.
749 250 930 322 [raason
941 248 1008 325 sos]

193 418 344 482 victorem
365 412 490 479 hostem
511 410 623 477 ciebat
660 410 806 496 stetitque
828 432 999 497 suppresso
1022 412 1137 501 impetu
1150 414 1198 482 Rc

160 532 175 581 a
193 533 321 589 manus,
349 518 380 575 ct
401 509 477 594 quia
496 508 610 574 iterum
631 505 727 573 fessis
750 504 914 573 subeunda
931 507 1091 577 dimicatio
1107 519 1168 577 erat
1178 519 1201 577 st

193 606 280 691 quod
297 604 421 683 consul,
448 603 592 669 dum't
546 626 579 667 m
580 612 627 668 ter
646 601 800 688 primores
821 602 968 669 incautus
992 604 1106 692 agitat,
1129 604 1201 673 locro
1246 642 1250 707 3

193 721 303 766 umero
329 697 442 765 matari
461 718 559 784 prope
581 696 712 763 naiecto
733 706 871 763 cesserat
891 718 1064 785 parumper
1086 721 1126 767 ex
1144 700 1202 768 aeis.

159 814 177 860 4
194 815 319 879 namque
336 792 454 859 omissa
471 791 649 858 cunctando
667 790 797 857 victoria
818 799 901 870 erat,
926 813 1002 859 cum
1025 793 1134 861 consul
1152 792 1250 869 vul-j

193 910 268 955 nere
286 887 415 975 alligato
431 895 575 953 revectus
592 886 634 953 ad
650 886 753 972 prima
769 885 875 973 ιίςιιιιι
893 886 987 971 ‘quid
1001 896 1085 967 stas,
1101 886 1203 959 mlcsl’
1248 888 1250 895 ’

193 983 309 1067 inquit;
333 988 410 1047 ‘non
428 1003 502 1047 cum
517 980 636 1046 Latino
655 978 838 1065 Sabinoque
854 979 947 1047 hoste
967 1005 1021 1049 res
1044 992 1108 1063 est,
1127 1004 1250 1068 quen
1246 958 1250 1037 l

160 1097 176 1145 o
194 1078 312 1143 victum
330 1076 426 1142 armis
445 1076 565 1141 socium
582 1097 622 1141 ex
635 1075 725 1142 hoste
738 1074 880 1141 sanias:
869 1097 904 1140 m
916 1073 1029 1145 beluas
1044 1078 1207 1145 struximus
1245 1072 1250 1169 l

194 1172 329 1250 ferrum,
345 1169 537 1237 hauriendus
556 1179 610 1236 aut
627 1170 750 1235 dandus
769 1179 818 1236 est
836 1171 976 1258 sanguis.
1003 1172 1208 1259 propulistisa

194 1266 319 1345 matris,
339 1266 452 1352 supina
468 1264 550 1331 valle
567 1264 754 1351 praecipites
773 1262 898 1350 egistis,
916 1265 1024 1333 stratis
1043 1265 1208 1354 corporibus

194 1361 334 1426 hostium
352 1359 551 1446 superstatis3
574 1357 728 1444 complete
746 1358 858 1425 eadem
875 1368 981 1445 strage
999 1382 1145 1447 campos,
1160 1382 1210 1447 qua

162 1475 177 1522 6
195 1455 310 1521 montis
332 1455 485 1542 replestis.
521 1451 617 1519 nolite
639 1461 836 1539 exspectare,
863 1452 940 1517 dum
961 1462 1084 1523 stantes
1101 1478 1157 1523 vos
1171 1453 1209 1519 iu

163 1568 177 1614 ι
195 1550 283 1636 giant
288 1574 298 1628 3
320 1548 484 1615 inferenda
501 1557 575 1614 sunt
591 1548 684 1635 signa
701 1557 733 1613 et
750 1546 929 1613 vadendum
945 1547 979 1613 in
996 1548 1142 1617 hostem’
1171 1547 1210 1615 bis

196 1642 466 1709 adhortationibus
488 1643 602 1709 iterum
624 1642 723 1708 coorti
743 1641 864 1728 pellunt
884 1641 955 1709 loco
979 1643 1103 1729 pmmos
1128 1642 1209 1711 mui-

193 1738 286 1826 pulos
297 1735 475 1816 Gallorum,
494 1737 603 1803 cuneis
616 1736 730 1803 deinde
743 1737 777 1802 in
793 1737 933 1803 medium
951 1761 1071 1825 agmen
1086 1760 1209 1826 perrun-

161 1843 283 1922 spunt.
326 1832 401 1899 inda
422 1831 548 1899 barbari
573 1831 731 1918 dissipati,
757 1830 873 1916 quibus
897 1853 958 1899 nee
983 1842 1073 1899 certa
1096 1831 1209 1921 imperia

195 1948 255 1993 nee
276 1927 373 1993 duces
395 1935 515 2004 essent,
542 1934 667 1991 vertunt
688 1926 841 2012 impetum
861 1926 896 1991 in
912 1947 1004 2004 suos,
1027 1926 1153 2013 fusique
1166 1945 1210 2013 pu

195 2016 1209 2199 stabulataittatldttttttaqt

1147 2164 1157 2197 2

162 2226 177 2274 9
196 2230 266 2274 cern
282 2206 442 2275 Albanam
464 2217 583 2295 petunt
620 2209 731 2275 consul
752 2230 816 2275 non
833 2208 915 2277 ultra
931 2219 1038 2275 casua
1054 2210 1208 2285 meseum,

195 2303 272 2388 quia
293 2313 325 2371 et
345 2303 460 2370 vulnus
483 2302 677 2392 degravabat
694 2313 726 2369 et
744 2303 886 2371 subicere
903 2304 1081 2371 exercitum
1099 2301 1207 2371 minuit

195 2398 236 2464 ab
254 2397 344 2466 hoste
362 2398 522 2486 occupatis
540 2398 680 2478 nolebat,
703 2398 822 2485 praeda
839 2397 925 2464 omni
942 2408 1121 2467 castrorum
1137 2394 1208 2465 militi

195 2491 270 2559 data
300 2493 451 2559 victorem
482 2493 653 2559 exercitum
683 2492 929 2579 opulentumque
956 2489 1094 2561 Gallicis
1120 2490 1208 2581 spoliis

146 2604 178 2654 10
195 2587 331 2654 Romam
347 2589 481 2655 reduxit.
518 2611 639 2654 moram
655 2587 814 2676 triumpho
832 2587 947 2654 vulnus
965 2589 1109 2657 consulis
1126 2584 1209 2655 aaut

196 2683 369 2767 cademque
396 2706 493 2748 causa
518 2683 678 2748 dictatoris
705 2681 896 2749 desiderium
923 2683 1050 2749 ansas
1077 2683 1208 2761 feeit,nt
1247 2720 1250 2763 ;

146 2791 177 2839 11
196 2785 281 2841 esset
302 2777 358 2861 qui
379 2777 482 2862 aegris
506 2776 686 2844 consulibus
709 2776 835 2843 canitia
855 2774 996 2842 haberet.
1034 2772 1207 2844 dictatorla

194 2869 313 2934 Furius
333 2867 487 2935 Camillus
506 2872 622 2950 dictus,
642 2871 748 2938 addito
766 2870 918 2958 magistro
936 2872 1083 2956 equitum
1095 2871 1133 2939 P.
1148 2868 1207 2937 Cor·
1246 2940 1250 2953 ¹

194 2963 279 3030 nelio
298 2962 460 3053 Scipione,
483 2967 619 3034 reddidit
639 2966 782 3054 patribus
804 2967 1042 3054 possessionem
1063 2968 1207 3055 pristinu
1246 3034 1250 3047 ,

195 3059 387 3126 consulatum.
432 3061 500 3148 ipse
527 3061 567 3129 ob
593 3062 628 3127 id
652 3063 798 3128 meritum
823 3062 944 3148 ingenti
969 3071 1101 3147 patriam
1125 3056 1206 3129 sntio
1246 3098 1250 3141 ι,

196 3164 318 3220 creatus
336 3156 447 3222 consul
464 3155 619 3242 collegam
635 3154 701 3242 Ap.
722 3154 892 3222 Claudium
910 3153 1069 3223 Crassum
1087 3155 1169 3223 dixit

106 3318 109 3327 ,
162 3273 176 3320 1
258 3248 373 3317 XXV.
405 3249 595 3335 Priusquam
608 3250 722 3317 inirent
738 3250 813 3316 novi
829 3249 976 3317 consules
995 3251 1204 3353 magistram
1245 3283 1250 3325 ;

106 3354 114 3435 ]
195 3344 372 3429 triumphus
391 3368 411 3410 a
427 3343 552 3431 Popilio
570 3345 610 3411 de
625 3342 726 3413 Gallis
744 3354 832 3410 actus
850 3366 967 3431 magno
986 3343 1100 3411 favore
1114 3338 1203 3430 plcllt
1245 3336 1250 3369 ²

94 3460 107 3511 ι,
195 3448 437 3523 mussantesque
455 3440 536 3504 inter
553 3461 588 3505 se
605 3438 797 3526 rogitabant,
816 3459 1003 3522 numquam
1020 3437 1137 3525 plebeii
1151 3452 1203 3501 oca·
1245 3478 1250 3523 :

161 3530 274 3600 usulis
296 3532 478 3617 paeniteret
515 3533 608 3599 simul
630 3534 694 3600 dict
682 3542 814 3599 tatonem
830 3531 1054 3619 increpabant,
1077 3554 1130 3618 qm
1119 3522 1202 3613 'lai

195 3625 341 3692 Liciniae
359 3637 481 3713 spretae
498 3628 675 3694 mercedem
690 3627 831 3694 consulat
818 3636 886 3692 tum
919 3627 1045 3715 privata
1059 3626 1201 3714 supinat
1244 3672 1250 3711 ἑ

112 3722 116 3786 ζ
195 3741 292 3807 quam
313 3720 471 3808 publica
461 3723 575 3790 iniuria
595 3724 768 3792 foediorem
786 3722 936 3809 cepisset,
958 3731 997 3787 ut
1015 3723 1135 3809 seipse
1148 3732 1201 3785 coa·

98 3813 115 3909 'j‘
162 3815 297 3974 aculem
323 3815 421 3882 dictat
409 3826 458 3882 tor
483 3828 612 3885 crearet
651 3841 752 3887 annus
771 3816 886 3901 multis
907 3816 1070 3903 variisque
1090 3809 1200 3883 muta

195 3909 424 3999 funinsignis.
470 3909 556 3979 Galli
582 3936 622 3979 ex
643 3912 779 3980 Albanis
806 3909 983 3991 montibus,
1015 3910 1113 3997 quia
1108 3897 1200 3975 hium'!
1247 3962 1250 3993 ,

129 4059 131 4064 ,
193 4004 261 4070 vim
277 4007 344 4094 pati
360 4007 578 4092 nequiverant,
596 4031 654 4097 per
671 4031 799 4096 campos
817 4007 1050 4093 maritumaque
1065 4006 1133 4073 locs
1146 3988 1199 4079 vntl
1245 4040 1250 4085 ι
