2566 4524
131 249 201 321 396
420 261 537 317 muru
555 260 639 328 iun,
659 261 684 316 1.
704 264 741 330 [a.
749 276 777 316 u.
788 277 812 317 ο.
820 260 887 332 413]

421 506 642 589 [sumbone
657 510 767 569 cmm
781 506 888 588 vm]

191 639 301 710 [Latini
315 657 379 695 cum
392 638 545 710 Campanis
560 638 691 696 defecere
705 645 735 696 et
750 639 844 694 missis
861 640 969 711 legatis
986 640 1026 696 ad
1042 646 1147 697 seurtm

137 718 488 789 condicionem‘tuleruut,
505 723 551 789 ut,
571 718 596 772 si
612 734 714 788 pacem
730 717 838 773 babere
856 718 981 790 vellent,
1000 719 1109 776 altorum
1120 736 1148 775 ex

136 795 249 851 Latinis
264 795 410 851 consulem
423 795 561 851 facerent
585 813 641 868 qua
654 795 801 867 legatione
814 795 930 867 perlata
942 802 1061 867 praetor
1071 815 1149 857 ooruu

137 872 249 926 Annius
263 871 299 929 do
309 870 451 944 Capitolio
464 873 506 929 ita
518 873 670 944 prolapsus
685 878 742 943 est,
759 877 794 927 ut
806 873 1026 931 exanimaretur.
1045 874 1150 931 ultu-

136 950 193 1005 lius
213 951 314 1007 consul
331 949 435 1021 filium,
458 952 536 1024 quod
555 956 655 1007 contra
672 950 796 1005 edictum
814 950 875 1007 eius
893 952 1036 1009 adversus
1048 952 1152 1017 Ictinos

135 1034 330 1100 pugnaverat,
345 1028 474 1100 quamvis
482 1045 620 1100 prospero
629 1032 800 1099 pugnasset,
816 1028 910 1083 securi
918 1028 1071 1100 percussit.
1083 1030 1153 1085 lsbo·

135 1105 266 1161 rantibus
283 1105 314 1161 in
332 1105 395 1162 acie
412 1106 549 1162 Romanis
567 1106 600 1160 P.
614 1105 736 1176 Decius,
759 1111 828 1160 tunc
847 1106 953 1162 consul
970 1122 1038 1163 oum
1052 1106 1153 1179 blsubo,

137 1184 254 1239 devovit
266 1200 298 1239 se
311 1200 365 1257 pro
380 1185 507 1242 exercitu
521 1190 564 1254 et,
584 1184 727 1240 concitato
741 1200 816 1256 equo
831 1201 896 1240 oum
908 1185 941 1241 in
954 1186 1154 1243 medicabortu

138 1277 169 1317 se
182 1261 329 1319 intulisset
337 1262 524 1333 interfectus,
541 1267 632 1318 morte
651 1278 703 1317 sua
715 1261 852 1317 Romanis
869 1263 1025 1321 victoriam
1041 1263 1154 1321 restituit

136 1339 615 1397 Latiniiudeditionemvenerunt
646 1340 684 1397 Τ.
695 1339 954 1397 Manlioinurbem
961 1358 1079 1399 reverso
1086 1356 1154 1399 ueuo

136 1435 172 1474 ex
188 1418 338 1475 iuventute
360 1418 474 1475 obviam
494 1418 643 1488 processit
680 1416 806 1473 Minucia
822 1417 905 1489 virgo
923 1417 1055 1476 Vestalis
1070 1418 1155 1479 meso

138 1497 273 1551 damnata
291 1501 343 1553 est
377 1493 543 1551 Ausonibus
561 1495 644 1550 victis
662 1495 693 1549 in
707 1494 844 1567 oppidum
858 1510 894 1551 ex
906 1495 943 1549 iis
958 1502 1075 1569 captum
1087 1495 1155 1553 Gales

137 1573 252 1629 colonia
270 1573 394 1630 deducta
413 1579 469 1630 est:
486 1574 555 1629 item
568 1573 720 1644 Fregellae
739 1573 853 1629 colonia
866 1573 996 1631 deducta
1009 1581 1063 1633 ost
1085 1590 1154 1633 roos·

136 1649 232 1706 ficium
242 1651 420 1721 conplurium
433 1657 626 1707 matronarum
641 1649 848 1720 deprehensum
860 1655 919 1722 est,
938 1667 976 1707 ex
991 1653 1095 1725 quibus
1104 1652 1154 1724 plu·

135 1729 224 1786 rimae
243 1729 339 1786 statim
359 1729 451 1802 epotis
469 1728 705 1786 medicaminibus
721 1728 874 1799 perierunt
908 1729 957 1785 lex
975 1731 1015 1805 de
1032 1729 1154 1787 venalicio

134 1813 205 1863 tunc
222 1807 343 1878 primum
361 1807 518 1864 constituta
540 1812 591 1863 est
625 1806 855 1878 Priuernatibus,
883 1823 948 1862 oum
968 1808 1153 1877 rebellassent.

135 1885 219 1939 victis
239 1885 339 1941 civitas
359 1884 427 1940 date
445 1891 497 1940 est
533 1882 718 1954 Neapolitani
735 1883 813 1939 bello
834 1889 865 1939 et
882 1884 1039 1942 obsidione
1057 1884 1153 1941 ricti'u

136 1962 311 2018 deditionem
326 1968 473 2018 venerunt.
512 1961 546 2028 Q.
560 1961 701 2033 Publilio,
720 1961 769 2034 qui
781 1978 832 2017 eos
847 1963 1019 2035 obsederat,
1036 1962 1153 2037 primoot

24 2080 28 2093 .
134 2039 281 2110 imperium
290 2039 434 2110 prolatum
444 2044 527 2095 estet
538 2057 590 2110 pro
606 2040 723 2095 consule
736 2038 897 2110 triumphus
912 2040 1059 2097 decretus.
1082 2039 1151 2112 plobt

134 2133 210 2172 nexu
226 2117 350 2172 liberata
369 2122 414 2172 est
431 2122 549 2188 propter
562 2117 596 2173 L.
609 2117 709 2188 Papiri
726 2116 874 2173 creditoris
892 2116 1058 2189 libidinem,
1075 2115 1150 2190 quid

115 2256 119 2261 .
134 2193 262 2249 Publilio
278 2194 403 2250 debitori
418 2211 469 2250 suo
485 2201 612 2268 stuprum
624 2195 732 2252 inferre
745 2196 884 2252 voluerat.
907 2212 974 2251 cum
986 2194 1025 2251 L.
1037 2194 1149 2269 Papirius

136 2269 242 2326 Cursor
260 2273 384 2328 dictator
400 2289 532 2329 reversus
549 2273 580 2328 in
592 2274 693 2329 urbem
706 2274 744 2328 ab
760 2272 886 2330 exercitu
900 2278 981 2328 esset
992 2278 1148 2346 propterer-

135 2349 226 2420 spioia
244 2352 414 2422 repetenda,
433 2350 466 2417 Q.
480 2350 589 2406 Fabius
606 2350 743 2422 magister
762 2349 902 2424 equitum,
922 2350 1076 2406 occasione
1089 2350 1147 2407 bns

135 2428 279 2499 gerendae
297 2429 339 2484 rei
356 2428 507 2498 invitatus,
531 2433 631 2483 contra
649 2427 774 2483 edictum
794 2427 855 2483 eius
872 2443 1014 2499 prospere
1032 2429 1144 2483 advenis

135 2504 277 2561 Samnites
293 2507 442 2577 pugnavit.
474 2506 511 2561 ob
533 2521 595 2560 enm
614 2521 731 2560 causum
749 2522 812 2561 cum
831 2504 958 2561 dictator
976 2505 1014 2560 de
1031 2503 1142 2575 magistro

134 2584 261 2655 equitum
272 2584 442 2655 supplicium
452 2588 614 2653 sumpturus
623 2583 775 2653 videretur,
789 2582 898 2638 Fabius
907 2582 1032 2639 Romam
1039 2576 1141 2653 profudi

135 2668 177 2733 et,
198 2679 260 2717 cum
269 2679 370 2733 parum
381 2679 468 2718 causa
476 2660 643 2733 proficeret,
657 2661 758 2733 populi
766 2660 900 2732 precibus
911 2661 1036 2718 donatus
1046 2663 1091 2715 est
1106 2668 1137 2710 res
1177 2670 1181 2679 ’

132 2745 283 2812 praeterea
293 2746 393 2796 contre
403 2739 544 2796 Samnites
553 2756 689 2812 prospere
699 2744 796 2811 gestas
807 2739 956 2819 continet]
1023 2794 1026 2799 ,
1185 2752 1188 2762 ·

513 3053 630 3137 ΤΙΤΙ
656 3053 781 3136 LIVI

374 3211 442 3273 ln
478 3212 626 3273 vnnu
663 3210 927 3274 cossurus

527 3384 656 3445 LIBER
678 3383 767 3445 VIII.

99 3555 113 3602 1
195 3532 223 3599 Ι.
263 3533 333 3600 Iam
352 3534 497 3601 consules
516 3543 604 3601 erant
623 3532 661 3599 O.
680 3533 825 3599 Plautius
843 3532 974 3615 iterum,
996 3535 1039 3600 L.
1055 3522 1134 3601 Aui
1172 3528 1184 3541 ’“

130 3627 193 3693 lius
214 3626 412 3708 Mamercus,
444 3651 517 3696 oum
545 3627 646 3696 Setini
671 3627 875 3712 Norbanique
900 3628 1041 3696 Romam
1063 3615 1136 3695 nuuffi

132 3720 316 3790 defectionis
334 3723 566 3791 Privernatium
584 3744 657 3790 oum
674 3722 877 3808 querimoniis
895 3733 1046 3811 acceptae
1066 3714 1137 3789 cludit

97 3835 114 3887 2
131 3827 292 3886 venerunt.
320 3817 510 3886 Volscorum
528 3818 603 3884 item
622 3818 793 3884 exercitum
811 3819 892 3885 duce
905 3817 1034 3886 Antiati
1048 3808 1140 3906 poplfll

131 3915 313 3980 consedisse
340 3914 381 3978 ad
404 3911 562 3980 Satricum
589 3914 728 3979 adlatum
754 3920 811 3977 est.
856 3921 1029 4001 utrumque
1049 3910 1142 3979 bellum

99 4023 116 4074 8
130 4005 257 4075 Plautio
271 4016 355 4074 sorte
369 4008 463 4075 venit.
482 4010 570 4096 prius
584 4010 625 4075 ad
633 4007 821 4074 Privernum
828 4007 994 4095 profectus
1008 4000 1144 4092 extemplo
