2566 4524
298 278 417 334 Lissa
433 278 617 349 vn‚11.1a
639 277 874 350 [acas-ass]
1040 271 1101 337 361
1215 244 1219 250 ⁵

87 436 168 504 simul
187 458 260 502 cum
276 436 316 501 iis
334 435 415 501 intra
431 445 538 522 portas
557 437 781 524 conpelluntur.
819 439 944 526 egregie
966 463 1040 506 cum
1061 443 1101 509 ab
1119 461 1136 511 8

85 535 227 599 dictatore
253 542 322 596 tum
348 530 388 596 ab
411 530 612 598 consuleres
634 541 725 618 gesta
747 541 804 597 est.
841 542 873 599 et
894 536 1004 600 consul
1024 536 1103 602 alter

83 628 193 695 Fabius
224 625 352 713 proeliis
382 625 519 711 primum
549 627 668 713 parvis,
703 637 863 712 postremo
893 651 957 694 una
986 630 1104 718 insigni

81 746 194 811 pugna,
223 743 296 786 cum
321 719 428 786 hostes
456 721 529 786 totis
555 722 656 787 adorti
677 722 775 807 copiis
798 733 918 802 essent,
945 722 1102 791 Hernicos

82 817 222 884 devincit.
258 815 390 881 dictator
412 814 595 881 consulibus
616 815 650 880 in
673 825 784 881 senatu
802 825 833 883 et
850 818 934 905 apud
950 820 1103 905 populum
1120 837 1137 887 9

82 911 242 999 magnifice
269 909 463 976 conlaudatis
490 918 521 976 et
547 933 675 976 suarum
697 932 823 995 quoque
843 933 949 977 rerum
970 912 1032 979 illis
1054 936 1103 980 re·

81 1008 170 1073 misso
188 1006 309 1071 honore
325 1004 479 1069 dictatura
497 1026 531 1071 se
553 1004 719 1070 abdicavit.
756 1004 918 1071 Poetelius
940 1006 980 1072 de
999 1005 1100 1074 Gallis

82 1100 323 1183 Tiburtibusque
346 1099 508 1186 geminum
529 1099 723 1184 triumphum
741 1098 818 1185 egit,
841 1099 942 1165 Fabio
961 1102 1036 1166 satis
1055 1102 1102 1173 vi-

83 1217 159 1273 sum,
182 1203 218 1258 ut
235 1216 334 1259 ovans
352 1192 463 1258 urbem
480 1192 580 1257 iniret.
616 1192 750 1258 inridere
767 1191 889 1258 Poeteli
910 1193 1103 1280 triumphum
1121 1216 1152 1263 10

83 1289 238 1354 Tiburtes:
266 1287 321 1353 ubi
343 1287 427 1352 enim
449 1309 522 1351 eum
540 1309 648 1352 secum
670 1288 736 1352 acie
759 1287 956 1353 conflixisse?
982 1298 1103 1374 specta-

82 1393 158 1449 tores
175 1405 294 1469 paucos
312 1381 408 1468 fugae
425 1381 703 1467 trepidationisque
717 1379 881 1448 Gallorum
895 1391 983 1447 extra
995 1392 1102 1468 portas

81 1500 235 1564 egressos,
254 1489 423 1563 postquam
437 1476 517 1542 inse
531 1498 656 1561 quoque
669 1477 737 1541 fieri
750 1476 902 1563 impetum
918 1477 1054 1544 viderint
1071 1487 1103 1542 et

80 1573 143 1637 siue
167 1572 348 1637 discrimine
370 1570 480 1637 obvios
502 1571 605 1649 caedi,
631 1572 788 1657 recepisse
814 1593 850 1637 se
874 1573 956 1637 intra
981 1572 1101 1638 urbem.

79 1687 145 1731 eam
170 1689 239 1731 rem
264 1665 422 1752 triumpho
449 1665 577 1751 dignam
602 1665 704 1731 uisam
730 1666 892 1732 Romanis.
936 1688 976 1732 ne
1006 1667 1150 1733 nimian

77 1763 189 1826 mirum
214 1781 429 1847 magnumque
456 1769 619 1825 censerent
645 1761 814 1825 tumultum
841 1760 962 1825 exciere
986 1761 1022 1825 in
1046 1761 1104 1825 ho-

78 1857 170 1921 stium
192 1856 306 1941 portis,
334 1855 484 1920 maiorem
505 1855 592 1941 ipsos
614 1855 853 1940 trepidationem
879 1862 952 1919 ante
971 1854 1102 1919 ¹moenia

78 1972 134 2015 sua
151 1950 285 2015 visuros.

137 2045 221 2110 XIL
265 2043 378 2127 Itaque
407 2044 585 2126 insequenti
615 2065 696 2108 anno
722 2043 770 2107 M.
797 2042 922 2129 Popilio
947 2044 1100 2120 Laenate,
1122 2065 1134 2110 1

77 2139 136 2205 Cn.
157 2139 282 2203 Manlio
310 2137 491 2203 consulibus
517 2137 619 2222 primo
647 2137 769 2202 silentio
796 2111 896 2203 doctis
920 2137 960 2203 ab
983 2136 1102 2202 Tibure

77 2235 202 2322 agmine
219 2233 335 2298 infesto
352 2231 484 2318 profecti
502 2231 542 2296 ad
559 2230 670 2295 urbem
688 2231 824 2295 Romam
840 2240 1002 2295 venerunt.
1038 2239 1100 2295 ter·
1118 2250 1135 2295 2

77 2351 177 2396 rorem
199 2337 327 2415 repente
346 2349 386 2392 ex
403 2349 514 2392 somno
533 2325 676 2390 excitatis
695 2325 798 2390 subita
814 2347 865 2390 res
884 2334 915 2389 et
931 2332 1102 2390 nocturnus

77 2444 172 2510 pavor
193 2422 352 2509 praebuit,
379 2420 502 2486 adhoc
524 2418 692 2484 multorum
714 2417 852 2496 inscitia,
875 2417 930 2501 qui
947 2426 1002 2482 aut
1018 2417 1102 2482 unde

77 2515 180 2584 hostes
196 2515 406 2582 advenissent.
438 2513 668 2580 conclamatum
681 2521 787 2578 tamen
800 2511 941 2577 celeriter
958 2511 999 2577 sd
1016 2534 1103 2576 arma
1121 2531 1136 2577 3

77 2622 138 2691 est,
163 2623 196 2677 et
216 2620 328 2697 portae
354 2608 540 2675 stationibus
567 2608 710 2692 murique
731 2606 896 2694 praesidiis
917 2605 1045 2684 firmati3
1072 2614 1104 2670 et

77 2706 129 2773 ubi
145 2706 249 2794 prima
269 2705 325 2770 lux
346 2704 537 2769 mediocrem
558 2702 789 2768 multitudinem
811 2710 883 2767 ante
904 2700 1028 2767 moenia
1048 2721 1103 2764 ne-

77 2824 135 2888 que
154 2802 253 2867 alium
265 2822 362 2884 quam
376 2798 540 2865 Tiburtem
552 2798 678 2865 hostem
696 2797 845 2876 ostendit,
864 2797 987 2863 duabus
1005 2796 1103 2883 portis

77 2896 197 2985 egressi
218 2895 363 2961 consules
385 2894 542 2978 utrimque
564 2893 665 2959 aciem
688 2891 890 2958 subeuntium
911 2892 975 2956 iam
995 2913 1103 2956 muros

77 2991 315 3079 adgrediuntur:
338 2989 557 3074 apparuitque,
575 2987 739 3053 occasione
757 2986 859 3072 magis
876 3007 973 3069 quam
990 2985 1104 3050 virtute
1122 3001 1139 3048 4

77 3078 175 3143 fretos
201 3076 342 3153 venisse;
374 3075 453 3140 adeo
478 3073 533 3139 vix
558 3073 695 3159 primurn
715 3073 867 3155 impeturn
888 3071 1104 3136 Romanorum
1221 3122 1224 3126 Δ

77 3169 263 3236 sustinuere.
299 3168 376 3252 quin
402 3168 496 3232 etiam
521 3166 605 3233 bono
624 3164 730 3230 'fuisse
756 3162 908 3228 Romanis
934 3161 1104 3227 adventum

77 3285 184 3331 eorum
208 3261 373 3328 constabat
390 3261 602 3345 orientemque
619 3259 682 3324 ism
701 3257 884 3322 seditionem
901 3255 982 3320 inter
997 3262 1103 3340 patres

77 3369 102 3426 et
119 3356 252 3446 plebem
268 3365 354 3420 metu
371 3364 436 3420 tam
452 3353 619 3441 propinqui
637 3351 711 3418 belli
730 3371 940 3436 conpressam.

135 3451 235 3519 Alius
253 3451 406 3516 adventus
424 3448 564 3514 hostium
580 3447 642 3512 fuit
658 3445 800 3532 proximo
818 3443 901 3509 bello
919 3443 1003 3531 agris
1017 3443 1104 3509 terri-
1122 3459 1137 3510 5

77 3549 166 3616 bilior
184 3568 281 3631 quam
297 3543 383 3610 urbi:
405 3541 620 3629 populabundi
633 3537 877 3624 Tarquinienses
894 3535 973 3604 fines
986 3536 1104 3604 Roma·
1123 3557 1139 3605 6

77 3665 143 3722 nos,
161 3639 302 3706 maxime
315 3659 379 3723 qua
392 3659 432 3702 ex
445 3646 533 3723 parte
541 3634 701 3700 Etruriam
715 3633 867 3709 adiacent,
885 3653 1103 3719 peragravere.

77 3736 247 3821 rebusque·
255 3732 446 3817 nequiquam
463 3730 602 3818 repetitis
620 3728 695 3794 novi
712 3725 857 3794 consules
874 3725 914 3792 iis
933 3724 971 3791 C.
984 3724 1104 3791 Fabius

77 3840 102 3898 et
119 3829 163 3898 C.
180 3827 328 3895 Plautius
346 3826 436 3892 iussu
451 3824 562 3912 populi
578 3823 697 3890 bellum
714 3821 868 3900 indixere,
885 3819 1048 3903 Fabioque
1066 3839 1104 3880 ea

77 3923 252 4013 provincia,
270 3919 397 3987 Plautio
415 3918 548 3984 Hernici
565 3939 707 3983 evenere.

140 4013 259 4084 Gallici
284 4035 410 4101 quoque
437 4011 511 4080 belli
536 4010 623 4078 fama
647 4008 906 4080 increbrescebat.
942 4003 998 4071 sed
1022 4002 1137 4070 interr
1163 3995 1167 4003 ’
