2566 4524
148 234 212 300 372
363 243 568 313 n1nnuv11,
587 244 628 297 21.
642 243 684 297 aa.
703 246 779 312 [au.
791 242 885 299 eros.
897 242 963 315 404]

115 427 129 477 t
214 403 329 469 Terror
345 402 418 467 inde
436 424 537 467 vanus
555 400 631 467 belli
647 400 789 480 Etrusci,
808 423 883 466 eum
901 401 1077 471 coniurasse
1093 403 1150 470 duo·

147 498 250 564 decim
268 496 402 585 populos
420 496 506 561 fama
523 505 621 575 esset,
645 495 828 561 dictatorem
846 495 909 561 dici
925 498 1039 585 coegit.
1072 498 1151 565 dictus

147 594 181 658 in
207 593 317 658 castris
340 629 382 639 —
405 613 442 656 eo
465 590 548 655 enim
570 591 611 656 ad
632 589 776 657 consules
798 589 932 656 missum
955 600 1080 659 senatus
1100 614 1154 660 ccu-

138 688 267 754 ‘sultum
289 695 397 752 est-
420 682 458 751 O.
476 685 592 765 Iulius,
620 684 672 750 cui
693 684 843 773 magister
868 686 1012 771 equitum
1037 687 1154 754 adiectus

147 783 190 847 L.
208 780 375 847 Aemilius.
420 788 559 845 ceterum
577 779 654 845 foris
672 779 839 864 tranquilla
856 780 964 846 omnia
980 780 1078 849 fuere.
1188 840 1190 849 .

116 897 129 943 1
212 874 332 940 XXIL
373 873 576 960 Temptatum
602 872 688 938 domi
712 895 770 960 per
796 874 998 957 dictatorem,
1024 884 1060 943 ut
1081 874 1155 943 ambo

147 970 271 1056 patricii
288 966 434 1034 consules
453 975 640 1047 crearentur,
658 989 727 1033 rem
740 968 781 1033 ad
793 967 1010 1056 interregnum
1022 968 1156 1059 perduxit.
1185 970 1190 1063 1ἱ

115 1064 211 1130 uduo
232 1063 404 1150 interreges
424 1060 463 1128 C.
483 1059 643 1148 Sulpicius
667 1070 698 1126 et
715 1060 763 1127 M.
780 1061 901 1129 Fabius
923 1063 1098 1151 interpositi
1116 1061 1158 1129 ob

148 1157 283 1236 tinuere‚
301 1157 387 1241 quod
400 1156 532 1221 dictator
543 1155 660 1221 frustra
674 1155 855 1234 tetenderat,
874 1156 998 1223 mitiore
1011 1158 1075 1223 iam
1086 1156 1158 1245 plebe

148 1251 189 1320 ob
216 1274 325 1319 recens
351 1252 498 1317 meritum
522 1250 618 1316 levati
644 1251 725 1316 aeris
749 1250 855 1330 alieni,
883 1259 919 1317 ut
940 1252 1038 1319 ambo
1058 1250 1158 1340 patricii

114 1368 130 1417 a
149 1347 294 1413 consules
312 1355 499 1413 crearentur.
536 1345 633 1412 creati
650 1345 719 1432 ipse
733 1343 772 1412 O.
784 1342 946 1432 Sulpicius
961 1346 1104 1427 Peticus,
1119 1344 1159 1431 qni

147 1441 233 1528 prior
254 1442 433 1529 interregno
455 1439 545 1519 abiit,
572 1448 604 1504 et
626 1437 665 1504 Τ.
686 1438 854 1523 Quinctius
875 1438 1025 1521 Pennus;
1053 1441 1158 1526 quidm

115 1555 132 1602 4
151 1534 342 1614 Caesonem,
370 1535 423 1599 alii
447 1533 484 1599 Ο.
508 1555 624 1600 nomen
642 1532 791 1617 Quinctio
813 1533 963 1602 adiciunt.
1000 1536 1043 1602 ad
1062 1534 1157 1602 bellun

150 1629 244 1694 ambo
258 1628 401 1715 profecti,
414 1628 576 1694 Faliscum
582 1626 760 1711 Quinctius,
772 1625 934 1715 Sulpicius
939 1629 1156 1716 Tarquiniense,

70 1737 72 1742 '
148 1744 305 1808 nusquam
318 1723 385 1789 acie
399 1745 569 1810 congresso
582 1722 673 1788 hoste
686 1743 759 1787 cum
772 1722 855 1810 agris
870 1724 975 1812 magis
993 1747 1090 1809 quam
1103 1743 1157 1791 cum

115 1817 329 1885 cheminibus
356 1818 475 1884 urendo
501 1816 744 1904 populandoque
770 1829 938 1905 gesserunt
963 1819 1065 1900 bella3
1088 1818 1156 1885 euin

148 1913 251 1978 lentae
272 1913 359 1979 velut
380 1913 461 1978 tabis
485 1913 572 1978 senio
595 1912 678 1977 victa
699 1913 863 1999 utriusque
880 1914 1059 2001 pertinacia
1071 1908 1155 2003 populi

149 2015 211 2085 est,
238 2016 274 2071 ut
294 2006 430 2093 primum
452 2031 472 2071 a
498 2006 693 2086 consulibus,
721 2006 793 2072 dein
818 2008 979 2094 permissu
1006 2002 1154 2075 ecnrmsl

149 2108 260 2165 senatu
281 2100 417 2165 indutias
440 2109 589 2187 peterent.
629 2101 661 2165 in
683 2100 892 2188 quadraginta
913 2125 1017 2169 annos
1034 2103 1155 2189 impetra·

115 2212 129 2260 6
148 2204 269 2260 verunt.
296 2195 456 2281 itapcsita
468 2196 602 2260 duorum
615 2194 769 2262 bellorum
780 2218 861 2281 quac
879 2197 1077 2263 inminebant
1091 2214 1153 2269 cura

148 2289 224 2354 dum
242 2289 347 2375 aliqua
364 2288 404 2355 ab
423 2284 517 2355 armis
536 2290 625 2374 quies
644 2299 741 2368 esset,
760 2290 835 2374 quia
852 2289 969 2356 solutio
987 2293 1069 2359 aeris
1085 2282 1161 2357 Μ
1187 2376 1190 2381 ¹

147 2384 316 2449 multarum
333 2406 438 2449 rerum
455 2392 629 2448 mutaverat
648 2383 806 2462 dominos,
830 2406 962 2450 censum
981 2386 1037 2474 agi
1053 2378 1152 2473 placuit·

115 2497 128 2542 s
148 2489 286 2544 ceterum
308 2501 381 2544 cum
403 2477 584 2544 censoribus
608 2479 749 2544 creandis
772 2478 890 2545 indicta
912 2480 1044 2546 comitia
1064 2482 1152 2551 essent
1187 2562 1190 2567 ¹

146 2573 309 2659 professus
337 2595 501 2638 censuram
529 2595 563 2637 se
589 2583 694 2658 petere
722 2571 760 2638 C.
788 2572 931 2639 Marcius
955 2564 1152 2655 Rutilus,qd
1180 2588 1190 2659 j

146 2667 267 2753 primus
280 2668 413 2732 dictator
431 2669 469 2731 de
486 2666 578 2754 plebe
596 2666 712 2744 fuerat,
732 2668 933 2733 concordiam
952 2670 1097 2735 ordinum
1109 2675 1151 2730 tur·
1180 2684 1190 2755 j

113 2777 129 2825 8
146 2759 242 2825 bavit
270 2761 355 2844 quod
368 2759 531 2826 videbatur
543 2760 669 2844 quidem
684 2769 825 2848 tempore
837 2760 943 2827 alieno
957 2763 1086 2841 fecisse,
1102 2756 1151 2845 quit
1179 2762 1190 2789 ²

147 2852 240 2918 ambo
259 2862 325 2916 tum
343 2854 423 2919 forte
440 2855 563 2940 patricii
580 2854 725 2920 consules
743 2864 845 2935 erant,
864 2854 920 2941 qui
938 2857 1092 2923 rationem
1105 2852 1149 2919 ein
1181 2900 1190 2909 -

113 2964 128 3012 9
148 2968 183 3011 se
204 2945 366 3012 habituros
388 2948 560 3035 negabant3
588 2950 645 3014 sed
667 2950 788 3036 etipse
814 2952 994 3017 constantia
1021 2953 1149 3039 inceptu!
1178 3034 1190 3043 .

146 3040 282 3107 obtinuit
302 3052 333 3107 et
355 3042 472 3107 tribuni
493 3043 577 3108 omni
600 3044 645 3122 vi,
669 3044 870 3131 reciperaturi
886 3045 939 3110 ius
960 3042 1147 3114 consularibut
1177 3060 1190 3135 ζ

146 3136 279 3202 comitiis
298 3136 463 3215 amissum,
483 3137 681 3216 adiuverunt3
701 3148 731 3202 et
745 3161 817 3202 cum
830 3138 933 3225 ipsius
953 3140 1015 3207 viri
1031 3140 1146 3207 maists
1179 3146 1190 3178 '-

145 3231 260 3296 nullius
279 3230 406 3297 honoris
424 3230 586 3318 fastigium
604 3254 669 3296 non
685 3231 855 3317 aequabat,
874 3233 1145 3322 rumperemus
1176 3248 1190 3315 ἔ

146 3325 200 3407 qui
222 3326 264 3390 ad
286 3325 472 3391 dictaturam
495 3326 670 3410 aperuisset
691 3326 790 3405 viam,
814 3349 984 3395 censuram
1002 3320 1143 3416 quoquci!

96 3439 127 3486 10
144 3427 266 3502 partem
283 3420 390 3485 vocari
406 3420 515 3506 plebes
534 3418 668 3486 volebat.
704 3442 763 3485 nec
784 3420 942 3487 variatum
966 3424 1094 3490 comitiis
1106 3421 1141 3489 td

146 3512 222 3595 quin
239 3534 311 3576 cum
328 3511 450 3579 Manlio
470 3511 580 3580 Gnaeo
599 3537 710 3580 censor
726 3514 869 3581 Marcius
889 3530 1013 3585 crearet
1051 3567 1058 3584 .
1173 3502 1182 3519 .

208 3606 404 3673 Dictatorem
422 3631 546 3693 quoque
564 3609 616 3675 hic
633 3633 734 3676 annus
747 3608 859 3676 habuit
870 3608 921 3677 M.
936 3608 1071 3679 Fabium
1084 3600 1141 3675 nult

145 3709 261 3766 terrore
278 3701 367 3783 belli,
387 3705 443 3769 sed
460 3725 500 3770 ne
517 3704 643 3771 Licinia
659 3705 712 3770 lex
729 3705 863 3771 comitiis
883 3708 1094 3775 consularibus
1105 3694 1140 3765 ob
1180 3722 1190 3729 ‘

96 3816 126 3863 11
146 3805 330 3863 servaretur.
366 3797 517 3886 magister
538 3799 681 3884 equitum
699 3799 842 3866 dictatori
860 3801 990 3871 additus
1009 3801 1049 3887 Q
1066 3786 1140 3867 Sesti·
1171 3876 1175 3885 Ι

143 3889 214 3956 lius.
254 3915 313 3958 nec
339 3901 445 3958 tamen
470 3893 624 3960 dictatura
649 3893 858 3983 potentiorem
885 3919 962 3963 eum
987 3902 1138 3964 conemur
1173 3948 1176 3955 .

144 3994 268 4070 patrum
286 3987 502 4055 consularibus
521 3991 654 4057 comitiis
672 3989 747 4056 fecit
768 4013 867 4077 quam
889 3992 1040 4061 censoriis
1058 3982 1137 4055 luet!l
1172 3978 1190 4071 J³
