2566 4524
348 112 467 167 arnan
480 110 508 181 1,
525 112 569 168 ea
582 112 624 168 aa
645 111 883 186 [acon-ua]
1087 109 1129 172 39

94 277 237 341 humano
264 269 496 358 superpositum
522 271 616 356 capiti
643 271 753 351 decus,
790 282 824 336 ut
850 272 998 341 divinitus
1026 277 1129 343 eidem

94 370 252 441 redderet

161 463 234 531 Has
258 484 331 548 spes
354 460 622 548 coffitatioaesque
645 483 752 526 secum
772 472 932 548 portantes
955 465 1066 530 urbem
1083 468 1130 533 in·
1150 489 1181 538 ro

97 559 201 646 gressi
227 568 314 634 sunt,
344 556 565 640 domicilioque
590 555 635 621 ibi
662 569 840 642 comparato
862 560 903 624 L.
924 560 1131 645 Tarquinium

95 655 246 725 Priscum
263 652 389 718 edidere
407 674 531 718 nomen.
567 651 719 718 Romanis
734 654 938 739 conspicuum
951 679 1023 721 eum
1041 659 1132 723 novi·
1151 679 1181 726 11

95 762 145 822 tas
164 748 356 833 diutiusque
373 747 531 813 faciebant
549 757 580 811 et
597 748 666 834 ipse
688 749 858 826 fortunam,
886 751 1022 840 benigno
1045 756 1132 820 adlo-

96 844 186 928 quio,
219 842 366 909 comitate
391 842 544 907 invitandi
569 841 791 927 beneficiisque
818 867 896 928 quos
923 859 1045 932 poterat
1071 850 1132 915 sibi

95 937 309 1015 conciliando,
336 935 519 1014 adiuvabat,
549 937 649 1001 donec
670 937 704 1003 in
728 938 849 1024 regiam
874 962 1000 1024 quoque
1027 944 1066 1007 de
1092 966 1130 1008 eo

96 1034 184 1099 fama
215 1032 335 1118 perlata
365 1040 423 1096 est
467 1030 671 1114 notitiamque
702 1054 772 1096 eam
798 1032 887 1098 brevi
913 1036 998 1120 apud
1022 1060 1131 1123 regam
1151 1059 1181 1106 12

97 1126 268 1192 liberaliter
285 1127 456 1210 dextroque
474 1124 621 1191 obeundo
634 1125 739 1190 officia
751 1126 785 1190 in
797 1127 960 1192 familiaris
974 1131 1132 1199 amicitiae

97 1222 272 1291 adduxerat
297 1220 380 1298 iura,
408 1228 443 1284 ut
467 1219 602 1305 publicis
628 1221 745 1306 pariter
770 1243 808 1286 ac
834 1222 963 1307 privatis
991 1227 1129 1291 consiliis

98 1316 179 1380 bello
199 1315 347 1399 domique
364 1315 530 1380 interesset
548 1324 580 1379 et
596 1337 653 1400 per
674 1316 780 1381 omnia
801 1328 948 1402 expertus
970 1331 1129 1405 postremo

98 1422 180 1476 tutor
199 1411 293 1475 etiam
309 1409 417 1476 liberis
434 1409 520 1496 regis
538 1420 724 1476 testamento
741 1411 962 1477 institueretur.

158 1503 315 1570 XXXV.
355 1505 514 1591 Regnavit
531 1503 643 1570 Ancus
666 1528 765 1571 annos
787 1517 934 1590 quattuor
956 1519 987 1573 et
1008 1511 1129 1597 viginti,
1151 1532 1164 1578 1

97 1600 226 1671 cuilibet
256 1599 454 1685 superiorum
483 1623 595 1686 regum
610 1600 695 1676 'belli
720 1601 870 1686 pacisque
896 1612 928 1666 et
953 1604 1073 1669 artibus
1098 1616 1132 1670 et

96 1695 198 1782 gloria
224 1716 290 1779 par.
326 1694 390 1759 iam
415 1694 472 1758 filii
496 1717 595 1780 prope
621 1694 773 1779 puberem
799 1705 933 1760 aetatem
960 1707 1056 1763 erant.
1093 1721 1130 1764 co

97 1788 201 1876 magis
221 1787 412 1872 Tarquinius
435 1789 566 1866 instare,
593 1800 628 1854 ut
650 1811 745 1873 quam
765 1790 902 1875 primum
921 1791 1046 1856 comitia
1063 1793 1132 1879 regi

96 1884 234 1951 creando
253 1883 372 1948 fierent.
404 1883 519 1967 quibus
537 1883 663 1948 indictis
682 1883 741 1950 sub
760 1894 884 1970 tempus
902 1908 1017 1971 pueros
1035 1907 1164 1955 venat

97 1990 162 2043 tum
182 1978 352 2064 ablegavit.
383 1978 474 2062 isque
491 1979 612 2064 primus
630 1989 661 2043 et
677 1979 795 2065 petisse
813 1980 978 2046 ambitiose
995 2005 1130 2068 regnum

93 2088 127 2143 et
146 2076 322 2143 orationem
344 2075 457 2141 dicitur
477 2075 627 2142 habuisse
649 2076 690 2140 ad
712 2075 923 2141 conciliandos
945 2076 1046 2162 plebis
1065 2077 1132 2142 ani·

94 2195 165 2238 mos
193 2171 405 2256 conpositam:
429 2194 501 2236 cnm
519 2195 554 2237 se
573 2193 635 2235 non
653 2193 720 2236 rem
737 2194 853 2236 novam
869 2184 989 2257 petere,
1013 2175 1130 2260 quippe
1149 2193 1164 2239 3

93 2267 150 2350 qui
162 2288 228 2332 non
240 2267 375 2349 primus,
394 2267 480 2350 quod
493 2266 661 2351 quisquam
675 2266 831 2351 indignari
849 2267 994 2332 mirarive
1011 2278 1129 2352 posset,

95 2363 152 2427 sed
171 2362 282 2427 tertius
295 2362 418 2428 Romae
435 2363 618 2450 peregrinus
636 2385 771 2448 regnum
788 2362 937 2426 adfectet:
956 2372 987 2426 et
1003 2363 1131 2429 Tatium

95 2481 159 2525 non
176 2480 218 2522 ex
235 2457 402 2543 peregrino
419 2457 536 2534 solum,
556 2459 613 2524 sed
627 2458 720 2522 etiam
734 2479 774 2522 ex
787 2456 877 2522 hoste
890 2479 997 2543 regem
1010 2457 1130 2523 factum

95 2562 126 2618 et
143 2551 285 2618 Numam
302 2553 448 2638 ignarum
464 2552 567 2629 urbis,
591 2575 653 2617 non
670 2562 828 2638 petentem
846 2553 880 2616 in
896 2575 1029 2639 regnum
1047 2553 1129 2618 ultro

95 2647 246 2725 accitum3
267 2645 363 2733 [tum]
380 2669 428 2724 se,
448 2669 488 2713 ex
501 2669 564 2730 quo
578 2647 627 2712 sui
643 2658 756 2733 potens
774 2647 884 2724 fuerit,
901 2647 1039 2712 Romam
1057 2670 1130 2712 cum
1147 2665 1164 2711 4

94 2741 231 2828 coniuge
248 2763 288 2806 ac
305 2741 438 2807 fortunis
457 2741 604 2806 omnibus
623 2741 863 2828 commigrasse,
891 2742 1041 2806 maiorem
1059 2765 1131 2826 par·

96 2846 160 2901 tem
177 2836 289 2902 aetatis
308 2837 390 2914 eins,
413 2859 477 2920 qua
494 2835 638 2900 civilibus
656 2836 768 2902 officiis
787 2836 960 2922 fungantur
971 2837 1129 2914 homines,

95 2931 218 2997 Romae
237 2953 272 2997 se
290 2953 386 3015 quam
402 2930 435 2995 in
453 2940 558 2996 vetere
575 2931 676 3016 patria
689 2931 822 3009 vixisse,
841 2931 926 2994 domi
939 2930 1129 3013 militiaeque
1149 2947 1164 2992 a

96 3025 157 3091 aub
173 3026 255 3090 haut
279 3025 467 3110 paenitendo
485 3025 651 3111 magistro,
674 3026 745 3110 ipso
763 3023 856 3090 Anco
873 3046 962 3109 rege,
985 3023 1131 3087 Romana

96 3144 131 3187 se
148 3121 233 3198 iura,
251 3119 412 3185 Romanos
430 3120 508 3185 ritus
527 3119 689 3197 didicisse,
713 3118 864 3202 obsequio
883 3128 913 3182 et
931 3117 1130 3182 observantia

93 3218 129 3282 in
150 3238 262 3303 regem
284 3237 358 3280 cum
379 3214 539 3293 omnibus,
563 3214 756 3300 benignitate
775 3235 850 3299 erga
867 3212 945 3276 alios
964 3233 1036 3276 cum
1054 3233 1128 3298 rege

96 3312 167 3398 ipso
190 3321 339 3379 certasse.
375 3309 454 3376 haec
475 3333 548 3375 enm
564 3311 642 3375 haut
667 3309 749 3375 tirlsa
767 3317 992 3375 memorantem
1009 3307 1130 3394 ingenti
1147 3323 1161 3370 a

97 3427 255 3473 consensu
271 3404 407 3490 populus
425 3405 588 3470 Romanus
606 3427 737 3490 regnare
755 3404 855 3469 iussi-t.

159 3501 251 3588 Ergo
270 3501 373 3564 virum
390 3509 494 3565 cetera
510 3499 672 3586 egregium
691 3509 812 3575 secuta,
832 3520 927 3582 quam
944 3497 977 3561 in
994 3497 1130 3583 petendo

95 3596 264 3673 habuerat,
293 3594 388 3660 etiam
408 3604 592 3682 regnantem
609 3593 738 3658 ambitio
756 3603 819 3671 est,
841 3615 900 3657 nec
918 3592 1022 3657 minus
1039 3590 1130 3677 regni

96 3691 146 3755 sni
167 3689 317 3756 fflmandi
338 3711 433 3773 quam
455 3690 619 3776 augendae
641 3688 687 3752 rei
703 3687 848 3773 publicae
866 3709 986 3753 memor
1003 3695 1129 3750 centum

95 3785 129 3849 in
149 3794 258 3871 patres
280 3783 369 3870 legit,
393 3784 448 3868 qui
469 3785 582 3849 deinde
599 3783 755 3848 minorum
772 3781 913 3868 gentium
932 3789 1005 3846 sunt
1022 3777 1130 3863 appel·

96 3877 165 3959 lati,
192 3879 291 3946 factio
312 3878 390 3943 hant
420 3876 516 3944 dubia
536 3878 635 3966 regis,
663 3876 751 3942 cuius
775 3875 927 3941 beneficio
949 3875 982 3938 in
1009 3872 1129 3936 curiam
