2566 4524
146 225 214 295 324
306 314 310 321 .
400 233 520 290 nmmo
536 233 592 305 vr,
611 233 723 288 rs-m.
744 231 926 303 [ansam]

96 419 129 470 14
145 394 339 484 inposuistis.
376 393 444 459 solo
471 389 654 476 aequandae
681 399 755 456 sunt
781 389 956 457 dictaturae
982 391 1149 458 consulatis·

146 514 221 578 que,
248 499 285 556 ut
311 497 405 576 caput
431 487 573 554 attollere
595 485 741 552 Romana
766 484 875 571 plebes
901 485 1014 573 possit
1047 486 1151 575 proinde
1182 570 1186 579 1

146 587 269 665 adeste,
287 583 451 672 prohibete
468 583 518 648 ius
537 581 578 647 de
594 580 738 667 pecuniis
755 579 828 646 dici.
864 603 926 669 ego
943 603 997 648 me
1011 591 1153 669 patronm

146 681 293 768 profiteor
314 677 430 767 plebis,
458 678 544 762 quod
566 675 643 741 mihi
665 697 741 741 cura
761 697 833 740 mea
854 684 886 740 et
903 674 985 742 fides
1001 678 1154 744 nomenin-

97 799 128 846 15
147 775 229 841 duit:
257 796 314 841 vos
338 773 365 838 si
386 795 450 858 quo
472 771 591 859 insigni
607 770 710 858 magis
727 769 850 857 imperii
867 769 1037 838 honorisve
1054 772 1155 839 nomine

148 878 289 935 vostrum
306 865 505 954 appellabitis
524 866 651 944 ducem,
670 887 709 931 eo
725 863 858 929 utemini
873 865 1051 951 potentiore
1066 867 1102 933 ad
1113 867 1155 933 ob·

97 985 129 1033 16
147 963 277 1029 timenda
298 985 336 1028 ea
353 984 435 1046 quas
453 960 568 1027 vultis!
603 960 677 1025 inde
695 958 734 1024 de
752 981 851 1048 regno
868 959 1099 1050 agendiortrm
1110 961 1156 1027 ini·

148 1059 226 1124 tium
249 1058 375 1136 dicitur,
404 1057 462 1122 sed
487 1078 547 1122 neo
573 1078 648 1121 cum
673 1053 789 1140 quibus
814 1077 873 1121 nec
900 1077 996 1141 quem
1023 1057 1065 1123 ad
1082 1057 1158 1122 finem

147 1153 279 1220 consilia
295 1152 508 1238 pervenerint,
532 1150 610 1218 satis
627 1150 758 1236 planum
775 1150 916 1217 traditur.

114 1271 127 1318 1
211 1247 362 1315 XVIIII.
397 1245 444 1312 At
465 1247 499 1313 in
520 1255 609 1333 parto
631 1245 729 1311 altera
747 1253 875 1312 senatus
893 1245 934 1312 de
953 1245 1161 1313 secessionem

147 1344 278 1410 domum
294 1344 450 1430 privatam
467 1341 583 1428 plebis,
607 1339 691 1406 forts
708 1340 804 1406 etiam
824 1340 859 1407 in
879 1362 953 1407 arce
973 1341 1117 1428 positam,
1138 1348 1162 1407 ct

114 1458 128 1505 2
146 1438 311 1503 inminenti
329 1437 414 1503 mole
428 1436 566 1503 libertati
587 1435 696 1522 agitat.
732 1458 849 1523 magna
864 1457 940 1522 pars
958 1436 1159 1515 vociferantur,

149 1530 284 1599 Servilio
298 1529 405 1597 Ahala
422 1554 503 1619 opus
521 1553 607 1610 esse,
625 1530 681 1616 qui
698 1553 763 1596 non
782 1530 938 1597 invincla
955 1530 1030 1598 duci
1045 1530 1162 1598 iubendo

146 1625 253 1692 inritet
278 1624 441 1713 publicum
466 1625 604 1704 hostem,
639 1625 697 1691 sed
724 1624 817 1690 unius
844 1625 965 1691 iactura
991 1626 1069 1693 civis
1092 1625 1163 1691 finiat

114 1742 129 1790 3
148 1719 333 1786 intestinum
350 1720 478 1787 bellum.
516 1719 691 1787 decurritur
707 1720 749 1785 ad
765 1719 916 1787 leniorem
934 1721 1041 1788 verbis
1059 1729 1163 1788 sentes

150 1817 226 1882 tiam
230 1865 240 1896 ,
259 1817 325 1882 vim
342 1825 448 1882 tamen
466 1817 600 1883 eandem
616 1814 799 1894 habentem,
817 1824 854 1880 ut
869 1815 1000 1882 videant
1017 1817 1164 1905 magistra·

148 1920 214 1988 tus,
233 1932 274 1976 ne
291 1911 368 1994 quid
386 1933 427 1976 ex
443 1911 627 1997 perniciosis
645 1909 785 1976 consiliis
802 1909 850 1975 M.
865 1908 970 1976 Manli
986 1934 1039 1978 res
1056 1909 1163 1998 publio

114 2026 131 2072 4
148 2004 328 2072 detrimenti
340 2005 452 2091 capiat.
489 2015 557 2070 tum
570 2005 687 2072 tribuni
704 2005 862 2071 consulari
878 2015 1036 2093 potestate
1053 2005 1163 2073 tribuni·

148 2121 210 2184 que
228 2098 373 2185 plebi-
390 2122 465 2165 nam
483 2109 515 2166 et
532 2096 607 2188 [ei],
626 2098 702 2184 quia
718 2101 853 2166 eundem
871 2110 904 2166 et
921 2124 998 2168 suae
1016 2100 1162 2191 potestatis

149 2215 243 2278 quem
260 2193 412 2260 libertatis
431 2194 571 2260 omnium
588 2194 685 2261 finem
702 2194 885 2275 cernebant,
903 2206 1031 2284 patrum
1049 2195 1164 2265 auctori·

148 2288 205 2353 tati
223 2311 257 2355 se
276 2289 461 2371 dediderant
477 2327 534 2368 -,
556 2289 590 2354 hi
608 2298 677 2355 tum
694 2311 804 2356 omnes
826 2291 904 2377 quid
921 2315 1003 2380 opus
1026 2294 1108 2362 facto
1128 2292 1165 2371 sit,

115 2383 336 2451 sconsultant.
377 2406 451 2450 cum
475 2393 600 2471 praeter
625 2384 691 2450 vim
717 2395 748 2451 et
774 2387 905 2452 caedem
931 2388 1012 2454 nihil
1038 2390 1167 2476 cuiquam

149 2487 338 2558 occurreret,
362 2501 432 2544 eam
450 2489 556 2544 autem
573 2479 711 2566 ingentis
729 2479 939 2549 dimicationis
962 2483 1033 2551 sore
1055 2472 1169 2573 appare·

115 2592 130 2641 6
147 2581 208 2652 ret,
227 2583 295 2637 tum
308 2572 356 2638 M.
366 2572 535 2639 Menenius
549 2582 581 2638 et
596 2573 636 2657 Q.
650 2573 807 2641 Publilius
822 2576 939 2642 tribuni
956 2578 1076 2665 plebis:
1095 2576 1171 2666 ‘qnid

146 2675 273 2754 patrum
300 2676 331 2733 et
357 2667 459 2754 plebis
487 2679 647 2736 certamen
667 2669 818 2750 facimus,
846 2673 932 2758 quod
954 2674 1091 2742 civitatis
1114 2694 1172 2741 esse

148 2761 300 2828 adversus
318 2785 418 2828 unum
435 2764 621 2850 pestiferum
639 2765 740 2831 civem
759 2766 872 2833 debet?
898 2769 977 2854 quid
999 2793 1075 2837 cum
1092 2768 1171 2859 plebe

148 2855 351 2942 adgredimur
368 2879 455 2936 eum,
479 2881 576 2944 quem
592 2883 648 2946 per
665 2861 767 2947 ipsam
784 2861 912 2949 plebem
929 2863 1032 2933 tutius
1055 2862 1172 2956 adgredi

115 2960 211 3029 rest,
239 2959 275 3016 ut
297 2951 363 3018 suis
385 2952 454 3039 ipse
478 2965 624 3021 oneratus
647 2955 766 3023 viribus
788 2958 878 3023 ruat?
913 2959 1001 3027 diem
1029 2958 1172 3030 dicereei

147 3043 240 3113 nobis
262 3047 297 3115 in
318 3047 424 3113 animo
447 3059 506 3116 est·
540 3050 618 3115 nihil
640 3051 745 3118 minus
762 3053 914 3140 populare
933 3077 1037 3141 qpam
1052 3078 1172 3147 regnrm

147 3150 206 3208 est.
242 3141 337 3209 simul
358 3143 525 3215 multitudo
547 3145 602 3211 illa
622 3169 687 3212 non
710 3169 819 3214 secum
841 3151 954 3217 certari
975 3153 1125 3233 viderint,
1148 3158 1172 3217 el

147 3261 188 3305 ex
209 3239 372 3307 advocatis
393 3241 514 3308 iudices
536 3241 613 3308 faeti
635 3253 726 3311 erunt
749 3253 1009 3315 etaocusatores
1023 3250 1067 3317 de
1081 3247 1170 3338 plebe,

146 3335 313 3421 patricium
341 3359 431 3403 reum
456 3337 661 3405 intuebuntur
687 3349 718 3405 et
743 3341 835 3430 regni
861 3342 985 3411 maren
1008 3345 1045 3411 in
1070 3344 1169 3421 medio

146 3429 226 3493 nulli
242 3429 344 3516 magis
362 3453 461 3515 quam·
475 3431 612 3499 libertati
629 3433 782 3500 favebunt
800 3435 896 3502 suae?
1184 3502 1186 3511 .

116 3544 130 3590 1
212 3521 301 3593 XX..
317 3522 578 3611 Adprobantibus
592 3529 712 3594 cunctis
727 3529 810 3596 diem
818 3529 942 3599 Manlio
957 3533 1077 3602 dicunt
1099 3528 1167 3621 quod
1183 3540 1186 3619 i

147 3615 203 3683 ubi
216 3618 405 3700 estfactum,
423 3621 527 3708 primo
539 3632 698 3689 commota
709 3623 805 3711 plebs·
814 3635 871 3705 est,
886 3626 998 3714 utiquo
1013 3641 1165 3718 postqmu

114 3730 128 3778 2
147 3711 341 3785 sordidatum
362 3737 453 3782 reum
474 3718 620 3785 viderunt
636 3740 696 3786 nec
713 3740 787 3785 cum
804 3743 843 3787 eo
860 3744 926 3789 non
942 3726 1041 3792 modo
1056 3742 1164 3814 pomtu

146 3828 351 3893 quemqnam,
372 3811 481 3878 sedne
495 3821 647 3901 cognatos
661 3813 789 3899 quidem
802 3824 858 3883 aut
871 3816 1004 3899 adfines,
1021 3830 1162 3909 postrenu

145 3924 186 3968 ne
198 3901 311 3970 fratres
326 3903 455 3989 quidem
467 3905 590 3972 Aulum
603 3917 635 3975 et
648 3908 757 3977 Titum
770 3909 925 3992 Manlios,
944 3915 1033 3999 quod
1048 3915 1088 3981 ad
1104 3930 1160 3978 eun

146 3995 231 4063 diem
252 4021 425 4085 numquam
447 4025 509 4069 usu
532 4003 685 4098 venisset,
708 4005 794 4071 utin
811 4015 898 4074 tanto
916 4008 1095 4077 discrimine
1108 4023 1157 4071 nou
