2566 4524
149 261 211 327 182
402 269 520 323 arnna
536 268 593 337 111,
612 269 655 322 or.
669 268 711 322 sa
730 268 914 336 [aucus]

145 429 310 498 ursinam
325 427 435 504 aciem,
453 449 526 512 pars
543 423 642 490 libem
660 426 762 510 spatio
774 425 979 491 circumvecti
990 424 1054 491 iam
1066 424 1154 511 ingan

145 525 285 608 undique
303 533 503 608 capessentes
521 520 688 605 plerosque
706 543 725 584 a
742 520 854 584 castris
876 532 1026 585 avertunt
1043 534 1154 606 praeter

98 643 130 690 10
147 621 385 704 equitantesque
412 615 596 680 absterrent
636 615 779 700 peditum
804 615 889 680 acies
915 625 948 679 et
974 616 1084 680 consul
1106 615 1154 700 ipse

146 715 259 796 visque
276 711 378 777 omnis
395 709 470 775 belli
486 709 585 773 fertur
601 709 634 772 in
652 720 755 774 castra
776 710 940 795 captisque
963 732 1038 775 cum
1058 708 1154 796 ingenti

147 808 254 883 caede,
272 806 388 870 maiore
406 805 523 890 praeda
539 804 666 889 potitur.

98 924 128 972 11
212 900 319 965 Huius
335 920 461 985 pugnae
479 898 565 962 fama
581 897 701 982 perlata
717 921 781 962 non
797 898 831 961 in
847 897 961 963 urbem
984 899 1092 975 modo,
1112 895 1154 961 sed

147 995 182 1061 in
200 992 336 1060 Sabinos
358 993 400 1057 ad
422 992 554 1057 alterum
576 991 761 1069 exercitum,
787 992 821 1055 in
843 990 921 1056 urbe
944 992 1066 1056 laetitia
1085 992 1155 1055 modo

147 1088 304 1154 celebrata
325 1097 388 1164 est,
414 1087 447 1150 in
469 1087 580 1151 eastris
603 1086 724 1150 animos
743 1086 876 1150 militum
894 1087 935 1151 ad
957 1087 1157 1151 aemulandum

98 1204 130 1253 12
148 1183 245 1247 decus
258 1181 408 1247 accendit.
435 1182 498 1245 iam
510 1180 662 1244 Horatius
677 1202 732 1244 eos
742 1180 983 1245 excursionibus
993 1179 1156 1245 sufficiendo

147 1276 337 1363 proeliisque
358 1274 481 1340 levibus
508 1275 701 1358 experiundo
729 1274 964 1351 adsuefecerat,
994 1275 1056 1340 sibi
1075 1274 1182 1360 potius·

147 1372 244 1436 fidere
269 1393 365 1455 quam
387 1369 567 1434 meminisse
593 1368 784 1454 ignominiae
810 1369 1062 1435 decemvirorum
1083 1370 1159 1433 ductu

148 1475 317 1550 acceptae,
331 1485 490 1549 parvaque
509 1463 680 1527 certamina
697 1463 729 1526 in
749 1486 905 1527 summam
923 1465 1022 1528 totius
1041 1463 1160 1549 proiece·

99 1580 130 1628 13
148 1570 218 1624 rant
235 1560 312 1643 spei.
347 1580 406 1622 nec
424 1558 590 1623 cessabant
605 1555 725 1634 Sabini,
744 1557 866 1621 feroces
880 1558 921 1622 ab
934 1581 969 1622 re
982 1559 1085 1643 priore
1097 1576 1161 1622 anno

148 1653 229 1718 bene
246 1662 350 1738 gesta,
369 1652 523 1716 lacessere
542 1663 636 1734 atque
654 1653 770 1717 instare
787 1652 975 1737 rogitantes,
994 1653 1072 1735 quid
1088 1652 1162 1716 latro-

149 1746 222 1812 cinii
239 1747 333 1812 modo
346 1759 564 1831 procursantes
578 1748 672 1831 pauci
684 1761 940 1829 recurrentesque
953 1758 1090 1811 tererent
1100 1762 1163 1810 tun·

147 1865 208 1928 pus
227 1852 258 1906 et
275 1842 308 1905 in
325 1843 424 1906 multa
437 1843 555 1927 proelia
567 1864 726 1927 parvaque
740 1857 902 1927 carperent
916 1865 1075 1908 summam
1086 1842 1161 1907 unius

99 1957 133 2005 14
149 1935 242 2000 belli?
267 1936 344 2017 quin
361 1935 406 1999 illi
424 1937 686 2021 congrederentur
702 1937 769 2000 acie
787 1936 1065 2021 inclinandamque
1082 1933 1162 2001 semel

149 2029 292 2094 fortunae
310 2052 376 2093 rem
395 2030 523 2093 darent?

117 2145 131 2191 1
213 2122 326 2187 LXII.
354 2122 408 2187 Ad
426 2125 458 2187 id
476 2124 561 2206 quod
579 2148 637 2189 sua
655 2133 766 2208 sponte
781 2119 856 2189 s'atis
871 2125 1050 2189 conlectum
1064 2125 1163 2190 anino·

148 2240 219 2283 rum
242 2228 320 2294 erat,
343 2218 528 2303 indignitate
551 2219 644 2282 etiam
662 2218 798 2282 Romani
821 2218 1084 2284 accendebantur.
1115 2220 1162 2282 iam

149 2311 281 2376 alterum
299 2313 469 2376 exercitum
487 2312 636 2376 victorem
653 2314 686 2376 in
699 2312 810 2377 urbem
823 2314 1007 2391 rediturum,
1027 2315 1088 2379 sibi
1101 2312 1162 2377 ultro

148 2429 205 2492 per
227 2408 430 2472 contumelias
453 2409 576 2472 hostem
599 2407 757 2471 insultare.
794 2409 920 2490 quando
948 2424 1059 2472 autem
1080 2404 1162 2484 sesi

116 2510 216 2566 stum
234 2523 297 2565 non
315 2502 389 2578 sint,
413 2524 504 2586 pares
523 2500 666 2566 hostibus
684 2501 771 2565 fore?
799 2502 854 2564 ubi
871 2502 949 2566 haec
973 2504 1106 2567 fremere
1120 2498 1178 2587 nri-¹

149 2595 236 2659 litem
257 2596 290 2659 in
313 2597 424 2660 castris
443 2596 553 2660 consul
576 2596 688 2671 sensit,
716 2597 859 2659 contione
882 2596 1039 2661 advocata
1061 2605 1162 2680 ‘quem-

149 2688 332 2752 admodum’
353 2689 455 2772 inquit
478 2691 524 2752 ‘in
545 2688 664 2774 Algido
687 2712 736 2753 res
755 2702 846 2775 gesta
872 2689 926 2766 sit,
954 2690 1090 2755 arbitror
1111 2708 1160 2759 vor,

149 2782 278 2858 milites,
306 2783 442 2846 audisse.
478 2783 603 2866 qualem
626 2783 716 2847 liberi
741 2784 851 2868 populi
877 2785 1052 2848 exercitum
1078 2780 1159 2848 decuit
1199 2830 1201 2839 ·

150 2898 230 2952 esse,
249 2876 320 2940 talis
339 2876 407 2940 fuit.
444 2879 574 2943 consilio
593 2879 745 2964 collegae,
766 2880 879 2942 virtute
898 2878 1035 2943 militum
1054 2876 1159 2943 vicarit

117 2979 240 3054 sparta
258 2979 314 3034 est.
350 2971 435 3054 quod
453 2973 493 3036 ad
511 2996 561 3036 me
579 2974 702 3049 attinet,
724 2974 757 3036 id
776 2973 898 3037 consilii
915 2974 1076 3057 animique
1092 2968 1159 3036 habi·
1199 2990 1201 3013 ²

150 3074 237 3130 turus
257 3090 336 3144 sum,
356 3069 440 3150 quod
458 3091 524 3145 vos,
544 3069 672 3145 milites,
691 3069 809 3155 geritis.
847 3081 878 3133 et
895 3069 977 3132 trahi
995 3069 1109 3134 bellurn
1124 3086 1157 3128 aa·

115 3160 279 3228 tlubriter
296 3172 327 3227 et
344 3174 464 3228 mature
482 3164 590 3249 perfici
607 3174 720 3249 potest.
758 3164 785 3228 si
808 3163 997 3227 trahendum
1021 3178 1082 3238 est,
1106 3178 1155 3244 egb

148 3257 237 3343 utin
260 3257 326 3321 dies
350 3280 422 3341 spes
445 3258 606 3342 virtusque
628 3269 733 3322 vestra
755 3270 888 3333 creseat,
915 3258 1028 3321 eadem
1051 3280 1110 3342 qua
1125 3252 1157 3315 in·

150 3349 237 3413 stitui
257 3350 421 3434 disciplina
443 3352 577 3416 efficiam
584 3378 593 3428 ;
621 3353 648 3416 si
670 3353 733 3416 iam
755 3353 831 3416 satis
855 3352 953 3416 animi
976 3366 1025 3417 est
1043 3343 1157 3417 decerni

150 3464 211 3525 que
227 3443 338 3527 placet,
375 3447 535 3528 agitedum
553 3447 729 3524 clamorem,
749 3448 872 3531 qualern
891 3448 924 3511 in
942 3449 1011 3513 acie
1029 3436 1155 3512 sublaun'
1195 3458 1201 3467 ·

150 3536 240 3613 estis,
267 3536 364 3602 tollite
390 3539 442 3604 hic
467 3541 601 3605 indicem
628 3542 797 3606 voluntatis
823 3543 1013 3625 virtutisque
1038 3530 1155 3607 vestrae'
1195 3560 1201 3590 ῑ

116 3650 132 3697 5
149 3640 316 3715 postquam
329 3631 448 3718 ingenti
461 3635 619 3699 alacritate
633 3636 751 3699 clamor
765 3648 813 3700 est
827 3635 981 3713 sublatus,
1001 3637 1083 3721 quod
1097 3634 1155 3697 bent
1195 3668 1201 3685 =

149 3734 263 3802 vertat,
290 3737 452 3812 gesturum
475 3752 509 3793 se
527 3730 589 3794 illis
611 3752 729 3793 morem
747 3740 937 3816 posteroque
959 3732 1012 3796 die
1029 3733 1062 3797 in
1078 3728 1155 3795 aelel!
1196 3740 1201 3747 '

150 3818 355 3886 deducturum
369 3823 520 3888 adfirmat.
531 3836 536 3843 '
547 3825 702 3909 reliquum
716 3825 777 3889 diei
791 3827 981 3909 apparandis
995 3826 1154 3891 armisona·
1196 3836 1201 3875 ἰ

117 3933 133 3982 6
151 3926 310 4000 sumptum
328 3927 385 3983 est.
420 3930 545 4004 postero
568 3921 618 3984 die
637 3919 729 3984 simul
752 3921 864 3984 instrui
882 3921 1060 3986 Romanam
1075 3916 1153 3983 aeiefl

151 4004 261 4075 Sabini
270 4011 385 4089 videre,
401 4023 431 4078 et
439 4013 502 4099 ipsi
510 4014 572 4078 iam
581 4013 703 4099 pridem
712 4014 795 4078 avidi
805 4015 984 4081 certaminis
993 4012 1153 4101 procedunt
