2566 4524
332 256 452 311 umus
470 256 524 328 vr,
544 256 640 311 1213.
660 253 812 326 [sesso]
1023 244 1087 313 317

77 417 224 487 temimrio
243 413 359 501 exiguo
376 414 510 478 militum
527 413 648 493 relicto,
673 413 799 481 servitia
816 415 961 481 Romana
978 414 1019 481 ab
1037 437 1091 483 so·

77 515 185 585 itudine
205 511 374 576 vindicant.
413 510 526 597 ingens
549 519 646 589 certe,
673 511 759 594 quod
779 511 862 576 inter
882 533 992 579 omnes
1014 530 1124 583 auc-8

77 620 139 677 tores
166 605 326 682 convenit,
362 626 554 689 quamquam
583 626 684 690 nuper
710 603 846 669 Camilli
867 606 964 670 ductu
994 614 1088 691 atque

77 704 196 791 suspicio
215 701 338 767 accisae
354 692 405 764 res
424 709 527 779 erant,
550 699 739 766 Volscorum
761 700 917 766 exereitus
938 701 1008 767 fuit.
1048 701 1090 768 ad

77 798 121 865 loc
139 797 249 864 Latini
269 795 464 880 Hernicique
490 803 690 861 accesserant
716 804 747 859 et
761 795 998 862 Cerceiensium
1021 796 1091 882 qui-

79 893 133 960 dam
148 903 179 958 et
198 891 301 958 coloni
319 890 413 955 etiam
431 913 451 954 a
468 889 597 955 Velitris
615 889 762 955 Romani.

124 988 275 1065 Dictator,
295 985 406 1051 castris
425 1006 463 1050 eo
480 985 531 1050 die
548 984 674 1072 positis,
691 993 818 1070 postero
836 1007 908 1051 cum
926 987 1090 1073 auspicato
1108 1007 1124 1055 r

77 1085 213 1171 prodisset
230 1081 397 1165 hostiaque
419 1101 513 1144 caesa
534 1102 645 1164 pacem
667 1079 763 1143 deum
784 1079 961 1159 adorasset,
987 1079 1090 1147 laetus

78 1180 110 1245 sd
122 1180 228 1244 milites
246 1178 310 1242 iam
329 1198 416 1241 arma
433 1176 474 1240 ad
491 1174 687 1261 propositum
704 1197 830 1261 pugnae
849 1175 988 1261 signum,
1008 1174 1090 1241 siout

78 1273 195 1343 edictum
211 1281 288 1349 erat,
306 1270 377 1335 luce
394 1271 496 1356 prima
514 1271 671 1356 capientes
690 1270 851 1354 processit.
889 1275 1011 1335 ‘nostra
1023 1270 1123 1339 vio-8

77 1368 143 1433 toria
157 1378 215 1446 est,
234 1366 373 1444 milites,’
394 1365 496 1449 inquit
515 1365 557 1430 ‘si
574 1364 651 1449 quid
668 1365 701 1429 di
718 1373 846 1431 vatesve
863 1386 972 1432 eorum
988 1359 1091 1451 inplu-

77 1474 165 1531 urum
180 1462 296 1527 vident.
331 1460 453 1545 itaque,
471 1469 507 1524 ut
524 1460 614 1525 decet
632 1469 734 1525 certae
753 1460 821 1545 spei
837 1459 949 1546 plenos
967 1469 999 1525 et
1017 1481 1091 1525 oum

77 1555 220 1643 inparibus
246 1578 360 1621 manus
391 1564 605 1633 conserturos,
641 1555 714 1640 pilis
746 1569 819 1621 ante
849 1556 947 1643 pedes
978 1557 1090 1642 positis

77 1651 171 1739 gladiis
188 1661 310 1716 tantum
328 1650 454 1715 dextras
472 1672 641 1716 armemus.
676 1672 717 1714 ne
739 1651 880 1736 procurri
902 1650 1031 1735 quidem
1048 1649 1089 1717 ab

77 1747 129 1812 scie
146 1746 254 1824 velim,
283 1746 341 1810 sed
362 1743 496 1810 obnixos
518 1767 576 1810 vos
599 1743 704 1810 stabili
726 1745 828 1830 gradu
854 1746 1008 1831 impetum
1033 1744 1091 1810 ho-

77 1840 154 1906 rtium
171 1841 325 1927 excipere.
359 1838 416 1905 ubi
437 1839 483 1903 illi
505 1862 587 1904 vana
607 1838 770 1904 iniecerint
792 1839 925 1904 missilia
943 1847 974 1904 et
995 1838 1122 1907 effusi9

77 1935 212 2001 dantibus
230 1933 322 2000 vobis
341 1956 376 2000 se
393 1933 567 2012 intulerint,
595 1943 663 1999 tum
681 1935 798 1999 micent
814 1934 914 2022 gladii
935 1943 967 2000 et
985 1934 1091 2000 veniat

77 2024 246 2097 ltlmentem
262 2029 444 2113 unicuique,
463 2029 540 2094 deos
558 2051 644 2108 esse,
662 2031 717 2114 qui
733 2030 915 2096 Romanum
931 2029 1089 2109 adiuvent,

77 2120 150 2205 deos,
175 2125 229 2209 qui
252 2123 398 2190 secundis
421 2122 533 2189 avibus
551 2123 584 2188 in
606 2124 760 2211 proelium
777 2126 928 2191 miserint
972 2133 1021 2204 tu,
1049 2123 1088 2191 Τ.
1108 2143 1141 2193 10

77 2214 202 2303 Quincti,
230 2220 368 2303 equitem
384 2218 522 2284 intentus
541 2219 582 2283 ad
599 2219 735 2305 primum
753 2218 876 2283 initium
894 2219 972 2284 moti
990 2228 1091 2284 certa-

77 2313 151 2381 uinis
168 2324 275 2380 teneas
280 2338 291 2393 3
308 2313 364 2378 ubi
382 2313 509 2379 haerere
526 2313 590 2378 iam
608 2313 709 2378 aciem
727 2312 851 2378 conlato
864 2313 945 2398 pede
962 2313 1089 2391 videris,

77 2414 128 2481 blm
143 2418 291 2475 terrorem
309 2417 485 2492 equestrem
503 2408 663 2492 occupatis
682 2406 744 2472 alio
760 2428 877 2494 pavore
890 2405 972 2471 infer
984 2407 1091 2472 invec-

77 2512 171 2588 'psqne
189 2504 314 2570 ordines
332 2503 541 2589 pugnantium
558 2500 696 2588 dissipa?
733 2501 778 2567 sio
796 2523 903 2585 eques,
923 2500 968 2566 sio
980 2500 1089 2586 pedes,
1108 2520 1140 2569 11

77 2605 102 2669 rt
115 2608 319 2685 praeceperat,
338 2606 491 2684 pugnant,
509 2618 568 2661 neo
586 2597 652 2662 dux
669 2595 811 2683 legiones
829 2617 888 2661 neo
905 2595 1031 2661 fortuna
1044 2594 1092 2660 fe·

77 2690 140 2767 j'ellit
155 2693 278 2758 ducem.
961 2680 992 2713 ‘⁶

121 2786 222 2853 XIII.
260 2785 434 2851 Multitudo
452 2785 604 2863 hostium,
629 2783 708 2850 nulli
728 2785 774 2850 rei
796 2795 1015 2872 praeterquam
1032 2807 1091 2851 nu·
1109 2803 1124 2853 1

77 2902 144 2948 nero
162 2882 243 2947 freta
255 2890 287 2947 et
300 2880 400 2946 cerdis
414 2889 579 2964 utramque
592 2881 725 2946 metiens
739 2880 849 2960 aciem,
868 2891 985 2946 temere
998 2901 1091 2966 proe-

77 2974 136 3041 ium
151 2977 234 3055 iniit,
260 2985 378 3041 temere
400 2976 521 3054 omisit3
548 2974 684 3041 clamore
707 2987 830 3042 tantum
851 2975 1090 3061 missilibusque
1108 2994 1123 3043 2

77 3071 131 3137 elis
150 3081 183 3137 et
203 3072 305 3158 primo
326 3092 453 3157 pugnae
475 3071 595 3156 impetu
616 3071 707 3137 serox
728 3071 851 3158 gladios
878 3081 909 3136 et
931 3070 1091 3136 conlatum

77 3164 176 3231 >edem
192 3176 220 3233 et
235 3167 359 3232 vultum
377 3166 476 3231 hostis
495 3166 605 3231 ardore
623 3168 719 3232 animi
736 3167 905 3231 micantem
927 3165 1008 3230 ferre
1026 3187 1091 3230 non

77 3260 183 3327 cruit,
205 3261 332 3348 inpulsa
348 3260 436 3327 srons
454 3263 555 3346 prima
573 3270 604 3325 et
621 3262 787 3347 trepidatio
810 3260 959 3327 subsidiis
982 3259 1088 3325 inlata.
1107 3280 1122 3328 3

77 3366 91 3421 t
105 3378 201 3421 suum
218 3365 368 3421 terrorem
385 3356 489 3421 intulit
507 3378 617 3440 eques;
634 3358 718 3442 rupti
735 3357 807 3421 inde
824 3356 931 3422 multis
944 3355 1022 3421 locis
1040 3376 1092 3420 or·

77 3448 147 3516 ines
159 3458 309 3534 motaque
322 3451 428 3516 omnia
441 3465 471 3516 ct
485 3451 664 3516 fluctuantis
680 3452 790 3516 similis
805 3452 888 3517 acies
902 3461 978 3518 erat.
1005 3450 1089 3530 dein,

77 3558 226 3630 ortqnam
243 3544 428 3610 cadentibus
446 3546 554 3632 primis
572 3546 636 3613 iam
654 3547 695 3611 ad
713 3569 748 3612 se
770 3547 904 3631 quisque
921 3554 1091 3632 perventu-

77 3658 124 3705 m
144 3639 278 3705 caedem
300 3638 461 3717 credebat,
489 3654 578 3727 terga
600 3650 735 3706 vertunt
770 3641 887 3706 instare
909 3642 1089 3721 Romanus;
1107 3661 1125 3709 4

77 3742 88 3799 t
102 3730 208 3799 donec
223 3735 337 3799 armati
354 3735 547 3820 confertique
561 3735 698 3814 abibant,
717 3737 858 3821 peditum
870 3735 961 3801 labor
972 3737 1005 3801 in
1017 3759 1089 3822 per-

77 3826 221 3913 quondo
237 3826 312 3894 fuit:
328 3844 496 3915 postquam
513 3831 621 3895 iactari
638 3854 725 3896 arma
742 3832 863 3916 passim
875 3831 1015 3917 fugaque
1032 3848 1089 3914 per

77 3940 151 4007 gros
168 3923 279 4010 spargi
295 3925 396 3991 aciem
413 3925 551 3991 hostium
568 3927 822 3992 animadversum
840 3936 899 4004 est,
916 3935 983 3989 tum
1000 3921 1089 4005 equi·

77 4034 125 4083 un
135 4026 261 4085 ttumae
273 4020 407 4086 emmsae
420 4021 493 4087 dato
507 4023 608 4109 signo,
626 4044 667 4087 ne
679 4023 714 4087 in
727 4021 923 4108 singulorum
934 4014 1088 4083 morando
