2566 4524
345 271 478 341 <amun
494 271 554 342 111,
572 271 614 328 ee.
628 272 670 326 eo.
690 270 841 341 [aeus]
1054 261 1116 325 189

112 432 150 499 illo
167 431 250 498 brevi
271 429 436 517 multiplex
461 429 581 496 bellum
605 429 786 495 rediturum.
822 429 873 495 his
898 451 960 517 ego
981 431 1150 516 gratiores

111 527 176 592 dictu
195 527 256 592 elia
278 549 350 593 esse
371 526 451 605 soi03
478 526 535 591 sed
556 547 607 590 me
628 547 702 591 vera
722 549 781 612 pro
806 526 904 612 gratis
931 524 1031 610 loqui,
1059 526 1118 591 etsi

108 643 193 686 neum
212 621 377 708 ingenium
402 643 466 685 non
491 629 646 698 moneret,
674 620 846 686 necessitas
873 620 967 706 cogit.
1003 620 1117 685 vellem

106 717 232 801 equidem
250 715 341 782 vobis
357 715 497 802 plaeere,
517 713 667 797 Quirites,
687 715 745 781 sed
761 714 860 780 multo
877 715 960 780 malo
979 737 1036 781 vos
1055 716 1117 780 sal-
1196 765 1199 769 .

104 834 151 877 vos
165 835 242 890 esse,
262 811 481 896 qualicumque
501 832 578 896 erga
594 832 645 874 me
659 810 763 875 animo
777 808 874 874 futuri
888 810 974 875 estis.
1005 824 1117 875 natura
1137 831 1169 880 ιο

99 905 149 971 hoe
169 907 213 971 ita
235 915 450 992 comparatum
476 914 538 983 est,
565 905 677 989 utqui
698 905 783 990 apud
804 905 1036 970 multitudinem
1059 930 1118 972 sua

97 1022 183 1067 causa
203 1000 355 1084 loquitur,
383 999 501 1086 gratior
521 1021 559 1064 eo
583 998 637 1078 sit,
665 999 754 1064 cuius
777 1021 866 1063 mens
889 999 967 1063 nihil
992 1014 1117 1085 praeter

93 1095 246 1181 publicum
265 1094 465 1158 commodum
482 1093 582 1171 videt,
600 1093 663 1158 nisi
679 1094 761 1158 forte
779 1093 994 1159 adsentatores
1012 1095 1116 1179 publi-

92 1211 150 1268 cos,
167 1188 339 1277 plebicolas
356 1188 517 1272 istos,.qui
533 1209 591 1254 vos
609 1189 718 1253 necin
736 1188 830 1252 armis
848 1188 954 1253 necin
967 1190 1030 1253 otio
1045 1210 1116 1253 esse

89 1283 201 1363 sinunt,
219 1295 325 1350 vestra
341 1306 398 1348 vos
417 1305 513 1348 causa
525 1283 654 1348 incitare
668 1292 700 1348 et
714 1283 873 1348 stimulare
887 1284 1014 1371 putatis.
1041 1305 1118 1348 con·
1135 1304 1166 1352 11

88 1379 171 1445 citati
192 1388 247 1443 aut
267 1377 377 1442 honori
399 1388 453 1441 aut
474 1378 618 1462 quaestui
638 1378 701 1442 illis
724 1377 799 1443 estis
823 1390 868 1455 et,
896 1378 970 1462 quia
991 1377 1024 1441 in
1042 1400 1117 1442 con·

86 1474 191 1540 cordia
208 1472 352 1537 ordinum
373 1468 476 1536 nullos
500 1494 534 1537 se
556 1493 692 1556 usquam
710 1494 781 1537 esse
803 1472 924 1550 vident,
951 1471 1052 1537 malae
1070 1473 1117 1537 rei

86 1590 122 1634 se
139 1589 233 1652 quam
250 1566 382 1645 nullius,
408 1565 570 1632 turbarum
588 1589 627 1632 ac
644 1567 833 1632 seditionum
857 1568 953 1632 duces
972 1589 1043 1633 esse
1061 1590 1116 1632 vo-

83 1662 159 1727 lunt.
188 1683 322 1745 quarum
339 1683 444 1725 rerum
461 1661 490 1726 si
506 1683 563 1732 vos
582 1661 720 1725 taedium
737 1663 864 1726 tandem
882 1684 993 1748 capere
1010 1672 1115 1747 potest
1135 1682 1166 1729 12

84 1765 116 1822 et
129 1766 257 1843 patrum
274 1764 458 1839 vestrosque
475 1756 620 1838 antiquos
639 1778 741 1821 mores
763 1755 859 1821 vultis
876 1778 933 1841 pro
955 1755 1006 1820 his
1023 1757 1115 1820 novis

84 1872 224 1929 sumere,
251 1850 338 1915 nulla
365 1850 519 1936 supplicia
543 1872 668 1936 recuso,
695 1851 757 1916 nisi
781 1851 891 1937 paucis
919 1850 1030 1915 diebus
1056 1851 1115 1915 hos
1136 1872 1166 1920 13

83 1945 284 2033 populatores
307 1967 454 2031 agrorum
475 1955 652 2010 nostrorum
673 1945 763 2010 fusos
786 1941 977 2032 fugatosque
1004 1946 1115 2011 castris

85 2061 202 2104 exuero
223 2049 254 2104 et
275 2063 295 2103 a
315 2039 413 2124 portis
435 2040 550 2105 nostris
572 2040 800 2124 moenibusque
817 2042 858 2105 ad
875 2041 1000 2105 illorum
1018 2039 1112 2106 urbes

85 2133 173 2198 bunc
196 2131 267 2198 belli
287 2142 449 2211 terrorem,
477 2156 539 2218 quo
561 2157 646 2199 nunc
666 2157 724 2199 vos
747 2135 870 2200 attoniti
896 2136 987 2214 estis,
1014 2146 1116 2200 trans·

85 2227 329 2388 taleliliVllII.
364 2321 450 2387 Raro
468 2322 545 2388 alias
564 2321 682 2386 tribuni
702 2322 863 2407 popularis
882 2325 981 2389 oratio
1004 2346 1116 2410 accep-
1135 2346 1148 2391 1

87 2416 142 2481 tior
162 2416 250 2502 plebi
272 2439 367 2501 quem
388 2428 463 2483 tunc
485 2417 677 2482 severissimi
698 2417 836 2482 consulis
858 2418 927 2482 fuit.
967 2419 1114 2482 iuventus
1134 2439 1149 2486 2

88 2531 220 2596 quoque,
239 2533 320 2595 quae
336 2511 418 2577 inter
434 2512 513 2577 tales
531 2523 634 2576 metus
653 2512 908 2577 detractationem
926 2512 1055 2576 militiae
1070 2523 1115 2575 te-

84 2602 150 2671 lum
166 2607 354 2671 acerrimum
371 2608 523 2673 adversus
544 2617 649 2693 patres
672 2606 788 2671 habere
806 2607 899 2673 solita
921 2618 1000 2685 erat,
1029 2630 1116 2671 arma

86 2709 120 2764 et
135 2699 250 2766 bellum
264 2700 435 2786 spectabat.
463 2712 494 2766 et
507 2702 678 2787 agrestium
692 2702 771 2787 suga
785 2703 969 2789 spoliatique
983 2703 1017 2766 in
1030 2702 1115 2788 agris

85 2803 120 2859 et
133 2795 287 2860 vulnerati
304 2795 444 2861 foediora
460 2796 513 2874 iis,
541 2818 622 2880 quae
640 2795 874 2862 subiciebantur
895 2797 1009 2874 oculis,
1036 2819 1116 2860 nun·

82 2888 197 2955 tientes
221 2902 319 2955 totam
340 2890 451 2955 urbem
472 2891 519 2955 ira
540 2891 708 2975 inplevere.
743 2892 777 2956 in
799 2902 943 2957 senatum
965 2891 1022 2956 ubi
1038 2911 1148 2959 ven-a

81 2988 153 3047 turn
169 2995 227 3060 est,
244 2983 290 3049 ibi
306 3006 381 3049 vero
397 2985 431 3048 in
445 2983 629 3067 Quinctium
647 3008 757 3051 omues
775 2988 867 3063 versi,
886 2997 921 3051 ut
934 3010 1033 3051 unum
1046 2987 1116 3050 vin·

81 3075 191 3140 dicem
214 3080 383 3144 maiestatis
409 3079 572 3145 Romanae
597 3080 726 3159 intueri,
754 3092 784 3145 et
810 3082 962 3166 primores
989 3093 1115 3165 patrum

82 3169 217 3257 diguam
236 3175 339 3239 dicere
362 3176 537 3239 contionem
558 3175 689 3260 imperio
716 3174 887 3251 consulari,
914 3175 1043 3260 dignam
1070 3185 1116 3237 tot

81 3267 299 3334 oonsrrlatibus
317 3279 390 3334 ante
408 3270 495 3347 actis,
515 3270 643 3355 dignam
660 3271 725 3335 vita
743 3270 837 3345 omni,
855 3268 949 3354 plena
962 3269 1115 3333 honorum

83 3376 179 3448 saepe
197 3375 369 3448 gestorum,
388 3365 513 3448 saepius
526 3365 716 3428 meritorum.
740 3364 817 3428 alios
831 3363 976 3428 consules
991 3375 1045 3428 aut
1058 3385 1115 3448 per
1132 3385 1149 3430 4

79 3457 292 3537 proditionem
314 3459 476 3544 dignitatis
498 3471 623 3544 patrum
644 3458 730 3543 plebi
752 3458 895 3522 adulatos
922 3472 976 3522 aut
1002 3459 1115 3523 acerbe

81 3552 200 3617 tuendo
218 3553 288 3616 iura
304 3553 422 3618 ordinis
441 3554 630 3639 asperiorem
649 3553 805 3618 domando
823 3552 1053 3618 multitudinem
1068 3553 1116 3618 fe-

80 3645 181 3713 cissa
207 3648 318 3713 Titum
341 3647 524 3731 Quinctium
549 3650 721 3714 orationem
746 3671 916 3713 memorem
942 3647 1114 3714 maiestatis

79 3750 209 3821 petrum
228 3742 473 3826 concordiaeque
491 3744 636 3808 ordinum
654 3755 686 3807 et
703 3753 878 3828 temporum
903 3743 1046 3828 inprimis
1060 3743 1116 3806 ha

78 3822 203 3902 baisse.
240 3859 328 3902 orare
351 3859 424 3901 eum
446 3838 675 3923 collegamque,
703 3850 737 3902 ut
755 3851 953 3924 capesserent
974 3862 1040 3903 rem
1057 3853 1150 3922 pu-tt

79 3916 215 4009 blicam3
234 3954 322 3996 orare
340 3931 491 4009 tribunos,
510 3947 544 3996 ut
562 3955 625 3997 unc
642 3934 746 3997 animo
764 3956 837 3998 cum
855 3933 1035 3997 consulibus
1050 3931 1117 3995 bel-

77 4010 153 4089 lum
175 4025 215 4091 ab
237 4025 315 4092 urbe
337 4048 375 4092 ao
396 4027 561 4094 moenibus
586 4028 766 4115 propulsari
789 4028 903 4092 vellent
927 4026 1117 4111 plebemque
1144 4010 1259 4258 Γ
