2566 4524
347 267 465 322 mana
483 269 519 340 v,
537 268 579 324 51.
593 268 637 323 sa
658 273 695 339 [a.
706 268 808 340 uaso]
1030 258 1092 324 301

73 439 163 495 terrae
182 426 364 505 celavimus,
383 426 444 492 alia
462 437 572 493 avecta
588 427 621 492 in
638 428 786 494 finitimas
805 430 899 495 urbes
918 428 1093 495 amovimus

73 515 105 581 ab
125 513 266 579 hostium
288 512 402 593 oculis3
429 514 558 579 deorum
581 514 699 579 cultum
721 515 835 580 deserti
853 515 892 580 ab
911 515 971 580 diis
992 515 1095 580 homi-

73 600 220 684 nibusque
243 609 349 663 tamen
369 621 433 664 non
453 599 686 664 intermisimus.
731 600 893 664 reddidere
919 601 1014 687 igitur
1039 624 1095 686 pa·
1115 620 1146 670 ro

73 686 154 752 triam
172 694 205 749 et
222 685 385 749 victoriam
403 695 434 749 et
451 685 614 768 antiquum
632 685 706 750 belli
723 686 819 751 decus
834 687 995 763 amissum,
1014 696 1045 750 et
1061 687 1094 750 in

73 772 180 849 hostes,
200 771 255 854 qui
272 770 359 835 caeci
375 770 505 834 avaritia
522 772 556 834 in
572 772 710 856 pondere
729 772 796 835 auri
814 772 926 836 foedus
945 793 982 836 ac
999 772 1095 834 fidem

73 857 253 932 fefellerunt,
272 865 433 920 verterunt
449 871 599 920 terrorem
616 857 788 942 fugamque
806 866 837 920 et
856 857 993 921 caedem.

126 941 206 1008 LII.
234 940 326 1006 Haec
343 941 419 1005 culti
437 941 635 1027 neglectique
648 943 784 1006 numinis
800 952 887 1007 tanta
903 943 1095 1007 monimenta
1114 965 1126 1009 1

73 1027 206 1094 urrebus
218 1025 364 1091 humanis
379 1038 541 1091 cernentes
551 1027 663 1111 ecquid
677 1028 808 1104 sentitis,
829 1027 978 1110 Quirites,
997 1050 1095 1111 quan-

73 1138 132 1180 um
154 1113 285 1177 vixdum
307 1134 324 1176 e
346 1112 519 1198 naufragiis
541 1113 652 1198 prioris
676 1114 786 1197 culpae
809 1113 968 1196 cladisque
995 1135 1095 1177 emer-

73 1210 175 1288 gentes
198 1220 344 1284 paremus
371 1197 480 1262 nefas?
523 1197 633 1263 urbem
659 1199 820 1284 auspicato
846 1199 1129 1284 inauguratoque2

73 1285 223 1352 ronditam
251 1282 418 1362 habemus3
449 1283 555 1348 nullus
583 1283 672 1349 locus
698 1284 731 1348 in
757 1306 795 1348 ea
819 1306 884 1348 non
908 1284 1096 1384 religionum

73 1370 259 1454 leorumque
277 1378 325 1433 est
337 1368 460 1518 plenus,
480 1369 639 1434 sacrificiis
654 1369 856 1435 sollemnibus
870 1391 934 1433 non
948 1370 1015 1433 dies
1030 1393 1096 1433 ma-

73 1455 113 1545 gia
131 1455 207 1521 stati
224 1477 321 1538 quam
349 1476 407 1519 oea
425 1464 507 1533 sunt,
525 1455 691 1539 inquibus
709 1455 794 1519 fiant.
822 1455 879 1520 hos
895 1477 1003 1520 omnes
1018 1456 1094 1520 deos
1114 1474 1129 1522 3

73 1541 210 1609 ›nblieos
249 1541 442 1624 rivatosque,
464 1539 616 1623 Quirites,
636 1541 789 1606 deserturi
806 1541 902 1605 estis?
927 1562 1022 1625 quam
1039 1564 1097 1626 par

73 1620 206 1695 rostrum
223 1563 342 1691 iactum
360 1636 409 1691 est
428 1624 497 1712 [ei],
516 1627 601 1710 quod
618 1627 651 1691 in
669 1626 831 1691 obsidione
848 1649 950 1713 nuper
961 1628 994 1690 in
1008 1649 1097 1713 egre-

73 1714 118 1801 gio
134 1712 338 1778 adulescente
353 1710 390 1776 O.
400 1711 501 1777 Fabio
518 1734 582 1776 non
600 1713 719 1777 minore
736 1712 875 1776 hostium
893 1713 1096 1777 admiratione

73 1820 161 1885 {uam
177 1808 286 1864 vestra
307 1806 510 1882 conspectum
532 1808 594 1874 est,
622 1820 694 1861 eum
715 1798 795 1862 inter
814 1796 937 1863 Gallica
959 1799 1021 1862 tela
1043 1799 1098 1862 de-

73 1906 195 1973 gressus
216 1906 256 1948 ex
274 1905 345 1948 arce
363 1882 514 1947 sollemne
530 1882 650 1948 Fabiae
667 1883 770 1969 gentis
793 1883 824 1947 in
844 1883 922 1948 colle
941 1882 1097 1965 Quirinali

73 1970 162 2039 abiit?
192 1993 235 2034 an
257 1969 416 2054 gentilicia
437 1991 527 2034 sacra
547 1991 588 2034 ne
609 1969 642 2033 in
664 1969 746 2034 bello
774 1969 902 2053 quidem
924 1969 1096 2046 intermitti,
1115 1989 1132 2036 4

73 2056 193 2143 publica
212 2077 301 2119 saera
318 2064 349 2118 et
366 2054 528 2120 Romanos
546 2055 622 2120 deos
645 2055 739 2119 etiarn
761 2056 794 2118 in
812 2077 889 2141 pace
911 2055 1014 2120 deseri
1031 2055 1098 2139 pla-

73 2143 133 2207 tat?
164 2151 196 2205 et
218 2139 381 2226 pontifices
403 2140 608 2225 flaminesque
629 2141 879 2290 neglegentiores
901 2141 1098 2226 publicarum

73 2227 254 2329 religionum
273 2249 343 2292 esse
361 2248 456 2310 quam
477 2227 618 2312 privatus
639 2227 673 2290 in
696 2249 731 2291 so
743 2226 839 2290 lemni
860 2227 963 2314 gentis
986 2226 1099 2290 fuerit?

73 2310 201 2381 braun
225 2312 337 2395 aliquis
359 2312 455 2392 dieat,
485 2321 538 2377 aut
554 2311 644 2378 Veiis
667 2335 706 2376 ea
727 2336 784 2377 nos
807 2312 946 2376 facturos
965 2322 1019 2376 aut
1034 2311 1131 2380 hucs

73 2401 138 2465 nde
153 2399 307 2463 missuros
322 2399 498 2462 sacerdotes
512 2408 646 2476 nostros,
666 2398 721 2482 qui
729 2398 846 2463 faciant
851 2421 860 2476 3
879 2419 1013 2481 quorum
1021 2418 1098 2461 neu-

73 2504 149 2551 tum
167 2484 236 2549 fieri
254 2483 349 2548 salvis
368 2483 563 2549 caerimoniis
580 2493 694 2570 potest.
735 2494 822 2548 etue
841 2484 945 2548 omnia
991 2504 1098 2547 ederae
1117 2504 1132 2550 6

73 2568 124 2636 im
141 2593 234 2636 saera
251 2591 422 2654 omnesque
439 2591 642 2655 percenseam
660 2570 747 2647 deos,
765 2570 800 2634 in
811 2568 897 2635 Iovis
916 2507 1008 2655 epuio
1021 2591 1096 2632 num

73 2654 143 2722 alibi
160 2678 258 2740 quarn
274 2654 308 2719 in
327 2654 483 2753 Capitolio
505 2656 651 2742 pulvinar
672 2656 791 2741 suscipi
807 2656 930 2741 potest?
961 2654 1037 2739 quid
1059 2654 1098 2717 ds
1118 2674 1132 2721 ⁷

73 2743 204 2808 teter-nis
231 2741 350 2806 Vestae
375 2741 501 2828 ignibus
529 2742 697 2828 signoque,
725 2742 811 2825 quod
836 2740 959 2827 imperii
984 2741 1098 2826 pignus

73 2828 215 2894 tustodia
236 2826 305 2891 eius
326 2827 435 2913 templi
456 2837 592 2906 tenetur,
618 2828 747 2911 loquar?
786 2828 862 2913 quid
884 2828 924 2892 de
946 2825 1099 2892 ancilibus

73 2913 196 2991 vesnia,
224 2911 314 2978 Mars
333 2910 472 2978 Gradive
490 2923 585 2998 tuque
605 2912 737 2996 Quirine
754 2914 862 2999 pater?
896 2914 974 2978 haec
996 2912 1101 2977 omnia

73 2990 104 3063 lu
118 2998 253 3086 profano
272 2999 374 3063 deseri
390 2999 494 3149 placet
512 3022 601 3064 sacra
618 2999 762 3083 aequalia
774 2999 853 3076 urbi,
873 3000 1028 3082 quaedam
1047 3020 1101 3062 ve-

73 3084 204 3150 motion
221 3084 341 3171 origine
359 3107 397 3149 ur
418 3085 465 3149 is?
496 3093 527 3149 et
544 3085 662 3164 videte,
681 3085 758 3169 quid
773 3085 854 3149 inter
871 3106 929 3148 nos
948 3106 985 3147 ac
1003 3084 1135 3148 maio-8

73 3182 129 3234 res
144 3168 273 3236 intersit:
292 3170 337 3234 illi
356 3192 444 3235 sacra
462 3171 617 3254 quaedam
634 3171 667 3235 in
684 3179 790 3236 monte
807 3168 934 3233 Albano
948 3167 1101 3231 Lavinio-

96 3276 138 3320 ue
153 3255 242 3322 nobis
260 3255 407 3321 facienda
423 3257 628 3321 tradiderunt:
647 3295 690 3304 -
708 3281 749 3321 an
767 3278 805 3320 ex
818 3255 957 3319 hostium
969 3250 1100 3316 urbibus

73 3270 208 3408 bornam
226 3343 265 3407 ad
283 3363 342 3407 nos
360 3342 522 3406 transferri
541 3365 630 3407 sacra
646 3342 829 3428 religiosum
846 3340 919 3417 fuit,
939 3338 1013 3402 hine
1031 3336 1098 3401 sine

73 3424 196 3505 isiaeulo
218 3428 252 3492 in
272 3427 411 3492 hostium
431 3427 543 3492 urbem
564 3428 661 3493 Veios
684 3426 929 3492 transferemus?
959 3423 1103 3489 recorda·
1120 3443 1134 3490 9

73 3513 159 3592 nini,
185 3515 357 3601 agitedum,
384 3514 526 3597 quotiens
545 3537 634 3578 saera
650 3514 874 3590 instaurentur,
893 3512 968 3594 quia
985 3510 1103 3593 aliquid

73 3610 116 3663 οι
131 3603 232 3685 patrio
242 3600 307 3664 ritu
318 3599 517 3686 neglegentia
531 3622 646 3665 casuve
658 3600 913 3684 praetermissum
928 3607 985 3661 est.
1008 3595 1102 3660 modo

75 3694 155 3763 quae
171 3708 225 3751 res
240 3694 313 3771 post
330 3685 509 3772 prodigium
525 3685 645 3751 Albani
662 3687 749 3749 lacus
772 3684 833 3748 nisi
850 3682 1034 3747 instauratio
1053 3705 1103 3745 sa-

75 3778 198 3835 elorum
221 3771 494 3856 auspiciorumque
515 3772 677 3836 renovatio
703 3770 845 3834 adfectae
867 3768 994 3833 Veienti
1020 3766 1102 3831 bello

75 3854 122 3949 {ei
135 3856 282 3942 publicae
298 3858 437 3922 remedio
454 3857 533 3922 fuit?
550 3868 582 3922 at
599 3858 703 3934 etiam,
722 3866 883 3940 tamquam
900 3863 1041 3918 veterum
1053 3872 1102 3914 re·
1121 3868 1155 3917 10

122 3941 228 4008 'onum
249 3965 418 4022 memores,
445 3952 477 4008 et
498 3966 572 4029 pere
610 3945 679 4010 inos
702 3944 779 4007 deos
802 3939 1016 4006 transtulimus
1038 3936 1104 4000 Ro-

74 4032 161 4093 ¹itam
178 4040 210 4095 et
226 4028 418 4096 instituimus
435 4052 545 4096 novos.
572 3967 654 4095 irino
671 4029 780 4116 regina
793 4035 969 4092 transvecta
982 4047 1001 4088 a
1012 4019 1102 4087 Veiis

1062 4202 1239 4280 „fl
