2566 4524
133 247 197 314 332
390 257 510 312 LIBER
526 257 582 328 VI,
600 256 644 315 26.
657 257 699 313 at.
719 259 757 326 [a.
767 273 794 314 u.
804 255 901 328 aute]

131 416 288 483 indixistis
302 415 522 501 intulistisque,
540 424 646 502 patres
662 413 839 502 conscripti,
859 414 942 481 sicut
954 437 1038 482 nunc
1049 414 1136 483 videtis
1178 490 1185 503 ,

132 536 190 580 nos
209 521 327 579 stantes
345 512 379 576 in
395 510 552 578 vestibulo
571 510 676 577 curiae
693 519 831 589 vestrae,
853 511 899 577 ita
920 511 1033 577 armati
1048 511 1138 599 parab

132 630 194 693 que
212 607 339 675 obviam
355 605 595 692 imperatoribus
613 604 855 694 legionibusque
877 605 993 694 restris
1007 605 1141 693 processi
1181 604 1185 613 '

98 723 213 787 ornus.
249 701 300 767 hic
321 710 441 778 noster,
468 700 520 765 bie
540 699 644 787 plebis
666 708 792 766 nostrae
813 698 942 771 habitus
958 698 1028 771 fnit
1047 699 1143 786 erisque

133 818 270 883 semper,
297 795 359 861 nisi
377 795 404 861 si
421 795 547 879 quando
564 818 585 861 a
601 793 693 862 vobis
715 816 835 881 proque
856 793 949 861 vobis
972 818 1062 863 arma
1075 816 1144 863 acce

131 892 281 978 perimus.
308 889 425 976 gratias
443 888 566 976 agimus
584 897 616 954 et
633 888 766 955 ducibus
785 889 896 955 vestris
910 898 950 954 -et
966 887 1145 967 exercitibus,

132 986 218 1070 quod
236 983 334 1052 oculis
352 984 454 1071 magis
472 1004 569 1067 quam
586 982 715 1051 auribus
733 983 932 1049 crediderunt
950 992 997 1063 et,
1016 982 1145 1058 ubiuibil

98 1079 245 1150 ohostile
267 1088 346 1158 erat,
374 1101 414 1144 ne
436 1078 498 1166 ipsi
520 1078 648 1162 quidem
669 1077 820 1145 fecerum.
856 1099 970 1165 pacem
983 1101 1083 1163 quam
1100 1098 1145 1143 nos

131 1172 353 1261 praestitimus,
373 1195 444 1239 eam
462 1195 482 1239 a
497 1171 589 1238 vobis
607 1172 758 1258 petimus;
777 1171 894 1239 bellum
912 1194 967 1252 eo,
988 1172 1087 1241 sicubi
1101 1180 1146 1249 est

132 1269 280 1336 avertatis
297 1289 477 1355 precamur:
503 1267 537 1332 in
553 1288 612 1332 nos
631 1268 707 1352 quid
725 1289 813 1333 arma
829 1267 969 1354 polleant
992 1275 1106 1346 vestra,
1126 1264 1146 1335 ti
1167 1282 1170 1287 '

129 1363 279 1450 patiendo
288 1354 517 1450 experirmdum
526 1370 583 1440 est,
602 1361 737 1427 inermes
751 1362 957 1449 experiemur.
984 1361 1065 1429 haec
1074 1380 1146 1427 mmo

131 1466 240 1524 nostra
265 1467 327 1536 est,
355 1457 399 1522 dii
424 1456 604 1523 inmortales
631 1455 762 1537 faciant,
789 1465 855 1522 tam
880 1456 960 1523 felix
986 1477 1080 1543 quam
1097 1453 1145 1543 pir-

99 1552 218 1637 rquod
238 1552 281 1617 ad
306 1552 436 1617 crimina
462 1552 585 1629 attinet,
613 1549 728 1636 quibus
757 1551 834 1617 moti
854 1550 974 1617 bellum
997 1549 1145 1627 indixistis,

132 1647 192 1712 etsi
212 1646 331 1712 revicta
351 1645 446 1712 rebus
472 1645 577 1712 verbis
604 1645 767 1712 confutare
792 1645 870 1711 nibil
895 1646 1023 1725 attinet,
1050 1655 1144 1721 umen,

132 1741 226 1808 etiam
244 1741 272 1806 si
290 1762 365 1807 vera
383 1741 453 1819 sint,
472 1740 523 1806 vel
541 1739 632 1806 fateri
649 1739 741 1806 nobis
759 1763 811 1820 ea,
830 1762 902 1806 cum
920 1751 989 1807 tam
1007 1740 1144 1807 evidenter

130 1836 326 1926 paenituerit,
346 1845 448 1901 tutum
466 1857 642 1901 censemus.
677 1844 825 1921 peccetur
842 1835 875 1899 in
892 1856 962 1919 vos,
983 1835 1061 1901 dum
1076 1827 1143 1919 digni

97 1951 114 2000 8
131 1933 200 1997 sitis
218 1929 333 2016 quibus
351 1930 396 1995 ita
413 1929 564 1996 satisfiat?
590 1938 712 1995 tanturn
724 1929 791 1996 fere
804 1929 974 1997 verborum
987 1928 1029 1995 ab
1043 1926 1143 1994 Tuscu·
1181 2000 1183 2008 ⁴

130 2024 211 2090 lanis
239 2024 369 2089 factum.
407 2045 518 2111 paoem
543 2024 788 2111 inpraesentia,
814 2046 874 2090 nec
898 2025 945 2091 ita
965 2023 1066 2089 multo
1087 2024 1141 2109 poti
1181 2040 1185 2061 ··

42 2157 44 2161 ,
132 2119 290 2184 civitatem
313 2118 408 2185 etiam
428 2118 683 2205 impetraverunt.
725 2117 766 2184 ab
788 2117 930 2185 Tmculo
951 2119 1091 2207 legiones
1107 2133 1141 2178 re·

134 2213 257 2279 ductae.

98 2328 112 2377 1
195 2306 346 2374 XXVII.
375 2305 539 2387 Camillus,
559 2306 689 2372 consilio
708 2316 739 2372 et
754 2307 869 2373 virtute
886 2307 920 2372 in
933 2306 1056 2376 Volsco
1070 2298 1142 2388 bello,

131 2401 280 2469 felicitate
306 2402 340 2467 in
367 2401 549 2468 Tusculana
574 2401 785 2488 expeditione,
818 2399 988 2487 utrubique
1016 2400 1143 2493 singulari
1176 2443 1177 2449 κ

132 2496 283 2563 adversus
302 2493 456 2585 collegam
473 2496 622 2582 pubentia
645 2505 676 2561 et
694 2496 906 2561 moderatione
923 2496 1073 2585 insignis,
1093 2520 1142 2564 ma·
1177 2502 1181 2511 '

97 2591 265 2679 agistratu
287 2589 364 2656 abiit
386 2591 497 2656 creatis
521 2589 652 2655 tribunis
679 2589 865 2656 militaribus
887 2590 922 2654 in
946 2591 1160 2679 insequentem·

35 2708 40 2720 ’
131 2708 248 2751 annum
264 2684 307 2750 L.
326 2693 358 2750 et
373 2684 412 2749 P.
431 2684 577 2763 Valeriis,
595 2684 699 2752 Lucio
717 2679 874 2769 quintum,
892 2682 1013 2753 Publio
1031 2688 1144 2763 tertium
1177 2722 1185 2753 ·.

132 2789 163 2844 et
186 2777 268 2844 Gaio
292 2776 404 2865 Sergio
426 2780 566 2857 tertium,
593 2779 698 2845 Lucio
719 2778 871 2845 Menenio
892 2779 1025 2861 iterum,
1050 2778 1144 2850 Publio

98 2892 114 2941 3
131 2873 274 2959 Papirio,
303 2869 416 2938 Servio
435 2871 581 2939 Cornelio
603 2872 837 2962 Maluginense.
879 2876 1066 2945 censoribus
1085 2897 1144 2963 quo·

133 2988 195 3051 que
218 2967 305 3055 eguit
326 2989 426 3034 annus
448 2969 585 3034 maxime
607 2977 734 3055 propter
759 2969 910 3034 incertam
937 2969 1060 3038 famam
1083 2969 1144 3038 aeria
1184 3030 1185 3034 ,

134 3060 240 3140 alieni,
268 3060 513 3150 adgravantibus
532 3085 688 3127 summam
707 3062 801 3128 etiam
822 3062 961 3129 invidiae
981 3065 1051 3133 eius
1069 3062 1144 3132 tribu·

69 3243 71 3246 y
130 3156 179 3222 nis
197 3157 308 3244 plebis,
328 3179 401 3223 cum
418 3156 458 3223 ab
476 3157 515 3221 iis
534 3156 717 3236 elevaretur,
736 3156 851 3241 quibus
869 3155 933 3222 fide
951 3161 1057 3249 magis
1070 3178 1143 3246 quau
1183 3206 1185 3215 ,

130 3253 257 3320 fortuna
282 3252 462 3319 debentium
491 3251 634 3318 laborare
661 3252 813 3318 creditum
837 3252 939 3319 videri
966 3253 1143 3343 expediebat

96 3365 113 3412 4
132 3348 227 3411 creati
249 3369 394 3415 censores
418 3345 456 3413 O.
479 3345 639 3434 Sulpicius
664 3345 865 3426 Camerinus,
896 3345 954 3434 Sp.
977 3347 1143 3418 Postumus

130 3439 335 3525 Regillensis,
363 3450 535 3526 coeptaque
552 3441 616 3506 iam
633 3463 683 3507 res
701 3450 801 3507 morte
818 3440 980 3523 Postumi,
1010 3446 1084 3530 quia
1098 3438 1144 3509 cab

97 3554 113 3602 5
130 3533 235 3620 legam
254 3533 358 3599 suffici
376 3535 498 3601 censori
514 3535 625 3623 religio
647 3545 726 3614 erat,
753 3535 952 3623 interpellata
975 3549 1035 3605 est.
1069 3536 1144 3626 igitur

131 3649 203 3692 cum
223 3624 381 3716 Sulpicius
400 3629 579 3697 abdicasset
596 3653 631 3696 se
647 3630 847 3718 magistratu,
876 3653 1026 3701 censores
1049 3632 1097 3700 alii
1109 3627 1143 3695 ri·

130 3722 174 3786 tio
192 3723 287 3789 creati
303 3745 367 3789 non
384 3734 551 3811 gesserunt
567 3725 795 3813 magistralium
831 3725 942 3793 tertios
961 3728 1062 3795 creari
1077 3722 1141 3791 vetut

129 3816 189 3883 diis
208 3840 271 3883 non
288 3818 513 3904 accipientibus
531 3820 564 3884 in
581 3841 654 3885 eum
668 3842 786 3913 annum
800 3840 967 3887 censuram
979 3820 1140 3911 religiosum

95 3932 111 3980 o
129 3911 199 3977 fuit.
231 3935 301 3979 eam
318 3935 393 3978 vero
410 3912 654 3979 ludificationem
671 3913 772 4000 plebis
790 3913 907 3980 tribuni
926 3914 1087 3985 ferendam
1098 3928 1140 3979 ut·

128 4007 262 4094 gabant:
292 4007 403 4095 fugere
431 4019 574 4076 senatum
600 4019 696 4076 testes
723 4007 846 4076 tabulas
873 4009 1018 4097 publicas
1045 4020 1136 4077 censu!
