2566 4524
134 250 196 317 156
351 260 469 315 11111
486 259 544 328 111,
562 256 673 312 ae-ao.
692 260 766 326 [au.
778 256 951 325 1111111]

132 419 291 486 decemvir
320 419 405 483 diem
437 414 542 482 Sestio
576 415 656 479 dixit
685 424 718 480 et
746 426 912 480 accusator
940 414 984 479 ad
1013 415 1151 502 populum

132 517 234 584 extitit
258 516 348 581 euius
370 514 417 578 rei
438 513 535 576 iudex
551 511 710 597 legitimus
733 520 801 575 erat
817 510 1019 594 decessitque
1041 533 1082 576 ex
1095 512 1151 577 iure
1177 576 1181 599 ÷

133 634 205 689 suo,
220 611 427 695 utdemptum
440 606 522 671 deri
531 606 733 692 magistratus
747 605 857 692 populi
867 605 1009 670 libertati
1017 606 1150 671 adiceret.
1177 602 1181 659 1

99 729 113 776 1
196 705 389 771 XXXIIII.
426 701 510 769 Cum
527 714 708 787 promptum
725 700 786 767 hoc
806 702 856 767 ius
874 702 962 766 velut
979 725 1022 767 ex
1039 704 1150 771 oracula

132 801 347 887 incorruptum
365 798 481 884 pariter
496 796 537 862 ab
559 797 599 861 iis
622 797 737 860 summi
753 796 915 881 infimique
936 797 1071 876 ferrent,
1096 808 1150 863 tun

131 895 256 982 legibus
288 893 459 960 condendis
486 913 582 977 opera
607 890 749 956 dabatur.
792 892 975 978 ingentique
1002 892 1150 957 hominum

133 989 364 1075 exspectatione
381 986 550 1073 propositis
568 986 677 1051 decem
694 985 810 1051 tabulis
827 986 980 1073 populum
994 988 1036 1053 ad
1048 986 1149 1053 contio·

98 1104 204 1151 anem
226 1084 460 1149 advocaverunt
482 1091 527 1159 et,
553 1081 638 1165 quod
659 1080 778 1145 bonum
799 1081 940 1146 faustum
962 1081 1101 1167 felixque
1114 1080 1149 1147 rei

130 1178 290 1266 publicae,
312 1178 391 1264 ipsis
408 1176 578 1260 liberisque
596 1198 703 1240 eorum
721 1186 819 1255 esset,
841 1177 887 1241 ire
904 1186 937 1241 et
952 1176 1061 1264 legere
1076 1178 1148 1265 lego

98 1295 114 1342 3
131 1274 308 1359 propositas
325 1273 461 1350 iussere3
484 1292 533 1349 se,
552 1280 704 1354 quantum
722 1271 831 1335 decem
848 1268 1015 1336 hominum
1031 1270 1147 1359 ingeniis

130 1368 288 1455 provideri
305 1366 455 1452 potuerit,
478 1365 640 1442 omnibus,
664 1365 795 1430 summis
813 1365 1008 1449 infimisque,
1026 1366 1146 1432 111111-

98 1483 114 1529 4
133 1485 263 1547 quasse,
289 1463 361 1547 plus
378 1461 497 1547 pollere
513 1461 684 1526 multorum
705 1460 833 1547 ingenia
854 1460 1059 1545 consiliaque.
1092 1483 1146 1526 ver·

133 1567 238 1621 serent
254 1556 288 1620 in
305 1556 418 1621 animis
437 1577 544 1620 secum
562 1577 816 1639 unamquamque
832 1577 913 1632 rem,
937 1556 1092 1642 agitarent
1105 1556 1145 1620 de·

131 1651 205 1715 inde
224 1650 420 1716 sermonibus
438 1661 532 1734 atque
549 1650 583 1714 in
600 1651 748 1728 medium,
766 1649 843 1734 quid
859 1650 894 1713 in
906 1672 1034 1734 quaque
1045 1648 1143 1737 replm

99 1765 115 1813 5
132 1745 277 1809 minusve
295 1756 389 1823 esset,
408 1743 594 1809 conferrent.
631 1766 685 1808 eas
702 1744 790 1830 leges
808 1742 990 1808 habiturum
1012 1743 1142 1831 populum

131 1838 320 1917 Romanum,
339 1861 418 1923 quas
437 1861 609 1904 consensus
628 1839 768 1903 omnium
781 1861 844 1903 non
856 1837 992 1903 iussisse
1004 1839 1083 1905 latas
1093 1858 1143 1903 nu·

131 1935 181 2019 gis
200 1957 295 2016 quam
313 1934 422 1998 tulisse
440 1933 539 1997 videri
556 1942 674 2019 posset.

99 2047 114 2095 6
198 2026 282 2091 Cum
304 2027 345 2090 ad
366 2049 507 2091 rumores
529 2027 693 2091 hominum
715 2027 754 2091 de
776 2047 966 2111 unoquoque
987 2026 1092 2115 legum
1106 2046 1142 2091 ct·

132 2121 196 2206 pite
215 2122 315 2186 editos
334 2121 409 2186 satis
433 2131 588 2186 correctae
606 2122 798 2199 riderentur,
825 2121 1009 2187 centuriatis
1031 2118 1141 2187 11111111

133 2217 242 2279 decem
260 2214 437 2280 tabularum
453 2216 541 2302 leges
558 2216 696 2301 perlatae
715 2225 801 2293 sunt,
828 2237 909 2299 quae
931 2238 1018 2281 nunc
1039 2230 1142 2301 quoqu

132 2309 165 2374 in
192 2309 252 2374 hoc
278 2311 421 2375 inmenso
444 2311 575 2375 aliarum
598 2333 693 2394 super
718 2311 795 2375 alias
818 2320 1036 2375 acervatarum
1056 2311 1144 2396 legun

100 2424 114 2472 t
133 2405 258 2469 cumulo
275 2405 347 2470 fons
366 2406 468 2470 omnis
486 2405 604 2491 publici
625 2405 800 2490 privatique
823 2414 872 2469 est
892 2404 980 2470 iuris.
1017 2405 1157 2492 vulgatur.

132 2499 244 2563 deinde
266 2523 385 2577 rumor,
413 2501 492 2564 duas
515 2501 626 2564 deesse
649 2498 785 2576 tabulas,
813 2498 928 2582 quibus
951 2499 1081 2565 adiectis
1103 2494 1147 2563 ab·

133 2594 212 2658 solvi
229 2616 324 2680 posse
341 2594 428 2658 velut
446 2616 558 2679 eorpus
577 2594 678 2658 omnis
695 2593 832 2657 Romani
853 2593 940 2658 11111.
976 2617 1017 2659 ea
1034 2610 1148 2679 exspet-

133 2689 222 2764 tatio,
251 2710 322 2751 eum
350 2688 417 2752 dies
444 2688 640 2752 comitiorum
667 2687 943 2773 adpropinquaret,
971 2687 1169 2753 desiderium·

99 2801 113 2847 8
133 2781 327 2845 decemviros
345 2780 457 2844 iterum
476 2782 601 2845 creandi
618 2781 702 2845 feeit.
738 2781 802 2845 iam
818 2781 923 2867 plebs,
941 2792 1146 2867 praeterquam

132 2875 217 2956 quod
239 2873 403 2938 consulum
425 2897 539 2939 nomen
561 2875 646 2940 haud
673 2898 765 2941 secus
791 2898 886 2959 quam
911 2898 1026 2962 regum
1049 2892 1146 2962 perost
1173 2904 1181 2967 1

133 2977 211 3045 erat,
234 2990 274 3031 ne
292 2967 490 3033 tribunicium
509 2971 637 3053 quidem
655 2970 806 3033 auxilium
824 2969 1009 3036 cedentibus
1026 2970 1145 3035 invien
1176 2990 1181 3051 'j

132 3062 340 3148 appellatione
359 3065 544 3130 decemviris
562 3065 743 3149 quaerebat.

99 3181 111 3225 1
196 3157 348 3224 XXXV.
384 3158 559 3243 Postquam
577 3181 652 3223 vero
670 3159 794 3225 comitia
813 3158 999 3225 decemviris
1019 3154 1143 3225 creanda
1176 3214 1181 3245 r

130 3252 164 3317 in
185 3253 301 3318 trinum
323 3255 497 3318 nundinum
519 3254 637 3319 indicta
659 3263 745 3331 suut,
774 3263 861 3318 tanta
881 3254 1000 3318 exarsit
1021 3248 1142 3325 ambitio,
1171 3248 1181 3331 l

97 3366 112 3412 a
131 3356 166 3409 ut
183 3348 334 3430 primores
353 3370 478 3432 quoque
493 3348 627 3412 civitatis
645 3386 688 3395 —
705 3357 800 3425 metu,
820 3347 923 3425 credo,
942 3369 983 3412 ne
996 3347 1075 3412 tanti
1085 3362 1143 3432 pot·
1173 3344 1181 3425 Ξ

133 3439 232 3504 sessio
248 3441 371 3525 imperii
389 3465 489 3507 vacuo
512 3441 552 3507 ab
576 3465 610 3506 se
631 3441 738 3506 relicto
761 3442 831 3506 loco
852 3441 937 3506 haud
956 3442 1034 3507 satis
1056 3434 1141 3527 digu'!
1171 3442 1181 3543 j

130 3542 251 3619 pateret
267 3571 310 3582 —
326 3546 509 3620 prensarent
526 3535 682 3613 homines,
700 3536 851 3601 honorem
870 3559 995 3601 summa
1012 3558 1071 3623 ope
1086 3548 1142 3599 stt
1174 3552 1181 3601 1

131 3627 340 3713 inpugnatum
362 3629 402 3695 ab
426 3653 463 3695 ea
479 3629 586 3715 plebe,
610 3653 681 3695 eum
700 3653 763 3715 qua
781 3631 1019 3709 contenderant,
1042 3622 1142 3716 suppli·
1163 3604 1181 3697 1

98 3719 209 3789 311111
226 3733 377 3807 petentes.
413 3724 543 3789 dimissa
564 3724 628 3788 iam
649 3725 682 3788 in
704 3725 871 3789 discrimen
893 3725 1031 3811 dignitas
1053 3746 1089 3789 ea
1102 3738 1141 3785 ιο·
1169 3702 1181 3785 l

131 3822 195 3878 tate
212 3815 312 3899 iisque
330 3816 500 3883 honoribus
519 3819 596 3883 actis
615 3819 795 3884 stimulabat
812 3818 956 3905 Appium
976 3818 1140 3887 claudium
1174 3790 1181 3895 l

131 3910 284 3987 nescires,
311 3921 417 3976 utrum
433 3913 514 3977 inter
531 3913 725 3978 decemviros
744 3937 785 3978 an
800 3913 882 3979 inter
900 3913 1082 3978 candidatos
1096 3924 1142 3971 nu·
1173 3901 1181 3967 1

98 4024 279 4071 4111111111.
318 4006 446 4092 propior
466 4007 622 4072 interdum
647 4009 782 4095 petendo
809 4031 904 4096 quam
929 4006 1068 4095 gerendo
1089 4020 1142 4068 111·
1161 3976 1181 4137 11
