2566 4524
145 251 211 321 320
404 260 522 316 crasa
538 260 594 332 vr,
612 258 654 314 15.
668 259 710 316 16.
729 258 913 332 [1111000]

146 433 178 490 et
198 422 276 488 istos
293 419 478 486 incubantes
496 417 632 504 publicis
650 417 828 515 thensauris
851 440 892 484 ex
912 420 1031 506 praeda
1051 419 1145 487 0100110

109 540 126 588 0
147 517 228 584 stina
251 515 387 582 evolvas
428 514 514 599 quod
536 513 597 578 nisi
620 512 712 592 facis,
741 513 808 579 sive
834 522 871 579 ut
893 523 925 580 et
945 514 1014 602 ipse
1034 515 1068 581 in
1084 523 1156 603 pute

144 613 280 700 praedae
303 611 347 675 sis
370 610 437 675 sive
459 609 533 692 quia
554 631 671 673 vanum
697 607 849 673 indicium
875 619 938 688 est,
965 610 1000 675 in
1019 609 1147 676 vinclate

145 706 218 772 duci
234 705 351 772 iubebo
368 726 427 769 nec
444 703 561 768 diutius
583 703 698 788 patiar,
725 726 745 768 a
765 711 798 768 te
817 703 1053 795 multitudinem
1071 701 1149 770 fallaci

113 823 202 887 rspe
224 797 392 865 concitari?
436 798 477 863 ad
498 820 537 862 ea
553 796 694 862 Manlius
716 819 776 863 nec
798 819 834 864 se
855 797 1011 865 fefellisse
1032 800 1084 880 ait,
1104 820 1150 865 101

144 897 296 962 adversus
314 893 464 971 Volscos,
492 893 605 958 totiens
627 891 728 958 hostis
750 892 895 977 quotiens
917 893 1062 980 patribus
1078 914 1151 979 expe·

145 990 224 1068 diat,
250 1012 309 1055 nec
326 989 478 1054 adversus
496 987 630 1053 Latinos
647 986 882 1073 Hernicosque,
908 1010 992 1073 quos
1015 989 1095 1055 falsis
1107 985 1152 1053 eri·

144 1084 282 1151 minibus
300 1085 333 1148 in
351 1106 439 1149 arma
456 1091 560 1170 agant,
581 1082 638 1148 sed
654 1082 807 1148 adversus
822 1105 857 1149 se
871 1104 909 1149 ac
921 1083 1051 1171 plebem
1061 1084 1152 1151 Roma·

110 1199 219 1247 anam
245 1181 442 1246 dictatorem.
456 1187 595 1243 creatum
621 1199 707 1244 esse:
733 1177 798 1243 iam
824 1177 944 1245 omisso
970 1178 1067 1259 bello,
1090 1175 1153 1264 quod
1183 1204 1187 1267 ξ

146 1275 326 1341 simulatum
344 1275 398 1352 sit,
425 1274 459 1338 in
477 1296 511 1338 se
528 1273 681 1359 impetum
697 1271 778 1351 fieri,
800 1273 865 1338 iam
883 1274 1069 1341 dictatorem
1083 1271 1154 1361 prol·

144 1370 203 1435 teri
220 1369 427 1456 patrocinium
444 1368 675 1433 faeneratorum
697 1368 848 1433 adversus
870 1367 1013 1454 plebem,
1039 1371 1099 1436 iam
1112 1364 1155 1434 sili

111 1484 126 1532 0
145 1486 186 1529 ex
202 1464 311 1529 favore
329 1462 536 1528 multitudinis
551 1462 670 1527 crimen
682 1471 715 1528 et
726 1462 896 1549 perniciem
914 1464 1036 1548 quaeri.
1068 1462 1156 1530 ‘offen

145 1558 203 1622 dit'
221 1558 322 1643 inquit
340 1564 399 1637 ‘te,
418 1555 461 1622 A.
482 1556 623 1636 Corneli,
641 1580 777 1644 vosque,
795 1568 900 1644 patres
919 1560 1100 1648 conscripti,
1114 1557 1158 1624 c'r·

144 1653 291 1718 cumfuse
309 1652 401 1718 turba
417 1653 508 1718 lateri
524 1675 609 1718 meo:
628 1654 705 1736 quin
722 1675 793 1718 eam
805 1653 953 1721 diducitis
967 1679 988 1721 a
999 1677 1054 1722 me
1066 1650 1160 1741 singull

144 1748 258 1814 vestris
276 1747 451 1827 beneficiis,
478 1748 713 1826 intercedendo,
737 1748 903 1815 eximendo
921 1749 962 1815 de
978 1772 1078 1817 nervo
1092 1749 1159 1815 cives

144 1853 277 1921 vestros,
295 1842 490 1929 prohibendo
502 1842 656 1908 iudicatos
671 1841 876 1927 addictosque
890 1842 974 1923 duci,
994 1866 1083 1911 exeo
1094 1840 1161 1929 quud

96 1957 128 2005 10
146 1937 247 2002 affluit
263 1936 377 2022 opibus
396 1937 508 2003 vestris
528 1937 710 2002 sustinendo
727 1937 933 2005 necessitates
951 1938 1102 2005 aliorum?
1118 1934 1180 2025 sel¹

145 2031 223 2115 quid
245 2053 305 2116 ego
327 2053 400 2109 vos,
428 2031 467 2096 de
485 2040 590 2097 vestro
612 2032 805 2118 inpendatis,
832 2031 960 2098 hortor?
991 2043 1106 2100 sortem
1120 2030 1163 2099 ai·

144 2147 242 2209 quam
258 2125 347 2204 ferte,
367 2126 406 2191 de
424 2126 526 2212 eapite
543 2127 689 2192 deducite
706 2128 792 2213 quod
805 2128 910 2194 usuris
923 2138 1164 2216 pernumerem

145 2229 208 2285 est:
234 2219 298 2286 iam
319 2220 416 2287 nihilo
438 2244 509 2286 mea
530 2221 623 2288 turba
644 2245 740 2306 quam
764 2222 860 2299 ullius
886 2220 1089 2310 conspectior
1110 2223 1163 2290 en't.

96 2336 126 2382 11
145 2324 178 2381 at
196 2314 280 2380 enim
297 2316 373 2400 quid
390 2316 435 2381 ita
453 2315 538 2382 solus
557 2338 617 2403 ego
635 2316 752 2381 civium
769 2338 879 2382 curam
896 2318 978 2404 ago?
1000 2319 1098 2386 nihilo
1113 2340 1165 2384 rna·

145 2410 196 2496 gis
224 2412 310 2493 quod
336 2412 544 2498 respondeam
571 2411 673 2477 habeo
699 2412 842 2495 quamsi
863 2434 1017 2497 quaeras,
1045 2414 1166 2499 quidits

147 2504 232 2570 solus
252 2504 446 2591 Capitolium
463 2528 628 2590 arcemque
648 2506 847 2571 servaverim.
885 2516 917 2572 et
939 2516 1010 2573 tum
1028 2506 1165 2575 universis

13 2662 17 2668 ,
96 2618 127 2667 12
146 2622 241 2684 quam
258 2600 347 2686 potui
364 2623 458 2686 opem
475 2601 533 2665 tuli
550 2610 581 2665 et
598 2622 683 2665 nunc
700 2600 833 2688 singulis
851 2600 963 2667 feram.
1005 2628 1080 2671 nam
1097 2600 1166 2688 quod

146 2695 187 2759 ad
205 2693 368 2759 thesauros
389 2692 529 2760 Gallicos
547 2695 670 2777 attinet,
697 2716 766 2759 rem
788 2705 899 2781 suapte
919 2706 1037 2764 natura
1058 2698 1167 2765 facilen

145 2788 308 2852 difficilem
320 2788 521 2875 interrogatio
534 2789 619 2854 facit.
646 2812 703 2854 cur
715 2790 799 2855 enim
812 2791 962 2875 quaeritis
975 2795 1065 2877 quod
1079 2789 1167 2860 scitis?

147 2903 203 2945 cur
220 2881 306 2964 quod
322 2882 356 2945 in
374 2883 445 2947 sinu
462 2892 566 2949 vestro
584 2893 633 2949 est
647 2884 752 2949 excuti
764 2883 879 2950 iubetis
894 2886 1002 2971 potius
1017 2911 1112 2973 quam
1122 2908 1167 2974 pe·

97 2994 128 3043 10
146 2975 242 3053 natis,
265 2975 326 3041 nisi
344 2975 449 3062 aliqua
466 2977 552 3044 fraus
572 2977 700 3044 subest?
733 3000 797 3063 quo
814 2981 917 3067 magis
941 2983 1036 3068 argui
1053 2980 1166 3070 praesti·

146 3071 215 3158 gius
233 3070 348 3137 iubetis
366 3082 497 3152 vestras,
516 3096 554 3139 00
571 3073 644 3159 plus
662 3095 785 3152 vereor,
803 3097 844 3140 ne
861 3075 1059 3144 abstuleritis
1076 3078 1165 3144 obser·

144 3166 293 3232 vantibus
311 3167 405 3233 etiam
423 3167 542 3233 oculos.
577 3167 684 3252 itaque
705 3191 770 3233 non
792 3190 853 3256 ego
875 3169 1025 3237 vobisut
1047 3172 1164 3237 indicem

145 3263 278 3348 praedas
296 3271 431 3341 vestras,
460 3263 516 3328 sed
533 3284 590 3327 vos
608 3262 642 3326 id
659 3263 792 3348 cogendi
810 3263 901 3342 estis,
929 3274 965 3330 ut
985 3265 1023 3330 in
1044 3265 1163 3332 modim

145 3356 329 3440 proferatis?
704 3409 707 3413 ,

114 3471 127 3517 1
210 3448 307 3514 XVI.
349 3448 433 3515 Cum
454 3451 577 3516 mittere
599 3451 750 3539 ambages
773 3452 907 3517 dictator
928 3453 1054 3521 iuberet
1075 3463 1105 3520 et
1121 3458 1160 3517 out

145 3565 296 3629 peragere
322 3566 433 3610 verum
458 3546 610 3611 indicium
636 3556 763 3634 cogeret
788 3556 843 3612 aut
868 3547 962 3613 fateri
983 3549 1105 3615 facinus
1124 3546 1159 3611 iu·

146 3637 285 3702 simulati
301 3637 382 3705 falso
401 3640 529 3706 crimine
552 3651 679 3707 senatus
703 3642 889 3727 oblataeque
910 3643 987 3708 vani
1007 3645 1085 3711 furti
1098 3637 1158 3707 invi·

146 3732 226 3813 diae,
244 3745 411 3822 negantem
429 3736 557 3803 arbitrio
574 3737 772 3802 inimicorum
789 3760 824 3805 se
836 3737 1017 3805 locuturum
1029 3741 1065 3805 in
1076 3732 1157 3804 vind·

114 3848 129 3896 2
147 3828 221 3893 duci
242 3829 342 3895 iussit.
383 3843 524 3918 arreptus
547 3856 566 3897 a
588 3832 706 3897 viatore
725 3832 894 3919 ‘luppiter'
919 3833 1024 3918 inquit
1048 3830 1155 3918 ‘opum

145 3924 283 3990 maxime
304 3926 447 4010 lunoque
473 3926 583 4014 regina
608 3949 645 3992 ac
667 3926 813 3993 Minerva
835 3927 992 4012 ceterique
1018 3928 1064 3992 dii
1083 3926 1155 3990 deat-

146 4040 221 4104 que,
248 4019 303 4106 qui
326 4019 517 4108 Capitolium
543 4044 709 4108 arcemque
734 4021 884 4101 incolitis,
912 4021 1008 4088 sicine
1035 4026 1153 4087 vestrm
