2566 4524
142 240 208 311 400
407 248 526 305 trinua
542 247 627 319 vm,
646 245 711 303 aa.
732 251 770 316 [a
779 263 807 301 u.
818 262 842 303 a.
850 244 915 316 414]

143 410 290 477 adiuncto
309 408 468 496 duplicent
485 408 568 473 vires
587 428 675 484 suas,
695 426 789 490 quem
808 425 972 470 secernere
990 403 1028 469 ab
1045 427 1077 470 se
1092 426 1145 470 ocu·

144 507 228 571 sules
243 504 333 570 bellis
346 503 480 591 propriis
493 500 648 589 ponendis
663 498 888 584 sumendisque
905 498 1020 577 nolint,
1038 520 1088 564 cur
1101 520 1145 565 uon

109 601 248 671 comnia
266 599 457 686 aequantur?
483 621 539 662 cur
555 620 620 663 non
638 596 716 663 alter
733 594 773 661 ab
791 595 927 676 Latinis,
940 594 1051 661 consul
1069 595 1144 672 datur,

110 719 125 772 a
142 697 198 763 ubi
216 719 288 783 pars
306 695 435 772 virium,
453 692 499 758 ibi
515 701 548 758 et
564 692 688 778 imperii
703 713 778 778 pars
793 689 861 755 est?
879 699 929 756 est
942 690 1067 775 quidem
1077 689 1145 756 nobb
1183 754 1185 759 .

142 793 203 857 hoc
220 813 278 877 per
295 812 329 854 se
346 788 424 853 haut
437 787 530 853 nimis
545 786 699 874 amplum,
717 786 835 873 quippe
849 784 1090 852 concedentibus
1100 784 1147 850 Ro·
1183 796 1185 800 ‘

143 908 229 949 mam
247 892 340 969 caput
353 883 441 948 Latii
458 905 542 960 esse,
562 882 620 948 sed
637 889 673 946 ut
690 881 830 968 amplum
847 880 950 946 videri
967 889 1078 968 posset,
1095 880 1147 944 diu·

111 988 237 1049 c'turna
254 978 404 1063 patientia
421 976 564 1042 fecimus.
600 974 688 1060 atqui
705 976 733 1041 si
750 975 877 1059 quando
894 997 1047 1060 umquam
1059 995 1148 1040 conso·

145 1073 248 1139 ciandi
269 1072 406 1158 imperii,
429 1071 629 1157 usurpandae
650 1069 803 1136 libertatis
821 1079 950 1156 tempus
969 1069 1103 1156 optastis,
1121 1089 1148 1132 en

144 1169 206 1233 hoc
231 1176 356 1253 tempus
383 1166 473 1232 adest
495 1176 526 1231 et
548 1166 662 1230 virtute
684 1173 789 1230 vestra
810 1172 843 1229 et
864 1165 963 1229 deum
984 1162 1147 1251 benignitate
1180 1198 1182 1203 ·

111 1284 126 1332 a
144 1262 236 1328 vobis
250 1261 369 1326 datum.
392 1261 568 1347 temptastis
582 1258 764 1346 patientiam
777 1259 924 1346 negando
938 1257 1076 1324 militem.
1098 1254 1160 1341 quir'
1179 1288 1185 1351 Ις

145 1356 280 1435 dubitat,
313 1355 470 1420 exarsisse
497 1376 565 1435 eos,
593 1376 666 1419 cum
691 1353 763 1440 plus
790 1353 1000 1418 ducentorum
1025 1370 1148 1418 annonm
1179 1384 1185 1424 ς

109 1453 111 1458 ’
144 1473 266 1518 morem
297 1450 513 1518 solveremus?
551 1449 746 1537 pertulerunt
777 1457 881 1513 tamen
912 1449 1001 1514 hunc
1029 1447 1147 1517 dolonn
1179 1479 1185 1517 ε

111 1545 264 1614 abellam
289 1556 397 1610 nostro
423 1545 550 1611 nomine
577 1566 649 1610 cum
670 1542 833 1630 Paelignis
859 1542 1035 1630 gessimus:
1062 1541 1109 1627 qui
1123 1559 1148 1604 ut
1179 1574 1185 1612 ε

145 1650 326 1706 nostrorum
352 1640 479 1724 quidem
506 1640 616 1704 linium
642 1638 735 1705 nobis
756 1661 814 1726 per
835 1661 894 1704 nos
917 1639 1101 1709 tuendomm
1116 1635 1147 1699 ius

110 1755 127 1804 a
146 1744 238 1801 antea
255 1734 385 1814 dabant,
404 1735 482 1800 nihil
499 1736 751 1800 intercesserunt.
789 1732 950 1800 Sidicinos
968 1735 1003 1799 in
1019 1734 1107 1799 fidem
1118 1750 1148 1794 rc·
1178 1764 1185 1802 r

147 1841 269 1917 ceptos,
294 1829 476 1916 Campanos
498 1828 538 1895 ab
562 1852 596 1894 se
615 1829 655 1894 ad
677 1852 736 1895 nos
759 1828 913 1908 descisse,
942 1828 1093 1894 exercitus
1110 1843 1147 1890 act
1178 1833 1181 1841 '

145 1948 255 2012 parare
269 1924 420 1991 adversus
436 1923 605 2002 Samnites,
624 1923 802 1989 foederatos
816 1945 902 2001 suoS,
921 1923 1097 1999 audierunt,
1111 1936 1148 1983 net
1178 1930 1185 1990 i

97 2039 128 2086 10
146 2029 312 2085 moverunt
325 2040 360 2084 se
373 2018 414 2084 ab
427 2018 514 2084 urbe.
542 2020 639 2098 unde,
658 2019 741 2085 unde
755 2018 833 2085 haec
846 2018 909 2085 illis
924 2026 1014 2084 tauta
1026 2012 1148 2084 modat

145 2113 207 2178 nisi
224 2137 244 2177 a
261 2113 452 2178 conscientia
469 2113 582 2177 virium
601 2124 632 2178 et
645 2123 822 2179 nostrarum
837 2122 868 2178 et
882 2114 1033 2181 suarum?
1049 2113 1148 2177 identat
1177 2139 1185 2178 ÷

146 2201 289 2274 auctores
307 2207 423 2286 habeo,
447 2208 649 2293 querentibus
672 2209 713 2273 de
734 2207 824 2295 nobis
844 2206 1045 2273 Samnitibus
1064 2207 1104 2270 ita
1119 2222 1148 2268 rt·

146 2326 298 2390 sponsum
315 2302 355 2369 ab
375 2314 486 2369 senatu
503 2304 647 2370 Romano
666 2326 750 2384 esse,
773 2314 808 2369 ut
825 2303 919 2369 facile
937 2311 1107 2390 appareret,
1123 2315 1149 2362 ut

145 2399 232 2484 ipsos
251 2398 378 2482 quidem
396 2399 459 2462 iam
476 2399 652 2484 postulare,
677 2409 711 2463 ut
728 2398 859 2463 Latium
877 2397 938 2464 sub
957 2399 1098 2464 Romano
1111 2395 1148 2458 im·
1177 2454 1185 2464 ..

145 2493 232 2578 perio
255 2493 305 2558 sit.
349 2504 498 2580 usurpate
521 2495 615 2559 modo
637 2494 825 2579 postulando
844 2516 896 2572 eo,
920 2494 1008 2578 quod
1026 2494 1069 2558 illi
1085 2485 1137 2555 vob'
1178 2524 1185 2559 :

96 2605 126 2651 11
146 2588 232 2652 taciti
250 2589 434 2654 concedunt.
476 2590 503 2654 si
521 2611 616 2674 quem
633 2589 695 2654 hoo
712 2600 814 2654 metus
833 2589 938 2654 dicere
955 2587 1108 2675 prohibet,
1125 2602 1148 2646 a
1179 2614 1185 2672 j

146 2705 206 2768 ego
224 2683 307 2767 ipse,
331 2683 477 2748 audiente
495 2706 559 2747 uon
575 2683 694 2768 populo
711 2683 856 2749 Romano
874 2684 971 2749 modo
996 2692 1148 2764 senatuque
1179 2712 1185 2751 ·.

147 2777 204 2840 sed
221 2776 298 2840 Iove
320 2776 404 2860 ipso,
426 2778 481 2860 qui
500 2776 692 2862 Capitolium
713 2777 834 2855 incolit,
855 2778 1017 2864 profiteor,
1041 2798 1089 2842 me
1107 2772 1148 2838 die
1178 2804 1185 2833 ·.·

146 2878 265 2947 turum,
284 2878 332 2946 ut,
353 2871 380 2933 si
398 2892 455 2935 nos
473 2872 507 2935 in
524 2872 651 2937 foedere
670 2894 707 2937 ac
726 2873 875 2937 societate
889 2895 962 2938 esse
976 2872 1084 2948 velint,
1101 2887 1149 2934 cot·
1178 2872 1185 2941 'a

96 2980 127 3027 12
148 2962 248 3026 sulem
263 2962 394 3027 alterum
408 2963 448 3029 ab
461 2964 552 3031 nobis
567 2975 757 3050 senatusque
771 2976 893 3052 partem
907 2967 1081 3053 accipiant?
1096 2964 1149 3028 baa
1180 2994 1185 3033 t

146 3059 292 3124 ferociter
305 3081 370 3125 non
383 3061 527 3126 suadenti
541 3060 657 3140 solum,
678 3063 734 3128 sed
746 3062 907 3147 pollicenti
920 3060 1058 3128 clamore
1075 3070 1103 3126 et
1115 3053 1149 3122 al·

147 3178 244 3221 seusu
261 3178 370 3222 omnes
387 3157 610 3242 permiserunt,
629 3165 664 3220 ut
678 3166 784 3244 ageret
799 3158 997 3242 diceretque,
1016 3167 1149 3243 quaesit

145 3251 273 3338 publica
290 3252 425 3316 nominis
443 3251 552 3315 Latini
568 3252 693 3336 fideque
713 3275 770 3316 sua
788 3252 980 3318 viderentur.
1184 3307 1185 3315 ,

114 3359 127 3405 1
155 3371 157 3375 ’
211 3344 253 3410 V.
289 3345 356 3410 Ubi
375 3353 423 3411 est
439 3346 575 3411 Romam
593 3356 736 3424 ventum,
755 3346 788 3410 in
807 3345 968 3432 Capitolio
988 3347 1034 3413 eis
1051 3350 1150 3413 senatu!
1183 3371 1185 3397 ³

147 3439 239 3502 datus
257 3447 314 3504 est.
350 3439 395 3504 ibi
413 3463 485 3505 cum
502 3440 541 3504 Τ.
560 3439 699 3507 Manlius
718 3439 829 3507 consul
847 3442 968 3526 egisset
986 3464 1058 3508 cum
1075 3439 1114 3505 eis
1126 3450 1151 3498 tt

113 3533 330 3597 tauctoritate
352 3542 490 3617 patrum,
517 3557 558 3599 ne
578 3531 774 3601 Samnitibus
797 3535 970 3602 foederatis
992 3530 1151 3604 belluna

146 3627 276 3705 ferrent,
295 3624 436 3708 Annius,
455 3639 615 3714 tamquam
632 3631 733 3696 victor
750 3631 846 3695 armis
865 3628 1063 3717 Capitolium
1078 3623 1153 3712 cepit·

113 3736 128 3784 3
148 3731 209 3799 set,
232 3744 296 3786 non
316 3721 440 3808 legatus
463 3725 530 3789 iure
551 3724 693 3810 gentium
711 3732 798 3790 tutus
815 3724 1016 3809 loqueretur:
1040 3731 1152 3805 ‘tempu

147 3814 236 3894 erat,'
253 3817 355 3901 inquit
374 3818 460 3883 ‘Tite
474 3818 577 3883 Manli
590 3841 710 3903 vosque
723 3828 828 3904 patres
847 3821 1035 3907 conscripti,
1053 3813 1153 3883 taudem

145 3911 210 3977 iam
227 3934 285 3978 vos
303 3912 468 3978 nobiscum
486 3913 563 3977 nihil
579 3936 637 3999 pro
654 3913 785 4000 imperio
804 3936 914 4000 agere,
934 3936 1011 3981 cum
1028 3905 1154 3979 fleant*

147 4005 263 4073 simum
293 4008 387 4074 deum
418 4006 610 4095 benignitate
640 4031 724 4075 nunc
750 4009 881 4074 Latium
914 4009 1013 4075 armis
1043 4005 1153 4086 vifisqut
