2566 4524
133 226 198 292 238
367 237 487 292 LIBER
503 236 577 305 1111,
593 236 637 290 ts.
655 233 929 304 [ancfflS-blb]

134 395 279 463 hostibus
296 406 407 481 eaptus
424 396 541 459 siriam
557 394 750 458 divideretur
769 414 969 479 magnaeque
990 391 1091 478 partis
1110 415 1157 458 no-

100 513 117 562 a
134 491 246 557 bilium
267 513 306 556 eo
327 490 414 576 plebi
435 490 515 554 scito
531 487 767 574 publicarentur
789 487 936 553 fortunae
951 525 998 534 -
1013 509 1075 553 neo
1086 488 1156 553 enin

134 586 234 651 ferme
251 585 420 669 quicquam
437 584 520 670 agri,
547 596 582 646 ut
599 583 632 647 in
648 582 727 648 urbe
744 583 848 647 alieno
869 582 939 647 solo
959 582 1081 667 posita,
1105 605 1156 647 nou

135 682 231 745 armis
252 696 378 764 partum
396 690 477 756 crat,
499 700 559 742 nee
579 679 667 761 quod
687 679 828 742 venisset
847 678 1092 764 adsignatumve
1110 700 1156 763 pu-

100 798 118 845 4
135 774 217 840 blice
234 788 319 838 esset
335 786 553 858 praeterquam
570 773 662 858 plebs
679 773 876 838 babebat-
892 786 986 837 atrox
1008 772 1094 858 plebi
1112 795 1156 858 ps·

135 868 299 952 tribusque
315 868 510 953 propositum
528 868 693 933 ridebatur
709 882 878 932 certamen.
903 889 964 932 neo
981 867 1099 933 tribuni
1111 865 1155 931 ni-

135 964 226 1028 litum
243 985 327 1027 nunc
344 964 378 1027 in
395 978 507 1027 senatu
523 985 607 1027 nunc
625 963 657 1027 in
679 963 818 1028 consiliis
836 963 969 1047 privatis
991 960 1154 1047 principun

101 1080 119 1127 o
136 1059 286 1145 cogendis
303 1058 388 1122 viam
405 1058 527 1123 consilii
539 1057 751 1135 inveniebant,
769 1080 843 1122 cum
855 1056 920 1142 Ap.
931 1054 1098 1133 Claudius,
1113 1075 1154 1119 ne·

135 1176 195 1238 pos
213 1154 292 1231 eius,
310 1154 365 1237 qui
382 1154 541 1218 decemvir
557 1151 682 1239 legibus
697 1152 870 1216 scribendis
888 1151 1003 1227 fuerat,
1020 1150 1153 1214 minimus
1196 1206 1198 1211 .

102 1261 212 1317 onata
229 1271 270 1313 ex
285 1260 411 1334 patrum
428 1248 575 1324 concilio,
603 1249 718 1312 dicitur
733 1247 867 1324 dixisse,
894 1256 987 1311 vetus
1009 1267 1046 1311 se
1067 1267 1104 1310 ac
1118 1242 1154 1307 fa·
1196 1272 1198 1279 ·

136 1342 256 1407 miliare
274 1343 440 1407 eonsilium
457 1343 552 1407 domo
568 1342 706 1407 adferre·
724 1364 877 1427 proavum
894 1340 981 1405 enim
998 1363 1091 1405 suum
1102 1338 1153 1448 Ap.
1196 1426 1198 1431 Ι

138 1435 308 1503 Claudium
325 1438 500 1503 ostendisse
517 1437 704 1523 patribus
674 1461 758 1501 viam
771 1459 868 1501 unam
879 1436 1100 1502 dissolvendae
1112 1433 1198 1499 tri·
1196 1434 1198 1441 '

103 1552 119 1599 t
137 1530 283 1597 bumc1ae
299 1533 464 1617 potestatis
481 1555 539 1617 per
555 1532 780 1641 collegarum
769 1531 1038 1597 mtercessionem.
1077 1527 1198 1621 facile}

137 1626 281 1691 homines
298 1648 398 1691 novos
416 1627 600 1692 auctoritate
617 1628 793 1712 principum
810 1627 851 1691 de
872 1626 1030 1690 sententia
1047 1622 1150 1698 deduci
1192 1626 1198 1771 1

138 1721 164 1785 si
183 1733 358 1808 temporum
375 1721 532 1789 interdum
548 1723 653 1808 potius
671 1745 768 1806 quam
785 1721 957 1787 maiestatis
975 1743 1098 1787 memor
1110 1717 1151 1785 sd-

102 1815 283 1883 shibeatur
302 1817 411 1882 oratio.
450 1840 527 1927 pro
533 1816 661 1883 fortuna
685 1817 748 1881 illis
774 1817 896 1881 animos
922 1838 1005 1881 esse.
1045 1811 1139 1880 ubi
1116 1835 1152 1877 n·
1193 1774 1198 1873 l

139 1911 247 1989 deant,
274 1911 411 1996 collegas
428 1911 645 1997 principes
604 1911 747 1975 aoendae
768 1911 814 1974 rei
830 1909 965 1999 gratiam
986 1904 1198 1985 omnemsdl

104 2025 120 2073 a
137 2004 263 2089 plebem
278 2027 527 2089 praeoccupasse
544 2027 604 2069 nec
620 2005 751 2070 loeum'
742 2029 776 2069 ιιι
793 2027 831 2070 ea
846 2004 991 2069 relictum
1004 2004 1077 2081 sibi,
1093 1990 1198 2067 tau

137 2108 267 2184 gravate
284 2098 494 2163 adclinaturos
513 2121 548 2164 se
566 2099 607 2164 ad
625 2121 753 2164 causam
768 2109 905 2176 senatus,
923 2120 1090 2183 perquam
1102 2094 1156 2162 nni·

88 2212 121 2260 10
138 2213 230 2256 verso
247 2191 357 2270 ordini,
376 2202 443 2257 tum
460 2193 649 2278 primoribus
663 2216 698 2259 se
711 2205 837 2279 patrum
850 2193 1027 2258 concilient.
1059 2192 1156 2277 adpro·

138 2284 286 2353 bentibus
309 2288 429 2353 cunctis
452 2299 483 2353 et
504 2299 577 2353 ante
599 2311 709 2354 omnes
733 2287 775 2370 Q„
795 2286 930 2353 Servilio
951 2286 1066 2353 Prisco
1086 2281 1157 2370 quod

138 2402 202 2444 non
219 2381 441 2466 degenerasset
459 2381 547 2447 abt
518 2383 613 2467 stirpe
633 2381 769 2448 Claudia
786 2381 1022 2447 conlaudante
1012 2400 1155 2453 iuvenem,
1196 2422 1198 2437 ι

138 2476 299 2562 negotium
318 2477 471 2554 datur‚ut
437 2487 569 2562 utquos
587 2477 721 2561 quisque
738 2487 846 2562 posset
863 2499 904 2540 ex
920 2475 1056 2562 collegio
1074 2474 1156 2540 tribu·

88 2590 119 2637 11
139 2592 250 2636 norum
267 2572 334 2637 ad
325 2572 581 2637 intercessionem
598 2571 792 2656 perlicerent.
828 2571 927 2635 miaso
950 2583 1064 2635 senatu
1080 2590 1157 2655 pren·

139 2679 248 2731 santur
264 2666 305 2731 ab
323 2665 516 2751 principibus
535 2666 660 2731 tribuni.
698 2667 873 2744 suadendo,
900 2666 1059 2731 monendo
1082 2659 1157 2750 polli-

140 2760 314 2843 cendoque,
342 2774 466 2846 gratum
484 2760 517 2823 id
536 2760 668 2846 singulis
690 2761 851 2847 privatim,
878 2772 1006 2846 gratum
1024 2759 1157 2825 universo

91 2871 122 2918 12
140 2852 262 2916 senatui
279 2851 361 2930 fore,
380 2876 439 2917 sex
457 2854 496 2917 ad
513 2853 768 2920 intercessionem
787 2877 1013 2941 conparavere3
1030 2864 1157 2940 postero·

139 2966 200 3029 que
222 2945 273 3010 die
296 2967 368 3012 cum
390 2969 430 3010 ex
452 2949 625 3034 composito
646 2950 779 3014 relatum
801 2950 843 3015 ad
865 2958 1009 3013 senatum
1028 2959 1111 3015 esset
1125 2945 1156 3009 de

140 3039 304 3119 seditione,
333 3063 427 3126 quam
445 3043 611 3109 Maecilius
630 3043 835 3127 Metiliusque
856 3043 1022 3129 largitione
1039 3036 1155 3129 pessimi

89 3155 120 3203 1³
139 3136 273 3222 exempli
291 3138 462 3215 concirent,
482 3161 537 3203 eae
556 3139 711 3203 orationes
729 3162 748 3203 a
765 3137 953 3222 primoribus
971 3149 1098 3222 patrum
1112 3136 1156 3200 ha·

138 3227 222 3296 bitae
241 3242 322 3308 sunt,
342 3242 376 3295 ut
393 3255 451 3317 pro
470 3255 504 3298 se
523 3233 656 3316 quisque
674 3233 737 3297 iam
755 3254 814 3298 nec
832 3232 998 3297 consilium
1017 3232 1080 3298 sibi
1095 3250 1155 3314 sup·

138 3336 243 3408 petere
263 3325 381 3389 diecret
403 3349 462 3391 nee
485 3349 519 3391 se
541 3327 637 3392 ullam
660 3350 753 3412 opem
774 3349 900 3391 cernere
918 3326 1013 3391 aliam
1037 3343 1155 3410 usquam

138 3427 355 3501 praeterquam
373 3419 406 3482 in
424 3419 589 3485 tribunicio
607 3421 733 3486 auxilio.
759 3421 792 3485 in
810 3422 877 3485 eius
895 3421 1061 3505 potestatis
1075 3421 1155 3484 fideu

139 3511 382 3576 circumventam
403 3536 471 3578 rem
492 3514 651 3599 publicam
678 3524 837 3598 tamquam
863 3514 1021 3600 privatum
1043 3515 1154 3600 inopen
1195 3534 1198 3541 ·

89 3624 121 3672 14
139 3605 319 3691 confugere.
346 3608 540 3691 praeclarum
556 3609 634 3694 ipsis
652 3609 862 3694 potestatique
880 3630 961 3685 ease,
979 3632 1044 3674 non
1062 3610 1102 3674 ad
1114 3626 1155 3669 ve·

137 3699 275 3762 xandum
296 3711 437 3765 sonatum
456 3702 705 3786 discordiamque
722 3703 866 3767 ordinum
889 3704 1079 3768 movendam
1095 3701 1155 3788 plut

138 3790 171 3856 in
194 3792 352 3858 tribunatu
373 3795 486 3859 virium
514 3817 584 3861 esse
610 3818 706 3879 quam
733 3798 773 3861 ad
796 3797 1004 3862 resistendum
1027 3793 1155 3882 inprobis

89 3906 120 3954 15
139 3887 286 3973 conlegis.
321 3888 465 3954 fremitus
484 3888 597 3954 deinde
615 3891 752 3955 universi
770 3902 898 3956 senatus
917 3901 1018 3969 ortus,
1038 3913 1109 3956 oum
1124 3907 1157 3953 er

139 3981 283 4047 omnibus
296 3983 437 4067 partibus
452 3984 556 4049 curiae
570 3983 687 4049 tribuni
699 3985 939 4070 appellarentur.
963 3995 1032 4051 tum
1045 3981 1158 4051 silentio

32 4166 119 4256 Ν
