2566 4524
148 242 214 308 200
389 248 509 305 uranu
526 249 599 321 1111,
618 251 642 304 0.
656 249 682 304 r.
701 248 879 319 [000000.
892 248 957 317 aro]

115 435 131 484 c
147 411 272 479 interim
291 409 425 476 conubio
442 408 569 495 plebem
585 417 728 495 paratam
741 406 869 473 dilectui
880 405 959 473 fore.
987 428 1060 473 cnm
1073 405 1159 474 Canu·
1200 478 1202 483 ,

147 509 228 574 leius
251 506 382 572 victoria
404 506 443 569 dc
464 503 605 590 patribus
629 514 660 569 et
685 502 787 590 plebis
814 502 923 568 favore
947 501 1060 591 ingens
1085 511 1159 579 esset,
1200 520 1202 529 ·

150 602 275 668 accensi
293 600 346 666 alii
362 598 480 665 tribuni
497 599 538 663 ad
556 608 714 663 certamen
730 620 788 684 pro
805 597 969 685 rogatione
988 620 1047 665 sua
1058 618 1158 664 sumna

148 697 181 761 vi
197 704 354 782 pugnant,
374 703 405 758 et
422 703 581 758 crescente
598 693 632 757 in
649 693 716 758 dies
734 692 821 758 fama
836 691 912 757 belli
929 690 1078 759 dilectum
1092 690 1159 777 inps»

116 814 131 862 o
150 791 249 854 diunt.
286 787 446 866 consules,
470 809 542 852 cum
559 809 616 873 per
634 796 778 852 senatum
800 786 1066 852 intercedentibus
1082 784 1158 851 tribu·

148 885 198 950 nis
220 883 299 949 nihil
320 883 374 970 agi
389 891 516 968 posset,
544 881 675 947 consilia
696 881 874 968 principum
899 881 988 947 domi
1012 878 1156 947 habehant

151 978 336 1065 apparebat,
356 987 410 1042 aut
427 976 571 1042 hostibus
589 986 644 1041 aut
662 975 784 1041 civibus
803 977 842 1040 de
860 975 992 1041 victoria
1008 975 1158 1042 conceden-

116 1074 227 1143 tdum
249 1095 330 1138 esse.
366 1071 426 1136 soli
448 1093 488 1136 ex
509 1070 726 1136 consularibus
744 1069 892 1137 Valerius
915 1079 1011 1155 atque
1027 1064 1156 1136 Horatius

149 1192 213 1236 non
229 1169 398 1233 intererant
415 1166 563 1232 consiliis.
602 1163 640 1230 C.
660 1163 775 1231 Claudi
793 1165 948 1231 sententia
970 1164 1112 1231 consules
1124 1186 1160 1229 ar

150 1263 259 1330 mahat
275 1263 309 1326 in
326 1261 484 1339 tribunos,
513 1259 747 1343 Quinctiorum,
777 1258 1020 1344 Cincinnatique
1037 1268 1069 1325 et
1085 1255 1158 1345 Capi·

149 1359 251 1436 tohni,
276 1357 447 1422 sententiae
465 1355 676 1421 abhorrebant
693 1378 713 1420 a
730 1355 826 1420 caede
843 1354 1076 1441 violandisque,
1100 1373 1158 1439 quos

114 1472 131 1522 8
148 1452 276 1518 foedere
294 1453 355 1516 icto
374 1474 447 1517 cum
463 1450 556 1536 plebe
572 1459 789 1515 sacrosanctos
802 1449 1008 1535 accepissent.
1030 1471 1087 1537 per
1101 1447 1158 1513 ha

149 1545 280 1612 consilia
298 1567 335 1610 00
354 1545 489 1609 deducta
507 1554 555 1610 est
571 1567 637 1621 res,
660 1554 696 1609 ut
712 1543 855 1610 tribunos
872 1543 1009 1609 militum
1027 1538 1157 1609 consului

148 1650 303 1727 potestate
320 1640 498 1726 promiscue
517 1662 557 1705 ex
578 1639 720 1725 patribus
743 1661 781 1704 ac
801 1639 894 1726 plebe
912 1639 1012 1705 creari
1034 1639 1154 1711 amant

150 1737 189 1802 de
212 1735 393 1801 consulibus
422 1734 564 1800 creandis
591 1734 669 1799 nihil
693 1743 876 1800 mutaretur.
917 1755 1018 1820 eoque
1045 1727 1157 1801 contenti

149 1831 276 1909 tribuni,
295 1839 441 1897 contenta
457 1829 548 1915 plebs
566 1829 635 1894 fuit.

115 1944 130 1993 9
215 1925 352 1991 Comitia
369 1925 501 1989 tribunis
520 1924 678 1990 consulari
694 1932 849 2010 potestate
863 1922 962 1989 tribus
977 1918 1159 1989 creandisic·

149 2019 304 2084 dicuntur.
339 2016 455 2101 quibus
473 2017 598 2083 indictis
617 2018 774 2104 extemplo
792 2017 982 2103 quicumque
1000 2016 1115 2103 aliquid
1124 2035 1160 2081 ss·

150 2112 262 2178 ditiose
279 2112 401 2177 dixerat
418 2122 472 2177 aut
489 2111 607 2177 fecerat
624 2136 789 2198 umquam,
808 2113 944 2178 maxime
961 2111 1160 2191 tribunicii,el

148 2228 297 2292 prensare
319 2206 462 2272 homines
485 2216 516 2271 et
538 2229 724 2273 concursare
746 2217 812 2273 toto
834 2207 903 2272 soro
926 2206 1085 2273 candidati
1107 2224 1160 2271 000·

100 2321 132 2370 10
149 2324 234 2387 pere,
252 2312 288 2367 ut
304 2301 451 2388 patricios
470 2301 647 2388 desperatio
664 2303 765 2388 primo
778 2301 903 2366 inritata
914 2300 1009 2387 plebe
1021 2294 1160 2388 apiscend

148 2396 290 2475 honoris,
308 2396 421 2461 deinde
438 2397 626 2484 indignatio,
646 2398 674 2462 si
692 2420 764 2462 cum
781 2396 830 2461 his
848 2397 1006 2484 gerendus
1024 2406 1107 2463 esset
1119 2392 1162 2459 ho·

147 2514 220 2570 nos,
248 2492 425 2557 deterreret.
460 2503 620 2578 postremo
638 2491 738 2556 coacti
757 2501 861 2556 tamen
883 2490 1107 2577 aprimoribus
1119 2506 1160 2577 pt·

98 2605 128 2653 11
148 2586 235 2665 tiere,
253 2610 293 2652 ne
303 2588 437 2653 cessisse
446 2587 648 2673 possessione
657 2587 703 2652 rei
714 2586 860 2673 publicae
874 2587 1065 2652 viderentur.
1087 2604 1160 2652 even·

147 2691 199 2746 tus
218 2703 326 2746 eorum
344 2682 540 2747 comitiorum
558 2681 674 2760 docuit,
694 2681 772 2747 alios
791 2681 912 2746 animos
930 2681 964 2745 in
982 2680 1160 2747 contentione

147 2774 300 2840 libertatis
331 2776 569 2862 dignitatisque,
601 2778 680 2843 alios
707 2779 881 2843 secuudum
911 2778 1057 2865 deposita
1081 2783 1160 2843 certe·

148 2868 234 2931 mina
250 2869 429 2955 incorrupto
447 2870 563 2937 iudicio
581 2895 665 2938 esse:
689 2872 831 2939 tribunos
854 2872 938 2937 enim
956 2893 1067 2938 omues
1083 2866 1160 2959 putri·

149 2962 214 3028 cios
233 2964 350 3029 creavit
366 2966 516 3052 populus,
535 2977 699 3033 contentus
719 2991 770 3045 eo,
789 2966 874 3052 quod
891 2967 970 3033 ratio
989 2966 1096 3033 habita
1110 2962 1159 3057 plo·

97 3075 129 3124 12
147 3056 288 3123 beiorum
311 3071 402 3126 esset.
443 3060 525 3127 hanc
542 3063 729 3127 modestiam
747 3061 1000 3147 aequitatemque
1022 3070 1054 3127 et
1075 3060 1158 3127 altitu

147 3154 252 3219 dinem
270 3156 366 3220 animi
383 3156 439 3223 ubi
455 3179 539 3222 nunc
555 3157 589 3221 in
606 3180 669 3222 uno
687 3156 858 3236 inveneris,
885 3178 966 3242 quae
985 3166 1055 3223 tum
1070 3146 1158 3245 populi

146 3248 285 3315 universi
302 3249 381 3315 fuit?

113 3362 127 3408 1
211 3343 288 3407 VII.
326 3344 424 3410 Anno
450 3347 668 3412 trecentesimo
695 3347 817 3413 decimo
843 3369 939 3433 quam
970 3347 1049 3414 urbs
1074 3346 1157 3413 Bon

147 3436 274 3500 condita
296 3448 362 3502 erat
382 3440 518 3526 primum
541 3442 656 3507 tribuni
678 3442 812 3507 militum
829 3464 886 3528 pro
908 3443 1093 3510 oonsulibus
1107 3460 1158 3507 nur

146 3529 311 3615 gistratum
329 3532 437 3599 ineunt
453 3535 496 3600 A.
513 3535 719 3622 Sempronius
736 3535 912 3616 Atratinus,
930 3538 973 3603 L.
987 3537 1114 3616 Atilius,
1129 3524 1157 3599 Τ·

148 3620 299 3703 Cluilius,
330 3649 462 3711 quorum
489 3631 522 3695 in
547 3633 734 3719 magistratu
760 3633 927 3699 concordia
952 3633 1040 3699 domi
1064 3644 1157 3721 pacm

112 3734 128 3784 2
147 3716 241 3782 etiam
258 3718 334 3786 foris
351 3723 504 3808 praebuit.
528 3738 600 3790 sunt
613 3727 667 3811 qui
679 3737 806 3813 propter
819 3728 977 3793 adiectum
989 3727 1156 3815 Aequorum

146 3810 396 3900 Volscorumque
418 3818 501 3885 bello
524 3832 555 3886 et
572 3820 758 3887 Ardeatium
781 3822 951 3888 defectioni
968 3822 1085 3889 Veiens
1105 3813 1156 3887 bd·

144 3906 226 3986 lum,
253 3910 328 3993 quia
348 3912 411 3978 duo
434 3915 578 3981 consules
601 3916 688 3983 obire
710 3926 756 3982 tot
778 3918 871 3982 simul
893 3917 977 3984 bella
999 3916 1154 4003 nequirent

145 4001 286 4070 tribunos
308 4006 442 4073 militum
464 4019 526 4075 tres
549 4022 670 4076 creatos
693 4012 798 4076 dicant
826 4013 893 4078 sine
919 4012 1076 4079 mentione
1097 4024 1154 4096 pr0·
