2566 4524
138 247 203 312 294
397 258 515 313 LIBER
531 259 568 330 V,
585 256 697 313 43-45.
717 261 755 326 [a.
765 274 792 311 u.
803 274 827 312 c.
836 257 900 328 364]

104 441 119 489 s
139 419 309 504 cepissent,
329 417 384 501 qui
401 416 462 481 alia
479 416 561 481 bella
578 415 690 480 fortius
709 436 833 500 semper
849 435 946 499 quam
959 414 1079 480 felicius
1089 437 1145 502 ges

138 514 265 590 sissent,
284 524 412 596 repente
426 511 512 575 audit
527 507 691 575 Gallorum
705 509 876 573 exercitum
889 510 1059 574 adventare
1071 520 1145 593 atque

137 609 177 672 de
200 629 237 671 eo
258 606 389 692 pavidos
407 604 563 669 Ardeates
586 605 770 669 consultare.
806 626 866 668 nec
888 626 982 669 secus
1004 626 1094 688 quum
1113 603 1146 667 di·

137 703 210 766 vino
230 702 341 786 spiritu
358 711 474 776 tactus,
499 723 572 763 cum
590 723 624 764 se
642 701 675 763 in
692 699 828 764 mediam
845 699 1025 764 contionem
1046 698 1145 763 intulis

138 809 200 872 set,
220 795 375 860 abstinere
395 805 502 859 suetus
521 805 593 858 ante
612 794 727 859 talibus
747 794 900 858 conciliis:

105 911 117 956 1
201 889 428 954 XXXXIIII.
466 888 657 967 ‘Ardeates,'
678 889 779 972 inquit
802 895 938 954 ‘veteres
961 889 1068 967 amici,
1088 885 1143 952 nori

137 984 232 1048 etiam
254 983 339 1047 cives
362 984 436 1060 mei,
465 985 590 1066 quando
613 993 643 1047 et
665 994 805 1048 vestrum
826 982 1015 1048 beneficium
1036 982 1078 1046 ita
1093 979 1143 1045 tulit

137 1089 168 1142 et
187 1078 311 1142 fortuna
328 1077 388 1142 hoc
407 1078 471 1164 egit
488 1101 572 1154 mea,
595 1100 688 1142 nemo
706 1089 845 1142 vestrum
864 1077 1056 1141 condicionis
1076 1094 1143 1139 meae

136 1173 268 1238 oblitum
291 1196 341 1237 me
363 1173 425 1237 huc
446 1174 639 1259 processisse
661 1183 759 1258 putet.
796 1173 852 1237 sed
868 1194 919 1237 res
938 1194 977 1237 ac
993 1171 1144 1258 periculum

137 1291 301 1333 commune
324 1269 421 1354 cogit,
450 1268 535 1350 quod
556 1268 689 1352 quisque
711 1267 812 1353 possit
832 1267 866 1330 in
886 1289 920 1332 re
938 1268 1061 1352 trepida
1076 1286 1145 1352 prae·

103 1385 118 1430 ι
138 1363 208 1426 sidii
226 1364 258 1426 in
276 1362 416 1426 medium
433 1362 584 1427 conferre.
617 1373 648 1426 et
665 1362 791 1445 quando
809 1384 869 1448 ego
887 1360 979 1426 vobis
996 1383 1054 1446 pro
1071 1359 1144 1424 tantis

136 1457 249 1520 vestris
267 1457 299 1520 in
317 1479 368 1520 me
386 1457 504 1520 meritis
522 1457 656 1542 gratiam
673 1456 821 1531 referam,
842 1456 868 1519 si
885 1476 970 1519 nuuc
983 1450 1146 1519 cessavero?

136 1564 189 1613 aut
207 1550 262 1613 ubi
279 1573 356 1614 usus
380 1551 438 1614 erit
459 1551 521 1615 mei
543 1550 647 1627 vobis,
675 1551 703 1614 si
723 1550 756 1613 in
778 1549 861 1615 bello
883 1572 947 1614 non
968 1548 1081 1614 fueriti
1103 1548 1146 1611 hae

136 1657 202 1707 arte
224 1644 257 1707 in
278 1645 379 1729 patria
401 1645 473 1709 steti
495 1656 526 1709 et
547 1646 682 1709 invictus
704 1643 801 1721 bello,
825 1644 857 1707 in
874 1666 952 1729 pace
971 1643 1012 1709 ab
1035 1642 1145 1730 ingratis

3 1758 6 1763 ⁴
103 1740 257 1805 3civibus
276 1741 386 1825 pulsus
406 1764 485 1806 sum.
520 1741 611 1806 vobis
630 1751 748 1818 autem,
771 1738 942 1817 Ardeates,
966 1739 1093 1804 fortuna
1107 1737 1147 1803 ob·

135 1835 199 1899 lata
217 1847 264 1898 est
282 1846 313 1897 et
330 1858 387 1920 pro
400 1835 494 1899 tantis
508 1835 616 1920 populi
629 1835 764 1900 Romani
777 1834 951 1912 benefieiis,
970 1846 1087 1918 quanta
1101 1829 1147 1917 ipsi

135 1929 321 1992 meministis
339 1967 381 1975 —
399 1951 457 1992 nec
483 1930 566 1992 enim
593 1929 809 2013 exprobranda
836 1951 873 1992 ea
899 1929 985 2014 apud
1011 1946 1146 1992 memores

136 2032 208 2086 sunt
223 2060 274 2098 -,
293 2021 412 2106 gratiae
430 2021 612 2085 referendae
631 2032 661 2085 et
679 2023 752 2086 huic
769 2021 839 2086 urbi
854 2023 951 2088 decus
964 2022 1078 2108 ingens
1090 2016 1148 2085 belli

102 2137 119 2181 4
137 2138 177 2178 ex
195 2115 285 2179 hoste
304 2116 461 2179 communi
478 2116 628 2200 pariendi.
656 2117 711 2200 qui
729 2116 830 2181 effuso
844 2117 971 2203 agmine
984 2117 1145 2188 adventant,

136 2232 216 2296 gens
232 2221 288 2287 est,
309 2210 359 2274 cui
372 2221 483 2275 natura
497 2233 627 2297 corpora
641 2211 823 2294 animosque
833 2234 949 2296 magna
957 2212 1060 2297 magis
1070 2229 1146 2294 quan

135 2304 225 2368 firma
238 2305 366 2370 dederit.
395 2328 432 2370 eo
446 2306 479 2368 in
492 2315 648 2370 certamen
660 2327 753 2369 omne
770 2305 842 2390 plus
861 2306 989 2371 terroris
1007 2328 1099 2389 quam
1114 2301 1147 2365 ri·

101 2422 115 2466 s
135 2400 215 2462 rium
233 2400 346 2464 ferunt.
378 2412 563 2488 argumento
584 2401 624 2464 sit
642 2400 747 2464 clades
761 2400 919 2464 Romanae
937 2411 1095 2485 patentem
1111 2418 1146 2460 ce

134 2516 208 2578 pere
234 2494 359 2573 urbem3
391 2517 431 2558 ex
453 2517 523 2559 arce
549 2494 766 2601 Capitolioque
793 2494 842 2558 his
869 2494 986 2580 exigua
1011 2494 1146 2560 resistitur

134 2611 238 2651 manu.
279 2588 342 2651 iam
360 2588 532 2653 obsidionis
551 2589 700 2652 tacdio'
671 2599 744 2652 vrctr
722 2587 937 2652 t'abscedunt
954 2589 1089 2675 vagique
1104 2605 1146 2672 per

101 2703 116 2749 6
135 2705 227 2766 agros
249 2683 355 2766 palant
356 2706 402 2745 ur
440 2682 509 2746 cibo
532 2684 667 2764 vinoque
689 2682 802 2767 raptim
824 2682 937 2746 hausto
959 2674 1146 2768 repleti,u1uib

134 2798 197 2838 nox
216 2775 318 2858 adpet
309 2788 347 2851 rt,
370 2797 467 2859 prope
489 2776 573 2839 rivos
596 2798 747 2858 aquarum
772 2776 838 2839 sine
860 2777 1070 2852 munimento,
1095 2775 1145 2839 sine

136 2867 323 2931 stationibus
347 2891 383 2933 ac
406 2870 569 2947 custodiis,
596 2871 716 2956 passim
738 2870 875 2934 ferarum
892 2870 955 2935 ritu
975 2881 1144 2939 sternuntur

102 2984 116 3030 r
135 2983 219 3025 nunc
237 2985 256 3025 a
275 2962 419 3026 secundis
438 2963 532 3028 rebus
546 2965 648 3050 magis
664 2964 757 3027 etiam
772 2963 862 3028 solito
876 2964 1005 3029 incauti.
1033 2966 1061 3030 si
1073 2960 1143 3027 vobis

133 3056 166 3118 iu
189 3056 292 3121 animo
315 3068 376 3135 est,
404 3059 484 3122 tueri
506 3059 630 3122 moenia
651 3068 755 3122 vestra
778 3080 836 3122 nec
862 3059 929 3143 pati
954 3059 1035 3125 haec
1061 3054 1143 3123 omnia

135 3147 271 3215 Galliam
293 3153 373 3230 ficri,
400 3152 502 3237 prima
528 3153 635 3238 vigilia
657 3153 758 3237 capite
782 3174 869 3216 arma
890 3152 1085 3236 frequentes,
1108 3167 1143 3214 me
1183 3160 1185 3235 J

134 3246 301 3328 sequimini
319 3248 359 3310 ad
378 3247 515 3324 eaedem,
534 3269 597 3310 non
611 3247 651 3310 ad
663 3268 813 3332 pugnam.
840 3246 902 3311 nisi
916 3246 1039 3313 vinctos
1054 3261 1141 3312 somno
1183 3240 1185 3259 ²

132 3340 219 3402 velut
240 3342 377 3424 pecudes
401 3341 601 3405 trucidandos
624 3341 793 3418 tradidero,
817 3364 880 3404 nou
897 3363 1011 3408 recuso
1030 3341 1140 3406 eunden

132 3432 259 3495 Ardeae
277 3455 380 3496 rerum
398 3457 539 3498 mearum
558 3434 689 3511 exitum,
709 3456 803 3517 quem
820 3433 943 3499 Romae
961 3435 1077 3502 habui?

100 3548 113 3591 1
195 3525 383 3591 XXXXV.
414 3527 536 3611 Aequis
551 3528 728 3611 iniquisque
741 3551 928 3613 persuasum
943 3545 1024 3609 erat,
1042 3539 1140 3594 tantum

132 3619 215 3684 bello
229 3621 330 3684 virum
344 3623 499 3687 neminem
514 3646 646 3707 usquam
662 3645 700 3687 ea
713 3634 898 3709 tempestate
912 3647 995 3690 esse.
1019 3624 1138 3691 contione

132 3714 263 3779 dimissa
280 3739 409 3826 corpora
422 3728 531 3781 curant
544 3719 668 3796 intenti,
687 3740 782 3802 quam
795 3742 870 3783 mox
884 3719 1014 3806 signum
1027 3721 1136 3784 daretur·

131 3821 265 3893 quot
212 3809 284 3875 dato
301 3811 421 3896 primae
440 3811 541 3876 silent
519 3824 562 3875 tro
580 3813 680 3877 noctis
699 3814 740 3877 ad
756 3824 863 3899 portas
883 3813 1021 3880 Camillo
1037 3814 1135 3900 praesit

98 3903 229 3970 asuere.
266 3907 385 3991 egressi
407 3905 492 3970 haud
514 3907 622 3991 procul
645 3907 736 3986 urbe,
764 3909 845 3973 sicut
865 3911 1059 3996 praedictum
1079 3910 1133 3973 eni

131 4009 232 4064 castra
256 3997 486 4065 Gallorumt
441 4011 508 4065 rntu
510 4010 541 4066 a
561 4002 767 4089 neglectaque
790 4003 830 4068 ab
853 4005 941 4070 omni
962 4015 1049 4093 parte
1071 3988 1133 4066 usefl'
