2566 4524
294 269 413 325 LIBER
428 270 472 342 H,
491 270 601 325 60-62.
623 274 660 339 [a.
671 267 701 325 O.
711 269 772 326 471.
781 270 845 340 470]
1025 261 1085 327 121

117 426 220 494 Varia
236 426 363 493 fortuna
380 427 463 507 belli,
482 428 580 495 atroci
597 427 753 495 discordia
771 429 856 494 domi
873 428 1013 515 forisque
1033 453 1122 501 san-4

65 546 129 588 rum
147 531 297 587 exactum
313 523 470 610 insignem
491 523 627 588 maxime
650 524 776 588 comitia
797 523 913 590 tributa
934 525 1086 604 efficiunt,

65 640 103 683 res
115 617 219 681 maior
231 617 362 681 victoria
375 618 513 704 suscepti
527 617 704 682 certaminis
718 639 812 702 quam
822 641 897 696 usu;
915 619 987 704 plus
1001 621 1084 686 enim
1103 643 1120 691 5

65 711 215 798 lignitatis
235 710 368 775 comitiis
386 711 464 796 ipsis
482 712 656 777 detractum
674 721 723 776 est
739 711 881 797 patribus
895 735 935 778 ex
953 715 1085 781 concilio

65 805 281 872 submovendis
313 828 408 888 quam
438 806 552 871 virium
583 815 638 872 aut
667 804 753 892 plebi
783 806 924 872 additum
955 818 1005 874 est
1030 819 1085 874 aut

65 901 217 987 lemptum
234 899 386 985 patribus.

112 993 215 1061 LXL
252 994 476 1060 Turbulentior
500 995 573 1060 inde
600 1018 701 1061 annus
732 996 855 1083 excepit
879 996 921 1062 L.
945 996 1083 1078 Valerio,
1104 1022 1118 1071 ι

65 1090 88 1155 l.
107 1088 252 1155 Aemilio
274 1090 471 1169 consulibus,
498 1114 571 1156 oum
591 1101 719 1178 propter
744 1093 913 1157 certamina
940 1093 1085 1158 ordinum

65 1186 89 1250 le
111 1185 185 1272 lege
209 1185 332 1272 agraria
354 1195 421 1250 tum
441 1196 569 1273 propter
589 1186 740 1251 iudicium
756 1185 845 1272 Appi
864 1186 1003 1265 Claudii,
1031 1188 1082 1253 cui
1103 1209 1119 1255 2

65 1280 205 1345 rcerrimo
223 1281 402 1345 adversario
419 1280 500 1367 legis
518 1303 708 1364 causamque
725 1303 945 1366 possessorum
965 1281 1085 1368 publici

65 1374 119 1461 rgri
137 1384 301 1457 tamquam
318 1375 408 1439 tertio
426 1375 548 1440 consuli
566 1375 733 1440 sustinenti
749 1374 796 1439 M.
810 1375 958 1441 Duellius
977 1388 1008 1440 et
1022 1375 1082 1442 On.

65 1467 178 1534 {iccius
202 1469 285 1533 diem
308 1469 424 1534 dixere.
463 1491 637 1554 numquam
663 1481 735 1535 ante
761 1479 825 1534 tam
851 1471 972 1535 invisus
998 1468 1118 1556 plebis

65 1585 123 1628 eus
141 1563 184 1627 ad
199 1561 353 1627 iudicium
369 1572 499 1628 vocatus
517 1563 626 1649 populi
644 1574 706 1642 est,
724 1564 837 1650 plenus
856 1585 997 1642 suarum,
1016 1564 1083 1650 ple-

65 1681 109 1724 rus
133 1668 336 1743 paternarum
357 1657 482 1722 irarum.
523 1667 628 1743 patres
651 1680 777 1743 quoque
801 1681 866 1724 non
888 1669 1004 1723 temere
1025 1679 1117 1744 prot

65 1752 114 1818 illo
137 1774 240 1836 aeque
262 1751 365 1818 adnisi
387 1762 472 1817 sunt:
498 1762 762 1840 propugnatorem
787 1763 914 1818 senatus
936 1753 1083 1817 maiesta-

64 1846 156 1931 isque
178 1846 336 1910 vindicem
359 1868 448 1924 suae,
476 1847 517 1910 ad
539 1868 648 1911 omnes
670 1846 853 1915 tribunicios
879 1845 1083 1932 plebeiosque

65 1940 233 2027 ›ppositum
250 1940 412 2018 tumultus,
431 1941 560 2006 modum
574 1941 738 2007 dumtaxat
748 1941 782 2004 in
795 1940 963 2006 certamine
977 1961 1084 2026 egres-

65 2057 137 2114 tum,
164 2035 262 2100 iratae
280 2035 362 2100 obici
378 2034 473 2122 plebi.
509 2058 590 2100 unus
613 2059 630 2100 e
652 2035 794 2122 patribus
814 2036 883 2123 ipse
901 2034 965 2122 Ap.
986 2034 1117 2102 Clau-5

65 2129 124 2194 lius
146 2141 176 2194 et
197 2129 340 2195 tribunos
363 2141 394 2196 et
414 2129 539 2216 plebem
562 2141 593 2195 et
615 2155 707 2197 snum
728 2130 880 2196 iudicium
905 2154 962 2217 pro
984 2130 1082 2197 nihilo

65 2224 197 2291 rubebat.
224 2225 314 2290 illum
330 2249 394 2292 non
411 2225 514 2291 minae
530 2225 642 2311 plebis,
661 2250 724 2292 non
743 2237 871 2292 senatus
888 2248 998 2312 preces
1011 2249 1083 2312 per-

65 2322 166 2387 ›ellere
183 2343 337 2406 umquam
353 2331 493 2409 potuere,
511 2343 576 2386 non
593 2322 687 2386 modo
699 2330 735 2386 ut
746 2331 868 2387 vestem
880 2331 1015 2386 mutaret
1028 2330 1082 2385 aut

66 2408 185 2503 upplex
202 2427 365 2502 prensaret
381 2416 535 2493 homines,
555 2416 612 2482 sed
629 2437 669 2480 ne
687 2424 723 2480 ut
739 2437 779 2481 ex
792 2425 942 2480 consueta
955 2415 1082 2500 quidem

65 2511 219 2597 speritate
237 2511 397 2589 orationis,
416 2534 490 2577 cum
507 2512 548 2576 ad
564 2511 717 2598 populum
734 2512 858 2598 agenda
875 2532 971 2575 causa
988 2517 1081 2586 esset,

65 2606 168 2692 liquid
184 2605 296 2670 leniret
313 2616 406 2691 atque
429 2605 634 2672 submitteret.
669 2606 754 2671 idem
776 2605 901 2671 habitus
925 2603 1002 2681 oris,
1029 2626 1081 2668 ea·
1100 2623 1115 2671 6

65 2700 119 2766 lem
138 2700 337 2767 contumacia
353 2701 387 2766 in
408 2701 512 2780 vultu,
539 2701 624 2766 idern
645 2701 679 2764 in
697 2701 836 2765 oratione
859 2699 985 2786 spiritus
1004 2706 1079 2774 erat,

65 2796 126 2862 deo
144 2805 181 2861 ut
202 2818 319 2883 magna
340 2817 414 2881 pars
436 2795 538 2882 plebis
556 2794 699 2882 Appium
720 2818 784 2860 non
806 2794 909 2859 minus
931 2816 1020 2859 reum
1042 2791 1081 2856 ti-

65 2899 147 2955 neret
166 2911 262 2974 quam
280 2889 442 2955 consulem
459 2890 613 2955 timuerat.
641 2889 738 2955 semel
756 2911 885 2954 oausam
902 2888 995 2965 dixit,
1018 2907 1081 2971 quo
1099 2905 1114 2952 t

65 3006 176 3070 emper
192 3005 287 3071 agero
301 2984 407 3050 omnia
419 2984 530 3051 solitus
545 2992 620 3063 erat,
639 2984 833 3049 accusatorio
848 2983 968 3070 spiritu,
987 2982 1081 3047 adeo-

65 3099 112 3160 que
130 3079 305 3144 constantia
322 3102 381 3144 sua
398 3089 429 3144 et
446 3078 588 3145 tribunos
607 3077 817 3164 obstupefecit
834 3088 866 3142 et
882 3077 1022 3163 plebem,
1046 3086 1081 3141 ut

65 3171 133 3237 liem
150 3172 212 3259 ipsi
231 3196 290 3239 sua
305 3175 466 3240 voluntate
482 3174 694 3262 prodicerent,
721 3172 802 3237 trahi
819 3172 932 3236 deinde
954 3193 1021 3235 rem
1039 3170 1082 3235 si-

65 3277 167 3333 erent.
190 3267 277 3334 haud
294 3269 338 3335 ita
351 3269 485 3335 multum
498 3268 622 3334 interim
636 3266 785 3353 temporis
798 3265 872 3344 fuit3
891 3273 963 3330 ante
976 3273 1082 3331 tamen
1099 3287 1115 3337 8

65 3385 141 3447 uam
154 3363 299 3448 prodicta
308 3363 513 3443 diesveniret,
532 3361 642 3429 morbo
656 3361 796 3426 moritur.
824 3359 913 3425 cuius
927 3381 1000 3424 cum
1012 3359 1080 3426 lau·
1097 3383 1113 3432 a
1226 3454 1229 3458 A

65 3458 207 3523 ationem
225 3457 343 3524 tribuni
358 3459 460 3544 plebis
484 3457 636 3544 impedire
659 3465 859 3533 conarentur,
885 3452 976 3541 plebs
994 3454 1081 3521 frau-

65 3552 112 3618 ari
135 3551 284 3617 sollemni
305 3553 423 3618 honore
446 3575 630 3640 supremum
650 3551 734 3615 diem
756 3550 835 3615 tanti
852 3548 911 3613 viri
932 3549 1032 3614 noluit
1049 3559 1082 3615 et

65 3647 260 3713 sudationem
277 3657 342 3712 tam
360 3647 468 3732 aequis
487 3647 614 3713 auribus
633 3645 747 3710 mortui
766 3644 886 3709 audivit
903 3666 999 3727 quam
1015 3643 1080 3709 vivi

65 3742 281 3808 ccusationem
298 3742 439 3807 audierat
457 3751 489 3807 et
505 3741 656 3826 exequias
674 3741 822 3824 frequens
841 3737 1019 3805 celebravit.

107 3835 227 3901 LXIL
261 3835 387 3902 Eodem
405 3860 488 3902 anno
506 3835 652 3902 Valerius
672 3834 781 3900 consul
799 3856 871 3898 cum
890 3832 1079 3898 exercituin
1097 3852 1111 3901 1

65 3952 176 4017 requos
202 3929 365 4018 profectus
392 3953 465 3996 cum
490 3932 614 3997 hostem
640 3929 681 3994 ad
702 3928 856 4016 proelium
878 3926 988 3992 elicere
1014 3946 1079 3988 non

67 4037 165 4107 osset,
199 4034 305 4093 castra
330 4048 513 4114 oppugnare
540 4035 588 4091 est
614 4025 751 4090 adortus.
795 4020 954 4110 prohibuit
984 4017 1079 4085 foeda
