2566 4524
152 215 214 280 170
409 227 527 283 00000
544 226 602 297 111,
620 225 663 281 49.
676 223 721 280 50.
742 229 817 293 [au
827 241 852 280 c.
863 224 927 295 005]

113 404 131 454 8
148 407 191 475 po
192 385 313 450 testatis
332 383 400 450 eius
417 383 649 448 multitudinem
667 383 798 448 sedavit
835 392 964 448 senatus
980 404 1040 448 neo
1056 378 1163 469 plebem

149 479 337 544 inritandam
355 478 477 543 censuit
495 486 526 542 et
513 477 642 542 tmulto
609 477 761 564 tmagis
779 476 1025 563 providendum,
1048 474 1165 593 nequid

148 564 293 665 Verginii
310 572 426 637 advent
413 581 464 637 500
482 573 516 636 10
533 573 672 637 exercitu
688 580 794 637 motus
812 571 939 636 faceret.

116 689 129 735 1
212 668 255 732 L.
291 667 404 751 Itaque
421 664 511 731 mis'si
528 666 664 732 iuniores
682 676 808 752 patrum
824 665 858 729 in
875 670 993 744 castra,
1016 686 1104 775 quae
1113 674 1167 729 tum

148 761 182 825 in
199 770 305 826 monte
323 760 446 827 Vecilio
464 769 565 838 erant,
584 761 728 825 nuntiant
745 759 1106 838 (1000001010,05οο0001
1120 766 1168 845 opt

115 852 190 922 aab
213 855 365 921 seditione
390 854 506 920 milites
532 855 720 920 contineant.
756 853 802 920 ibi
822 853 996 941 Verginius
1024 854 1166 928 maiorem,

113 970 244 1034 aquam
256 949 446 1034 reliquerat
437 974 471 1013 ιο
482 948 574 1027 urbe,
592 959 658 1014 mot
659 973 713 1014 um
727 950 851 1015 excivit
877 972 952 1014 nam
964 958 1168 1057 praeterquam

148 1045 234 1129 quod
260 1045 385 1131 agmine
411 1066 509 1131 prope
535 1043 835 1152 quadringentorum
856 1043 1023 1108 hominum
1046 1040 1168 1117 veniens,

148 1162 203 1235 000
191 1136 261 1205 ab
278 1137 356 1205 urbe
373 1138 559 1225 indignitate
576 1137 622 1202 rei
639 1139 764 1203 accensi
782 1138 912 1203 comites
930 1138 1009 1202 eise
1024 1138 1167 1211 dederant,

148 1243 337 1323 conspectus
360 1242 422 1310 005,
451 1231 632 1297 0501050000
615 1232 750 1297 0510005
737 1233 835 1297 telum
860 1252 1094 1317 respersusque
1114 1230 1168 1315 ipse

149 1350 258 1395 cruore
281 1337 347 1392 tota
368 1327 402 1390 10
423 1348 457 1391 00
480 1336 583 1390 castra
605 1327 766 1391 convertit.
803 1336 873 1392 055
874 1348 954 1413 ogae
980 1324 1170 1390 multifariam

147 1422 325 1490 incastris
328 1423 416 1487 visae
433 1421 560 1486 maioris
579 1421 752 1505 aliquanto,
771 1444 866 1505 quam
879 1430 960 1500 erat,
981 1421 1170 1506 00001000-

113 1508 250 1588 4110000
268 1517 476 1581 multitudinis
494 1516 642 1580 fecerant.
621 1517 911 1675 tquaerentibus,
930 1517 1023 1600 quid
1028 1517 1078 1582 rei
1094 1522 1170 1589 00001,

147 1604 231 1705 flens
239 1608 300 1676 (110
317 1632 428 1675 vocem
445 1632 509 1674 non
521 1609 621 1674 misit·
612 1611 835 1689 ,uttandem‚
799 1610 910 1675 uiam
924 1633 965 1675 ex
978 1610 1169 1697 trepidatione

150 1694 440 1774 0000000051005
427 1703 519 1770 turba
545 1704 684 1769 constitit
710 1727 747 1770 ac
774 1705 933 1770 silentium
964 1705 1045 1784 fuit,
1081 1702 1169 1771 ortl'rne

114 1814 275 1882 5000050,
294 1813 330 1866 05
346 1812 438 1890 gesta
455 1809 543 1866 erant
547 1801 730 1886 ,exposuit
768 1801 899 1887 supinas
906 1800 1035 1865 deinde
1054 1800 1169 1867 tendens

148 1921 275 1975 manus,
303 1895 519 1961 conmilitones
546 1849 708 1981 'appellans
736 1896 859 1973 orabat,
888 1917 944 1973 00,
972 1896 1065 1979 quod
1085 1892 1170 1960 scelat

147 1992 237 2079 Appi
255 1989 371 2056 Claudi
388 1998 486 2066 esset,
510 1988 570 2053 sibi
588 1989 792 2054 attribuerent
808 2011 871 2053 neu
889 2011 924 2054 00
943 1999 980 2053 05
998 1986 1169 2075 parricidam

112 2108 129 2157 0
147 2084 281 2150 liberum
299 2091 525 2147 aversarentur.
554 2082 615 2147 sibi
627 2084 725 2148 vitam
738 2084 821 2148 filiae
835 2105 893 2148 sua
905 2084 1065 2149 cariorem
1077 2083 1167 2155 fuisse

150 2180 178 2245 si
194 2178 311 2244 liberae
329 2199 367 2242 ac
382 2176 516 2263 pudicae
534 2177 639 2242 vivere
653 2178 773 2243 licitum
786 2178 913 2243 fuisset:
932 2200 1009 2243 cum
1022 2179 1109 2245 00105
1119 2188 1169 2243 set·

146 2297 220 2338 vam
243 2272 284 2337 ad
306 2282 449 2358 stuprum
470 2271 539 2357 rapi
556 2271 689 2349 videret,
712 2283 811 2338 morte
830 2273 931 2337 amitti
948 2274 1166 2339 meliusnam

148 2390 243 2451 quam
261 2365 452 2432 contumelia
468 2365 599 2445 liberos,
618 2367 832 2433 misericordia
850 2368 936 2434 sein
954 2369 1097 2454 speciem
1111 2385 1167 2431 cru·

114 2484 128 2531 ι
147 2462 282 2527 delitatis
300 2462 434 2547 lapsum.
462 2482 521 2526 uec
540 2483 574 2525 se
592 2462 792 2546 superstitem
809 2462 893 2526 filiae
910 2462 1059 2527 futurum
1077 2461 1167 2534 fuisse,

146 2557 207 2621 nisi
225 2578 315 2641 spem
332 2555 530 2620 ulciscendae
549 2555 658 2619 mortis
677 2555 745 2618 0100
763 2557 797 2619 10
813 2555 930 2621 auxilio
944 2557 1168 2621 conmilitonun

146 2649 318 2715 habuisset.
354 2648 416 2713 illis
443 2670 569 2732 quoque
592 2649 676 2713 enim
698 2649 793 2727 111100,
821 2671 946 2714 0000000
969 2651 1167 2738 coniugesque

147 2766 232 2821 esse,
258 2763 317 2807 nec
339 2764 412 2806 cum
433 2741 499 2806 filia
516 2765 574 2807 sua
591 2743 754 2808 libidinem
771 2742 861 2829 Appi
879 2742 999 2809 Claudi
1017 2746 1166 2810 extinctam

110 2856 128 2905 8
147 2857 232 2912 esse,
251 2835 308 2900 sed
325 2856 389 2917 quo
406 2835 576 2919 inpunitior
594 2837 648 2914 sit,
668 2859 705 2901 οο
724 2837 956 2903 effrenatiorem
970 2838 1054 2904 fore.
1086 2837 1164 2904 aliem

147 2928 323 2994 calamitate
345 2928 568 2994 documentum
590 2930 698 2995 datum
720 2931 781 2996 illis
809 2932 970 2996 cavendae
999 2933 1110 2998 similia
1128 2928 1164 2993 in·

147 3023 255 3088 iuriae.
291 3023 378 3107 quod
399 3023 440 3089 ad
463 3046 497 3088 se
520 3025 671 3103 adtineat,
700 3048 831 3090 uxorem
854 3026 916 3091 sibi
938 3026 1007 3092 sato
1035 3036 1162 3113 ereptam·
1202 3038 1207 3047 “

146 3117 257 3195 filiam,
277 3117 432 3202 quianon
450 3118 532 3183 ultra
548 3120 663 3204 pudica
681 3120 802 3184 victura
814 3119 923 3198 fuerit,
942 3121 1109 3199 miseram,
1124 3111 1162 3183 001

112 3212 312 3279 910000050οι
333 3224 433 3277 morte
456 3212 652 3278 occubuisse.
688 3236 753 3278 non
775 3236 845 3279 esse
866 3215 931 3278 iam
949 3214 1042 3302 Appi
1064 3204 1162 3280 libidti
1199 3288 1207 3297 Ι

144 3306 250 3370 locum
267 3307 301 3369 in
318 3306 412 3371 domo
431 3330 504 3384 00ος
522 3306 563 3371 01)
581 3307 643 3371 alia
656 3308 805 3372 violentia
818 3308 887 3373 eius
901 3309 1017 3374 eodem
1032 3334 1067 3376 se
1080 3304 1161 3409 abiut

147 3420 239 3462 suum
258 3421 371 3485 corpus
390 3400 635 3479 vindicaturum,
659 3423 721 3486 quo
740 3402 947 3469 vindicaverit
934 3404 1066 3484 tiiliae3
1089 3414 1161 3469 cctffl
1198 3416 1201 3443 ³

96 3509 128 3557 10
146 3489 207 3556 sibi
224 3512 262 3556 ac
278 3491 385 3557 liberis
404 3495 469 3559 suis
488 3494 695 3560 consulerent
728 3496 806 3561 haec
824 3496 979 3584 Verginio
998 3486 1161 3565 vociferanti

146 3585 358 3650 succlamabat
375 3588 557 3666 multitudo,
576 3611 635 3654 nec
652 3589 736 3654 111100
755 3591 855 3655 (101001
872 3614 933 3657 nec
952 3616 1032 3659 suae
1049 3580 1160 3658 libertati
1197 3600 1207 3613 “

144 3698 179 3740 00
198 3677 430 3744 (1010500005
398 3691 430 3744 05
446 3681 600 3746 inmixtit
587 3682 696 3748 turbae
711 3685 791 3748 milit
779 3697 846 3748 tum
859 3687 962 3772 togati
979 3710 1055 3753 cum
1072 3684 1160 3751 eadm
1197 3756 1205 3767 ¹

145 3769 200 3836 illa
220 3773 379 3855 querendo
402 3774 620 3883 docendoque,
647 3794 763 3861 quanto
786 3780 856 3844 aisa
878 3803 976 3864 quam
1003 3776 1136 3848 audita
1127 3795 1160 3839 1¹1·
1203 3792 1207 3863 j

146 3864 289 3953 digniora
302 3868 459 3951 potuerint
472 3870 584 3949 videri,
605 3871 699 3935 simul
716 3873 916 3982 profligatam
863 3875 1000 3940 amiam
1017 3899 1084 3941 rem
1099 3888 1160 3937 050·
1198 3886 1203 3891 “

96 3979 126 4027 11
146 3958 252 4025 tiando
265 3958 387 4026 Romae
406 3983 476 4028 esse
493 3963 729 4049 insecutosque,
749 3990 804 4052 qm
794 3967 963 4054 Appium
975 3992 1075 4087 prope
1086 3968 1159 4033 10155·
