2566 4524
148 264 210 330 156
401 275 593 346 umnam
612 273 654 330 45.
669 274 711 328 45.
732 275 917 346 [amasses]

144 437 178 500 in
195 435 233 501 iis
252 434 344 511 enim,
363 456 418 517 qur
407 433 645 499 ''adserantur
636 458 669 499 ιιι
686 433 871 541 libertatem,
891 433 966 517 quia
984 435 1117 520 quivisl

144 551 238 616 agere
255 529 364 614 possit,
384 529 417 591 id
434 529 509 592 iuris
528 550 613 593 esse:
631 528 666 592 in
683 550 730 605 ea,
750 549 830 611 quae
847 527 880 591 in
897 528 997 613 patris
1015 552 1111 605 manu

111 624 301 694 aneminem
319 644 389 687 esse
408 621 512 699 alium,
532 644 583 685 cur
573 621 746 686 dominus
764 621 965 713 possessione
983 624 1085 688 cedat
1110 647 1117 710 1

144 743 215 785 cere
236 719 343 800 itaque
368 727 489 802 patrem
512 718 669 795 arcessiri3
695 717 816 781 interea
844 716 922 782 iuris
949 717 1002 783 sui
1027 718 1117 783 iactu

145 815 337 880 adsertorem
354 834 417 876 non
435 811 552 888 facere,
575 812 651 894 quin
668 811 764 876 ducat
781 811 920 896 puellam
939 812 1117 878 sistendam

110 929 127 974 4
143 908 178 971 in
195 908 365 971 adventum
383 906 464 981 ciue,
483 905 538 987 qui
556 914 645 990 pater
663 906 797 982 dicatur,
815 905 987 991 promittat.
1025 908 1117 973 adver

144 1000 289 1066 iniuriam
311 999 428 1064 decreti
450 1021 522 1062 cum
546 999 636 1063 multi
657 999 760 1085 magis
783 999 952 1065 fremerent
974 1023 1117 1085 quamq

145 1117 240 1178 quam
258 1117 339 1158 unus
357 1115 502 1157 recusare
520 1094 657 1170 auderet,
676 1092 714 1157 P.
724 1092 929 1172 Numitorius,
947 1095 1076 1180 puellae
1089 1118 1117 1160 ιιι

111 1212 126 1257 5
145 1203 176 1253 et
194 1211 329 1273 sponsus
348 1187 519 1252 Iciliusint
474 1188 692 1252 interveniunt.
720 1188 882 1271 dataque
873 1212 905 1251 m
907 1198 954 1252 ter
907 1189 1117 1254 tturbam

146 1304 217 1347 eum
236 1281 403 1345 multitudo
421 1280 492 1344 Icili
513 1282 648 1345 maxime
670 1282 847 1345 interventu
868 1281 974 1346 resisti
996 1305 1117 1368 posse

144 1379 197 1462 pio
220 1379 372 1453 crederet,
400 1376 490 1440 lictor
511 1377 656 1440 decresse
679 1377 723 1440 ait
744 1377 916 1441 vociferant
904 1387 1033 1469 temque
1055 1376 1117 1442 Icili

112 1493 126 1539 5
146 1472 320 1535 submovet.
357 1470 515 1555 placidum
538 1492 663 1554 quoque
685 1471 847 1556 ingenium
870 1480 935 1535 tam
954 1481 1051 1536 atrox
1068 1471 1117 1535 init

145 1567 354 1631 accendisset:
383 1566 480 1630 ‘ferro
503 1565 576 1629 hinc
603 1565 659 1629 tibi
687 1565 922 1630 submovendus
950 1589 1039 1674 sum,
1072 1564 1117 1650 Ap

145 1661 245 1743 inquit
272 1666 322 1723 ‘ut
344 1660 473 1724 tacitum
495 1660 579 1724 feras
605 1660 692 1743 quod
718 1660 812 1724 celari
838 1660 896 1724 vis.
933 1660 1117 1767 virginemne

112 1776 125 1822 t
145 1754 226 1817 hanc
236 1777 306 1818 sum
315 1754 465 1818 ducturus
475 1764 668 1838 nuptamque
682 1754 829 1838 pudicam
840 1753 930 1818 habit
917 1763 1020 1818 turus
1047 1751 1117 1839 proi

145 1871 253 1912 omnes
272 1848 463 1934 collegarum
481 1870 607 1931 quoque
628 1848 683 1911 lict
671 1858 753 1912 tores
777 1870 929 1925 convoca,
957 1846 1117 1934 expediri

144 1965 202 2026 gas
230 1951 261 2004 et
288 1964 413 2005 secures
439 1941 526 2005 iube:
553 1965 616 2005 non
643 1941 783 2006 manebit
770 1952 861 2006 text
862 1966 897 2006 ra
850 1942 1055 2007 tdomum
1080 1964 1117 2028 pa

110 2053 126 2102 8
146 2058 263 2119 sponsa
281 2036 358 2099 Icili.
394 2059 467 2112 non,
487 2059 515 2100 er
505 2037 732 2100 tribunicium
755 2037 907 2101 auxilium
925 2047 956 2101 et
981 2059 1117 2122 provoca¹

145 2152 217 2192 nem
239 2129 323 2214 plebi
342 2129 516 2206 Romanae,
544 2131 622 2194 duas
642 2153 729 2195 arces
751 2129 902 2195 libertatis
925 2132 1078 2208 tuendae,
1101 2153 1117 2194 ιι

145 2223 257 2300 mistis,
276 2225 346 2287 ideo
364 2224 395 2286 in
410 2223 523 2288 liberos
537 2245 662 2308 quoque
677 2235 800 2289 nostros
815 2224 1032 2310 coniugesque
1046 2244 1117 2311 regn

111 2336 126 2383 9
145 2330 267 2380 vestrae
285 2317 406 2381 libidini
424 2317 530 2380 datum
550 2329 606 2382 est.
634 2319 751 2382 saevite
764 2318 798 2381 in
811 2327 935 2403 tergum
949 2328 981 2382 et
994 2319 1028 2383 in
1042 2314 1117 2382 cerel

145 2426 282 2475 nostras:
302 2412 451 2495 pudicitia
469 2411 578 2476 saltem
597 2412 630 2474 in
648 2422 714 2476 tuto
734 2413 783 2475 sit.
811 2412 885 2475 huic
899 2412 926 2476 si
939 2412 989 2476 vis
1001 2412 1117 2477 adferet

145 2529 205 2591 ego
223 2508 434 2591 praesentium
449 2506 619 2588 Quiritium
637 2529 692 2590 pro
712 2529 838 2590 sponsa,
856 2505 1032 2592 Verginius
1045 2504 1117 2569 milit

144 2622 201 2683 pro
219 2601 312 2664 unica
330 2601 406 2677 filia,
431 2624 540 2665 omnes
559 2601 688 2664 deorum
706 2601 930 2684 hominumque
948 2599 1117 2685 inplorabin

146 2693 239 2756 fidem
258 2716 359 2775 neque
377 2704 412 2757 tu
429 2693 514 2757 istud
531 2717 681 2776 umquam
699 2694 859 2758 decretum
874 2695 942 2758 sine
956 2696 1055 2758 caede
1069 2714 1117 2756 nos

96 2807 127 2852 ιο
144 2787 271 2850 referes.
300 2788 433 2870 postu10,
452 2786 549 2872 Appi,
569 2789 661 2851 etiam
680 2800 773 2871 atque
792 2789 886 2859 etiam
904 2789 1117 2864 consideres<

144 2879 354 2964 progrediere.
390 2880 560 2966 Verginius
578 2883 691 2946 viderit
707 2883 747 2946 de
765 2883 842 2959 filia,
866 2881 921 2946 ubi
939 2883 1074 2959 venerit,
1098 2901 1117 2964 q

96 2995 125 3040 11
145 2986 232 3058 agat;
260 2974 320 3038 hoc
342 2985 462 3039 tantum
485 2975 576 3049 sciat,
605 2976 678 3053 sibi,
707 2976 733 3041 si
756 2976 849 3040 huius
867 2975 1014 3041 vindiciis
1037 2993 1117 3040 cesse

145 3068 358 3132 condicionem
372 3069 454 3134 filiae
468 3070 677 3152 quaerendam
687 3092 766 3134 esse.
795 3092 845 3133 me
855 3070 1069 3134 vindicantem
1079 3089 1117 3154 sp

145 3186 213 3227 sam
231 3163 264 3227 in
282 3164 456 3228 libertatem
475 3165 539 3227 vita
556 3164 648 3228 citius
668 3165 791 3228 deseret
808 3186 904 3248 quam
921 3164 1023 3229 fides?

72 3245 77 3287 5
112 3279 125 3324 1
209 3257 415 3323 XXXXVI.
444 3257 609 3323 Concitata
626 3258 792 3322 multitudo
811 3269 877 3322 orat
895 3269 1117 3343 certamenque:

146 3360 227 3414 stare
245 3352 417 3416 videbatur.
452 3353 577 3416 lictores
595 3352 720 3417 Icilium
736 3354 1017 3418 circumsteterant.
1053 3375 1110 3418 neo

111 3464 126 3510 2
144 3452 192 3506 tra
209 3445 310 3509 minas
328 3456 433 3510 tamen
451 3469 633 3531 processum
648 3457 712 3524 est,
741 3470 812 3511 cum
830 3446 958 3532 Appius
980 3471 1046 3513 non
1062 3446 1117 3512 Vei

145 3537 230 3601 niam
248 3538 375 3603 defendi
393 3540 431 3605 ab
450 3541 553 3618 Icilio,
578 3541 634 3605 sed
651 3542 825 3625 inquietum
846 3540 1009 3608 hominem
1031 3553 1063 3608 et
1079 3538 1117 3605 ιιιΙ

144 3642 253 3694 natum
280 3634 372 3696 etiam
399 3658 482 3699 nunc
509 3637 678 3721 spirantem
704 3636 810 3700 locum
836 3636 999 3702 seditionis
1026 3656 1117 3721 quaer

111 3742 127 3789 3
145 3725 270 3790 diceret.
303 3750 369 3791 non
387 3729 600 3813 praebiturum
619 3753 653 3794 se
670 3730 716 3794 illi
734 3753 771 3795 eo
790 3730 840 3793 die
859 3731 1037 3809 materiam,
1057 3728 1117 3805 sed,

135 3819 208 3884 'iam
226 3821 332 3898 sciret,
355 3845 419 3886 non
435 3824 468 3887 id
485 3825 675 3909 petulantiae
695 3848 784 3902 suae,
805 3825 861 3889 sed
880 3823 1034 3912 Verginio
1053 3824 1117 3890 abst

144 3924 176 3978 et
192 3915 293 4000 patrio
311 3917 429 3980 nomini
447 3926 478 3981 et
495 3918 629 3983 libertati
647 3920 765 3996 datum,
784 3919 834 3984 ius
853 3941 890 3984 eo
909 3919 960 3983 die
979 3942 1015 3984 se
1030 3916 1117 3984 nont‘

144 4016 250 4075 turum
267 4031 369 4094 neque
387 4012 546 4077 decretum
564 4012 833 4099 interpositarum
861 4037 881 4079 a
897 4012 946 4078 M.
960 4012 1102 4080 'Claudio
