2566 4524
245 249 363 306 maun
379 249 480 322 vnn,
497 249 596 306 sate.
616 250 853 346 [accos-sos]
1001 240 1068 308 489

39 409 70 473 id
87 429 180 494 aegre
196 407 285 494 passi
302 407 442 487 Hernici,
462 410 628 475 concilium
645 411 833 497 populorum
850 411 991 477 omnium
1008 413 1064 478 ha
1084 437 1114 484 11

40 503 185 569 bentibus
207 503 386 590 Anagninis
415 503 450 568 in
476 504 571 582 circo,
599 526 695 588 quem
724 505 914 570 maritimum
939 517 1063 586 vocant,

36 608 160 684 praeter
166 595 375 662 Aletrinatem
387 597 680 682 Ferentinatemque
699 607 730 664 et
742 597 937 665 Venrlanum
954 623 1063 667 omnes

38 691 169 757 Hernici
186 691 322 757 nominis
340 691 457 777 populo
475 692 619 758 Romano
636 691 754 758 bellum
771 693 959 761 indixerunt.

99 785 312 852 XXXXHI.
338 786 379 851 In
398 784 528 852 Samnio
546 782 685 873 qnoque,
704 789 779 872 quia
796 789 974 856 decesserat
989 790 1096 861 inde1
1210 765 1235 830 s
1259 886 1262 893 Ι

35 880 171 958 Fabius,
194 881 268 946 novi
285 889 390 946 motus
409 882 516 947 exorti.
555 880 678 948 Calatia
695 892 727 946 et
744 881 825 950 Sora
845 884 1064 972 praesidiaque
1083 943 1085 947 .

35 997 117 1060 quae
139 975 174 1039 in
194 974 244 1040 his
265 974 412 1041 Romana
437 986 525 1042 erant
551 986 731 1065 expugnata
757 988 788 1043 et
809 979 843 1043 in
868 980 1063 1066 captivorum

35 1091 168 1156 corpora
189 1068 324 1133 militum
344 1059 438 1135 foede
460 1071 624 1136 saevitum.
659 1072 765 1156 itaque
783 1094 821 1138 eo
838 1072 877 1138 P.
897 1069 1062 1140 Comelins
1170 1085 1173 1090 ’
1252 1057 1256 1064 ’

35 1186 110 1230 eum
136 1163 277 1229 exercitu
302 1164 428 1230 missus.
468 1165 592 1232 Marcio
614 1167 688 1232 novi
709 1165 816 1232 hostes
834 1168 956 1233 -iam
978 1169 1098 1236 enima

33 1257 217 1346 Anagninis
235 1257 446 1344 Hernicisque
464 1260 533 1326 aliis
550 1259 668 1326 bellum
684 1262 806 1327 iussum
824 1271 889 1332 erat
902 1299 944 1311 —
957 1263 1063 1329 decer·

32 1361 164 1418 nuntur.
198 1352 300 1438 primo
316 1353 361 1418 ita
379 1354 484 1419 omnia
503 1363 657 1440 oportuna
676 1354 746 1421 loca
767 1354 873 1421 hostes
891 1355 972 1422 inter
988 1379 1063 1424 con·
1081 1377 1098 1424 a

35 1446 141 1513 sulum
160 1447 527 1534 castrainterceperunt,
549 1460 584 1514 ut
605 1449 775 1535 pervadere
797 1451 962 1537 expeditus
982 1475 1063 1516 nun-

32 1543 97 1608 tius
114 1563 181 1606 non
197 1551 305 1626 posset
322 1551 353 1606 et
373 1564 431 1628 per
447 1543 566 1626 aliquot
582 1544 649 1608 dies
671 1542 781 1609 incerti
801 1565 906 1609 rerum
923 1546 1063 1611 omnium
1080 1567 1097 1613 4

34 1635 245 1721 suspensique
267 1636 306 1701 de
328 1646 412 1701 statu
434 1637 560 1703 alterius
582 1647 713 1721 uterque
735 1637 844 1704 consul
870 1650 977 1727 ageret
997 1640 1064 1707 Ro-

31 1753 184 1817 mamque
201 1731 229 1796 is
247 1741 349 1797 metus
368 1742 517 1811 manaret,
531 1733 610 1798 adeo
628 1742 662 1798 ut
679 1755 787 1800 ornnes
804 1734 940 1800 iuniores
959 1756 1064 1801 sacra
1127 1797 1128 1800 ,

32 1835 142 1892 mento
164 1826 364 1913 adigerentur
386 1837 478 1912 atque
501 1828 541 1892 ad
564 1827 667 1893 subita
687 1850 792 1894 rerum
809 1829 872 1894 duo
889 1830 964 1894 insti
987 1831 1098 1898 scri-5

30 1919 183 1987 berentur
201 1921 364 2000 exercitus.
392 1931 529 1986 ceterum
538 1922 713 1988 Hernicum
729 1922 846 1989 bellum
863 1946 1062 2010 nequaquam

29 2036 93 2102 pro
113 2016 274 2104 praesenti
296 2024 412 2081 terrore
434 2039 471 2081 ac
493 2026 619 2083 vetusta
639 2016 742 2104 gentis
764 2018 864 2105 gloria
881 2019 951 2084 fuit.
985 2019 1097 2087 nihile

30 2132 173 2194 nsquam
190 2109 276 2174 dictu
293 2109 425 2196 dignum
443 2111 521 2188 ausi,
536 2112 624 2176 trinis
637 2105 747 2177 castris
765 2113 846 2178 intra
862 2135 981 2198 paucos
995 2113 1062 2180 dies

30 2204 132 2283 exuti,
151 2205 280 2292 triginta
297 2205 417 2269 dierum
435 2205 581 2283 indutias,
599 2205 644 2269 ita
660 2215 696 2270 nt
713 2206 754 2270 ad
771 2217 914 2271 senatum
926 2207 1062 2272 Romam

25 2297 159 2386 legatos
176 2299 347 2378 mitterent,
369 2300 453 2385 pacti
471 2308 543 2365 sunt
560 2297 701 2364 bimestri
719 2299 873 2384 stipendio
891 2300 1063 2366 frumento-

26 2415 97 2479 que
116 2401 149 2458 et
166 2393 298 2481 singulis
316 2394 350 2457 in
366 2394 497 2458 militem
514 2392 638 2458 tunicis.
666 2392 706 2459 ab
724 2403 835 2457 senatu
852 2393 893 2458 ad
904 2392 1063 2459 Marcium
1081 2413 1096 2460 r

24 2487 158 2564 reiecti,
176 2488 227 2552 cui
245 2497 373 2553 senatus
391 2487 534 2553 consulto
551 2486 740 2573 permissum
758 2487 797 2551 de
815 2486 963 2552 Hernicis
982 2498 1062 2567 erat3

24 2582 126 2666 isque
149 2603 219 2649 eam
241 2591 368 2668 gentem
389 2583 423 2646 in
444 2581 634 2649 deditionem
656 2581 785 2664 accepit.
826 2591 858 2645 et
879 2581 912 2645 in
932 2579 1063 2648 Samnio

24 2677 114 2743 alter
131 2674 243 2741 consul
261 2676 402 2762 superior
418 2675 551 2754 viribus,
569 2675 648 2740 locis
664 2675 830 2760 inpeditior
847 2683 922 2740 erat.
958 2674 1063 2740 omnia
1080 2694 1098 2744 8

21 2771 148 2837 itinera
166 2768 389 2856 obsaepserant
406 2769 513 2835 hostes
532 2769 693 2854 saltusque
710 2769 834 2855 pervios
853 2777 1008 2856 ceperant,
1021 2790 1063 2833 ne

22 2888 97 2952 qua
116 2862 251 2929 subvehi
268 2875 460 2930 commeatus
477 2874 617 2950 possent
651 2885 754 2948 neque
772 2886 840 2943 eos,
859 2886 932 2931 cum
949 2863 1063 2930 cotidie

26 2961 129 3047 signa
145 2956 180 3021 in
197 2958 297 3024 aciem
315 2959 424 3024 consul
440 2958 602 3044 proferret,
617 2957 728 3023 elicere
742 2959 782 3023 ad
800 2968 958 3024 certamen
974 2968 1064 3043 pote-

21 3063 95 3132 rat,
120 3045 262 3136 satisque
280 3051 464 3138 apparebat,
486 3073 589 3137 neque
607 3049 782 3118 Samnitem
799 3061 957 3116 certamen
972 3073 1063 3136 prae·
1081 3070 1096 3118 a
1127 3125 1131 3134 ,

23 3169 108 3216 sens
135 3168 197 3211 nec
217 3146 398 3213 Romanum
418 3146 599 3212 dilationem
623 3143 699 3210 belli
721 3145 867 3209 laturum.
907 3143 1062 3209 adventus
1081 3163 1115 3210 10

18 3239 153 3318 Marci,
180 3239 235 3323 qui
259 3238 408 3306 Hernicis
435 3239 573 3306 subactis
598 3238 766 3304 maturavit
792 3238 929 3324 collegae
955 3237 1062 3303 venbe

19 3336 168 3415 auxilio,
190 3358 311 3402 moram
332 3337 509 3402 certaminis
530 3336 614 3403 hosti
635 3335 760 3401 exemit.
795 3357 869 3398 nam
890 3341 925 3398 nt
946 3333 1001 3417 qui
1021 3353 1062 3398 ne
1081 3352 1112 3400 11

17 3431 124 3502 alteri
142 3429 270 3514 quidem
288 3431 437 3496 exercitui
454 3452 488 3496 se
506 3431 547 3496 ad
564 3439 722 3496 certamen
738 3427 943 3494 credidissent
959 3449 1062 3514 pares,
1129 3475 1133 3505 :

17 3525 186 3613 coniungi
201 3525 310 3610 utique
327 3525 414 3612 passi
431 3525 511 3591 duos
529 3523 710 3591 consulares
728 3521 883 3589 exercitus
899 3520 978 3587 nihil
996 3544 1063 3587 cre-

16 3624 145 3691 derent
172 3642 337 3708 superesse
363 3621 445 3707 spei,
471 3619 690 3686 advenientem
713 3618 910 3704 inconposito
936 3617 1062 3705 agmine

15 3713 195 3784 Marcium
217 3715 451 3802 adgrediuntur.
486 3713 601 3801 raptim
622 3711 763 3778 conlatae
785 3711 924 3778 sarcinae
945 3711 978 3776 in
995 3733 1063 3775 me·
1081 3728 1114 3777 12

19 3812 122 3878 dium
140 3818 183 3887 et,
200 3819 293 3894 prout
310 3819 435 3895 tempus
452 3807 638 3895 patiebatur,
656 3806 808 3873 instructa
825 3807 918 3872 acies.
946 3805 1063 3870 clamor

16 3906 172 3995 primum
189 3903 223 3968 in
241 3904 355 3969 stativa
370 3903 519 3990 perlatus,
536 3903 610 3969 dein
628 3912 814 3990 conspectus
831 3897 940 3987 procul
956 3896 1060 3983 pulvis

14 3999 205 4068 tumultum
226 3998 311 4085 apud
332 3998 465 4064 alterum
487 3998 648 4065 consulem
669 3998 702 4063 in
724 3997 834 4063 castris
852 3993 935 4060 fecit
970 3993 1061 4076 isque
1082 4011 1114 4059 re

927 4298 959 4340 ’ἡ
