2566 4524
341 219 458 274 nrssnn
475 219 518 290 11,
536 220 648 277 25-27.
669 225 706 290 [a.
718 219 747 276 e.
757 221 821 292 495]
1052 211 1094 278 87

127 378 263 443 Postero
280 377 333 441 die
355 377 395 441 ad
415 375 566 443 Suessam
585 379 775 457 Pometiam,
803 402 866 463 quo
889 380 1095 468 confugerant
1113 403 1129 450 5

77 483 186 549 restes,
206 470 383 557 legionibus
402 471 504 536 ductis
522 473 603 536 iutra
620 494 738 557 paucos
757 473 824 538 dies
843 475 992 559 oppidum
1011 476 1096 561 capi-

78 592 127 646 ur3
147 576 276 651 captum
292 565 427 651 praedae
445 567 562 630 datum.
585 567 658 631 inde
675 566 805 653 paulum
822 578 979 634 recreatus
999 591 1094 655 egens

77 662 165 726 niles.
192 658 304 724 consul
322 678 395 724 cum
412 661 550 725 maxima
567 661 666 747 gloria
685 677 743 725 sua
759 662 909 727 victorem
924 663 1096 728 exercitum
1115 685 1129 732 6

77 755 200 819 tomam
223 753 352 818 reducit.
394 753 596 818 decedentem
614 755 750 819 Romam
767 754 997 822 Ecetranorum
1016 756 1095 822 Vol-

77 871 189 913 corum
208 848 314 932 legati,
333 845 427 912 rebus
447 848 512 912 suis
529 849 674 913 timentes
688 859 760 933 post
769 849 946 914 Pometiam
960 860 1094 935 captam,

77 944 190 1008 dsunt.
219 941 268 1006 his
287 963 326 1006 ex
345 950 472 1007 senatus
490 943 633 1008 consulto
647 943 721 1008 data
737 965 809 1028 pax,
829 967 905 1029 ager
918 945 1093 1029 ademptus.

123 1035 263 1102 XXVI.
304 1035 481 1102 Confestim
513 1046 543 1101 et
571 1035 683 1102 Sabini
708 1033 869 1103 Romanos
900 1040 1126 1107 tenitavere:1

77 1132 218 1196 umultus
238 1131 320 1195 enim
337 1130 398 1195 fuit
415 1132 520 1196 verius
539 1152 634 1214 quam
657 1131 785 1197 bellum.
820 1143 912 1198 nocte
929 1135 962 1197 iu
984 1134 1094 1199 urbem

77 1225 242 1290 runtiatum
273 1233 338 1301 est,
375 1225 547 1290 exercitum
579 1223 733 1291 Sabinum
764 1225 1023 1312 praedabundum
1054 1228 1095 1292 ad

77 1319 221 1383 Anienem
244 1340 368 1382 amnem
389 1319 584 1405 pervenisse,
612 1319 656 1384 ibi
678 1319 797 1404 passim
820 1319 912 1406 diripi
934 1330 1026 1405 atque
1048 1321 1096 1385 in-

77 1414 158 1478 :endi
183 1412 282 1477 villas.
327 1413 443 1477 missus
472 1414 628 1499 extemplo
655 1437 692 1478 co
720 1437 791 1478 cum
818 1414 962 1480 omnibus
995 1415 1128 1500 copiisa

77 1507 205 1592 equitum
222 1504 265 1571 A.
284 1506 481 1584 Postumius,
508 1508 563 1592 qui
585 1508 717 1572 dictator
738 1506 821 1573 bello
839 1509 957 1573 Latino
981 1508 1093 1585 fuerat,

78 1611 191 1667 erutus
210 1601 320 1666 consul
340 1598 492 1666 Servilius
511 1624 584 1666 cum
601 1603 722 1667 delecta
738 1604 880 1689 peditum
897 1626 1001 1667 manu.
1029 1602 1096 1687 ple·
1114 1621 1128 1668 3

78 1718 178 1780 osque
199 1694 342 1781 palantes
366 1718 461 1779 eques
485 1696 702 1774 circumvenit3
728 1719 787 1761 nec
810 1697 986 1761 advenienti
1008 1696 1096 1782 pedi-

77 1813 127 1855 nm
150 1789 273 1875 agmini
294 1789 406 1853 restitit
430 1787 549 1855 Sabina
570 1789 667 1876 legio:
695 1790 773 1855 fessi
796 1812 868 1854 cum
894 1791 1003 1853 itinere
1028 1798 1095 1852 tum

77 1884 265 1971 *epulatione
287 1893 453 1961 nocturna,
480 1907 595 1970 magna
620 1907 694 1968 pars
720 1884 753 1948 iu
779 1884 861 1948 villis
887 1883 998 1968 repleti
1025 1882 1095 1948 cibo

77 1979 210 2062 unoque,
230 1978 284 2040 vix
302 1977 398 2062 fugae
417 1976 502 2060 quod
519 1977 595 2042 satis
616 1987 699 2042 essct
717 1978 830 2041 virium
848 1977 995 2042 habuere.

80 2137 82 2142 ,
128 2069 227 2136 Nocte
254 2095 318 2135 una
344 2071 450 2135 audito
471 2070 674 2156 perfectoque
701 2071 782 2136 bello
807 2069 940 2148 Sabino,
967 2079 1130 2156 poster04

77 2163 119 2228 lie
134 2165 167 2230 in
183 2189 300 2251 magna
316 2165 378 2230 iam
398 2187 454 2251 spe
468 2166 605 2249 undique
619 2176 726 2249 partae
739 2167 827 2251 pacis
841 2166 937 2252 legati
949 2164 1096 2230 Aurunci

77 2269 208 2324 renatum
227 2261 356 2337 adeunt,
383 2259 416 2323 ni
434 2259 601 2324 decedatur
619 2257 737 2323 Volsco
760 2282 849 2344 agro,
876 2259 994 2323 bellum
1015 2259 1097 2322 indi-

77 2363 180 2419 centes.
218 2376 291 2418 cum
312 2353 424 2440 legatis
453 2353 546 2418 simul
572 2352 727 2416 exercitus
750 2351 973 2418 Auruncorum
1000 2353 1128 2419 domoc

77 2447 223 2532 profectus
243 2456 317 2524 erat,
336 2447 425 2511 cuius
443 2446 530 2511 fama
546 2446 631 2511 haud
648 2446 758 2532 procul
774 2446 838 2509 iam
856 2444 895 2509 ab
909 2444 1018 2508 Aricia
1035 2445 1097 2508 visi

77 2552 149 2607 :anto
176 2540 315 2606 tumultu
341 2541 476 2606 concivit
497 2540 674 2618 Romanos,
702 2549 737 2603 ut
757 2562 816 2604 nee
839 2538 960 2603 consuli
987 2538 1095 2602 ordine

77 2646 167 2720 patres
194 2658 254 2701 nec
275 2645 422 2721 pacatum
447 2658 636 2721 responsum
663 2658 749 2699 arma
775 2633 981 2698 inferentibus
1009 2654 1096 2696 arma

77 2728 128 2814 ipsi
142 2731 303 2816 capientes
322 2731 395 2796 dare
413 2740 552 2816 possent.
587 2729 730 2794 Ariciam
746 2728 862 2794 infesto
881 2727 1006 2816 agmine
1023 2726 1094 2805 itur,
1115 2747 1129 2796 6

77 2844 126 2890 neo
143 2825 254 2912 procul
276 2824 350 2890 inde
372 2847 444 2890 cum
466 2823 626 2890 Auruncis
650 2825 741 2912 signa
767 2823 890 2890 conlata
914 2822 1095 2910 proelioque

77 2937 130 2985 uno
145 2920 337 2986 debellatum
356 2929 414 2985 est.

131 3013 280 3080 XXVII.
315 3010 411 3080 Fusis
429 3012 590 3080 Auruncis
609 3014 709 3079 victor
726 3024 771 3079 tot
789 3015 869 3078 intra
886 3035 1004 3099 paucos
1028 3012 1095 3076 dies
1116 3030 1130 3077 1

81 3100 159 3172 bellis
179 3109 342 3176 Romanus
364 3109 521 3195 promissa
542 3109 679 3174 consulis
701 3109 859 3192 fidemque
887 3115 1014 3171 senatus
1042 3123 1097 3169 ex-

82 3205 235 3288 spectabat,
256 3229 330 3271 cum
338 3205 474 3292 Appius,
495 3215 525 3270 et
537 3205 632 3270 insita
646 3204 793 3290 superbia
810 3202 913 3267 animo
933 3211 963 3265 et
981 3209 1015 3264 ut
1033 3198 1099 3263 col-

82 3292 153 3386 legae
175 3322 291 3367 vanam
313 3300 432 3366 faceret
452 3301 561 3378 fidem,
589 3321 685 3383 quam
707 3297 876 3383 asperrime
898 3303 1021 3381 poterat
1046 3292 1097 3357 ius

81 3390 256 3462 decreditis
282 3395 424 3481 pecuniis
451 3395 563 3460 dicere.
609 3394 756 3478 deinceps
783 3401 815 3456 et
841 3390 896 3474 qui
925 3399 998 3454 ante
1023 3386 1098 3453 nexi

80 3485 188 3556 fuerant
206 3489 411 3556 creditoribus
430 3489 632 3556 tradebantur
650 3496 681 3553 et
698 3486 903 3552 nectebantur
921 3479 983 3550 alii.
1011 3481 1097 3569 quod
1115 3500 1129 3546 2

77 3580 121 3647 ubi
141 3585 192 3649 cui
214 3583 306 3648 militi
331 3584 495 3662 inciderat,
523 3583 676 3668 collegam
700 3580 886 3667 appellabat.
923 3599 1094 3644 concursus

77 3677 108 3740 ad
125 3675 296 3744 Servilium
314 3676 421 3756 fiebat,
448 3678 531 3743 illius
550 3677 706 3763 promissa
723 3673 894 3751 iactabant,
921 3672 967 3737 illi
985 3690 1097 3758 expro-

77 3768 199 3837 brabant
221 3794 280 3836 sua
300 3771 432 3857 quisque
454 3771 529 3836 belli
555 3770 666 3835 merita
692 3769 914 3852 cicatricesque
941 3774 1095 3851 acceptas.

77 3863 281 3950 mandabant,
298 3874 334 3931 ut
351 3874 406 3930 aut
422 3865 551 3931 referret
569 3865 611 3929 ad
628 3873 771 3929 senatum
789 3872 844 3926 aut
860 3869 895 3924 ut
913 3858 1028 3925 auxilio
1047 3879 1097 3922 es-

77 3968 114 4024 set
140 3958 254 4027 consul
279 3959 401 4029 civibus
429 3961 508 4038 suis,
541 3959 698 4045 inperator
725 3956 885 4022 militibus.
927 3949 1129 4018 movebanta
