2566 4524
283 268 401 327 emsa
417 269 502 342 ιιιι,
520 271 562 328 aa
582 268 734 345 [susem
956 257 1022 328 439

77 456 85 498 ι
104 430 211 498 omnia
227 428 335 514 replet.
371 428 452 493 inter
470 429 607 497 sarcinas
626 430 759 496 omissas
777 438 916 517 repente,
935 429 1055 502 abiae

78 549 96 592 s
122 524 257 612 pedibus
283 523 473 612 fugientium
498 533 831 609 consternatorumque
857 540 1019 611 equorum,

77 644 91 687 e
110 634 237 709 pugnae
254 640 356 703 neque
375 618 471 705 fugae
485 619 561 684 satis
579 628 723 704 potentes
742 620 924 686 caeduntur.
951 630 1020 685 tum
1040 644 1056 693 s

77 738 94 782 ο
107 735 207 801 prope
220 713 360 800 equitatu
373 713 512 779 hostium
521 711 570 777 M.
579 711 700 778 Fabius
710 714 929 780 circumductis
943 736 1021 801 pau-

77 810 134 876 slis
152 808 193 875 ab
211 819 299 896 tergo
316 809 495 895 pedestrem
513 808 612 874 aciem
631 809 777 874 adoritur.
814 808 932 875 clamor
948 809 1021 877 inde
1039 833 1056 883 4

77 928 93 971 s
117 903 264 970 accidens
286 912 318 968 et
338 901 527 969 Samnitium
549 903 658 969 terruit
676 905 811 981 animos,
831 913 863 970 et
880 904 1021 984 dictator,
1038 912 1041 917 '

77 1007 279 1085 aspectantes
296 997 435 1062 hostium
448 998 672 1084 antesignanos
685 996 871 1082 turbataque
886 999 978 1085 signa
991 1007 1023 1064 et

77 1103 197 1160 nantem
215 1093 315 1158 aciem
333 1093 424 1171 vidit,
444 1102 510 1158 turn
529 1093 685 1179 appellare
703 1103 770 1158 tum
788 1093 947 1159 adhortari
963 1093 1023 1157 mi-

93 1188 236 1254 tribunos
254 1188 473 1274 principesque
490 1188 634 1253 ordinum
652 1189 837 1253 nominatim
850 1189 891 1255 ad
908 1189 1023 1254 iteran-

90 1304 200 1349 secum
221 1304 363 1369 pugnam
384 1303 507 1347 vocare.
543 1291 658 1347 novato
676 1282 811 1348 clamore
834 1283 925 1371 signa
941 1281 1056 1347 infe-5

77 1400 112 1455 ιι,
132 1386 163 1443 et
180 1377 332 1461 quidquid
349 1375 636 1464 progrediebantur,
654 1377 756 1464 magis
775 1378 940 1465 magisque
958 1386 1023 1442 tur-

77 1496 82 1536 ι
100 1471 209 1536 hostes
228 1469 405 1536 cernebant.
433 1492 529 1555 eques
543 1471 611 1557 ipse
624 1471 687 1536 iam
700 1471 809 1556 primis
824 1472 935 1537 eratin
949 1494 1023 1537 eon-

77 1588 114 1644 ιιι,
130 1576 161 1629 et
170 1563 336 1630 Cornelius
350 1565 521 1651 respiciens
536 1566 576 1630 ad
589 1565 765 1651 manipulos
779 1566 923 1646 militum,
938 1566 1024 1652 quod
1043 1581 1057 1630 6

77 1684 104 1740 ι,
124 1660 208 1746 quod
225 1682 303 1726 voce
320 1669 457 1746 poterat,
480 1659 689 1739 monstrabat,
709 1661 825 1727 vexilla
843 1684 877 1728 se
895 1684 1024 1728 suorum

77 1776 184 1840 resque
201 1777 327 1821 cernere
346 1755 496 1840 equitum.
532 1755 617 1839 quod
633 1754 689 1820 ubi
707 1756 848 1821 auditum
867 1756 961 1822 simul
977 1757 1024 1821 ιι-
1043 1773 1057 1819 ι

77 1873 130 1936 que
152 1859 214 1929 est,
237 1850 316 1916 adeo
337 1860 466 1938 repente
435 1849 604 1916 tlaboris
627 1873 683 1937 per
705 1851 788 1916 diem
805 1862 935 1938 paenet
922 1860 1024 1916 toturn

77 1946 117 2011 ιιι
134 1944 362 2030 vulnerumque
380 1945 469 2011 obliti
488 1955 573 2023 sunt,
597 1946 735 2011 uthaud
753 1968 858 2025 secus,
881 1968 978 2031 quam
996 1947 1023 2012 si
1086 1939 1088 1946 ⁸

80 2039 193 2126 integri
211 2061 229 2105 e
246 2039 356 2106 castris
376 2041 501 2127 signum
518 2062 645 2128 pugnae
663 2039 868 2126 accepissent,
888 2040 1024 2107 concita·

77 2142 96 2198 ιι
113 2155 148 2198 ee
166 2133 200 2197 in
221 2134 293 2199 host
281 2143 353 2201 tem.
389 2157 449 2200 nec
470 2134 552 2199 ultra
571 2132 699 2200 Samnis
723 2135 889 2200 toleraret
877 2144 1058 2202 terroreme

77 2249 138 2292 um
159 2228 362 2313 peditumque
384 2229 448 2292 vim
470 2228 585 2316 potuit:
613 2229 727 2314 partim
749 2229 782 2292 ιιι
804 2229 907 2295 medio
930 2229 1023 2306 caesi,

77 2344 108 2386 m
131 2321 164 2386 in
185 2321 297 2409 fugam
319 2322 463 2409 dissipati
485 2331 567 2388 eunt.
606 2323 703 2409 pedes
730 2331 883 2387 restantes
906 2344 943 2387 ac
965 2323 1024 2386 oir-
1043 2336 1057 2384 9

77 2425 180 2482 tentos
198 2416 320 2494 cecidit,
339 2415 379 2481 ab
398 2416 501 2500 equite
519 2416 708 2504 fugientium
726 2425 847 2503 strages
866 2425 914 2480 est
931 2415 1024 2493 facta,

90 2532 173 2596 quos
191 2522 223 2575 et
239 2510 307 2596 ipse
324 2510 493 2596 imperator
505 2510 627 2577 cecidit.
653 2510 713 2575 hoe
727 2510 853 2574 demum
871 2510 1023 2595 proelium
1043 2523 1076 2571 ιο

77 2605 187 2670 uitium
204 2627 254 2670 res
268 2606 312 2671 ita
324 2604 462 2693 infregit,
476 2613 511 2670 ut
525 2602 670 2670 omnibus
690 2604 827 2670 conciliis
846 2605 1022 2681 fremerent,

77 2723 124 2767 me
145 2701 179 2766 id
201 2701 329 2786 quidem
351 2701 466 2765 mirum
488 2721 573 2779 esse,
598 2700 625 2766 si
647 2700 733 2786 inpio
760 2699 896 2766 bellot
865 2710 896 2765 et
917 2721 977 2764 con
978 2708 1025 2764 ιιι

77 2818 108 2861 rs
133 2804 294 2881 suscept,o
248 2793 532 2860 tinfestioribus
555 2794 666 2860 merito
634 2795 757 2860 tdeis
775 2809 871 2879 quam
891 2793 1025 2860 homini-

84 2887 165 2954 nihil
181 2910 331 2975 prospere
349 2878 491 2977 agerent:
515 2886 706 2975 expiandum
724 2889 758 2954 id
774 2880 893 2956 bellum
910 2894 1026 2976 magna

77 2984 141 3050 ede
157 2982 370 3068 luendumque
389 3005 475 3063 esse3
492 2983 527 3048 id
543 2982 689 3049 referret
677 2993 745 3048 ttan
744 3007 807 3061 um,
827 2994 933 3048 utrum
951 3006 1027 3070 eup-
1046 3008 1074 3052 11
1144 3002 1154 3019 ⁸

77 3100 89 3144 ι
105 3078 203 3143 noxio
220 3099 394 3164 paucorum
410 3101 452 3143 an
468 3078 610 3143 omnium
626 3077 754 3142 innoxio
767 3076 939 3163 praebeant
952 3099 1024 3141 san-

77 3195 105 3254 e;
124 3173 373 3258 audebantque
363 3196 428 3240 ram
439 3173 569 3259 quidem
582 3171 743 3239 nominare
760 3179 903 3238 auctores
921 3188 1024 3236 armo-

113 3290 215 3332 unum
236 3268 373 3334 maxime
398 3289 515 3335 nomen
533 3290 592 3356 per
613 3286 801 3334 consensum
823 3264 1029 3331 clamantium·
1044 3275 1075 3324 ιι

77 3361 212 3472 uliPapi
225 3362 459 3428 exaudiebatur.
486 3363 536 3429 vir
546 3362 661 3429 nobilis
675 3370 850 3449 potensque
863 3368 938 3438 erat,
916 3358 1026 3425 theut

77 3478 90 3524 e
106 3457 324 3544 proximarum
340 3457 531 3524 indutiarum
544 3466 661 3542 ruptor.
688 3455 729 3522 de
742 3478 780 3522 eo
793 3453 1028 3522 eoaotreferrer

77 3573 158 3619 ores
175 3552 336 3648 decretum
353 3551 504 3631 fecerunt,
522 3561 557 3617 ιιι
574 3551 726 3618 Brutulus
740 3549 860 3637 Papius
873 3549 1026 3616 Romanis
1047 3563 1078 3612 re

77 3655 164 3713 retur
180 3655 212 3714 et
230 3668 303 3713 cnm
321 3668 358 3714 eo
376 3648 494 3735 praeda
511 3646 612 3713 omnis
630 3645 776 3713 Romana
797 3645 975 3731 captivique
992 3651 1027 3709 ut

77 3765 136 3808 am
161 3741 320 3809 mitterent
320 3765 358 3807 ur
378 3764 522 3827 quaeque
543 3763 593 3808 res
616 3763 673 3827 per
694 3739 816 3806 fetiales
839 3761 879 3804 ex
900 3736 1027 3805 foedere

77 3836 149 3903 itae
165 3847 287 3916 essent,
306 3837 506 3904 secundum'
496 3861 546 3902 rus
565 3836 678 3922 fasque
695 3835 939 3902 restituerentur.
978 3827 1026 3893 fe-
1045 3843 1078 3893 14

77 3955 85 3999 ι
99 3931 252 4010 Romam,
269 3943 304 3997 ut
316 3941 513 4010 censuerunt,
532 3931 622 3997 missi
640 3939 671 3996 et
687 3952 801 4016 corpus
810 3925 935 3993 Brutuli
951 3943 1027 3988 exe-

77 4025 197 4113 ,ipse
218 4035 319 4093 morte
340 4026 550 4093 voluntaria'
541 4025 731 4114 rgnominiae
758 4045 792 4090 se
814 4043 852 4088 ac
873 4011 1155 4262 ιιιρριιΓ
