2566 4524
290 254 410 312 uranu
426 255 527 327 vnn,
545 255 588 312 aa.
607 253 759 329 [acan]
974 245 1041 316 469

90 412 205 481 XXVL
236 414 362 481 Eodem
380 437 462 480 anno
484 415 608 500 prodito
626 413 770 483 hostibus
786 414 932 485 Romam
948 436 1070 506 prae-1

76 504 105 574 io
116 510 244 578 Luceria
263 507 455 577 Samnitium
476 508 569 575 facta.
604 533 665 578 nec
685 512 740 577 diu
760 513 971 599 proditoribus
992 515 1042 582 in-

77 603 124 671 ua
136 629 185 672 res
201 605 271 671 suit
302 605 389 670 haud
405 603 514 691 procul
531 605 604 670 inde
618 606 772 672 exercitus
780 605 945 674 Romanus
959 620 1040 690 erat3
1058 631 1073 678 2

77 718 107 765 ss
122 698 221 787 primo
242 699 363 786 impetu
384 698 460 764 urbs
483 699 544 765 sita
559 701 594 764 in
610 700 705 786 plano
723 701 852 788 capitur.
887 704 1040 770 Lucerini

77 788 225 860 Samnites
243 793 286 860 ad
301 793 546 860 internecionem
565 796 663 874 caesi,
685 817 786 880 eoque
807 796 854 863 ira
873 800 1039 884 prooessit,
1058 817 1073 866 s

77 885 187 955 Romae
212 910 354 975 quoque,
380 909 453 954 cum
475 890 515 954 de
541 889 660 956 colonis
685 890 847 956 mittendis
867 892 1039 960 Luceriam

77 983 224 1050 suleretur
249 992 393 1062 senatus,
419 982 510 1049 multi
536 983 702 1050 delendam
727 982 839 1051 urbem
864 998 1037 1054 censerent

77 1086 133 1144 ster
148 1077 267 1167 odium,
281 1077 368 1162 quod
385 1076 560 1144 execrabile
577 1078 610 1143 in
627 1077 677 1145 bis
695 1087 805 1166 captos
822 1091 898 1160 erat,
915 1081 1036 1169 longin-
1056 1102 1074 1150 4

77 1194 113 1238 as
129 1193 256 1257 quoque
273 1171 441 1238 abhorrere
454 1195 476 1237 a
486 1171 665 1260 relegandis
682 1183 747 1239 tam
764 1174 874 1260 procul
890 1173 931 1241 ab
945 1177 1039 1243 domo
1087 1210 1089 1236 2

77 1263 129 1334 bus
146 1267 229 1333 inter
241 1275 307 1334 tam
319 1266 451 1333 infestas
469 1275 579 1354 gentes
593 1267 735 1354 cogebat.
761 1268 837 1334 vicit
849 1277 955 1335 tamen
968 1291 1040 1336 sen·
1057 1289 1072 1338 c

77 1361 115 1442 ia,
132 1371 169 1427 ut
185 1362 381 1428 mitterentur
398 1362 509 1428 coloni.
537 1362 600 1428 duo
613 1362 700 1428 milia
713 1370 745 1427 et
757 1361 921 1450 quingenti
938 1363 1037 1430 missi.
1086 1418 1089 1423 .

77 1453 197 1523 Eodem
214 1479 310 1535 anno,
333 1477 406 1522 cum
424 1456 529 1522 omnia
550 1456 647 1522 infida
663 1455 816 1522 Romanis
835 1468 954 1539 essent,
975 1457 1039 1525 Ca-

77 1572 233 1637 equoque
251 1550 393 1618 occultae
408 1550 586 1638 principum
604 1551 835 1619 coniurationes
852 1551 966 1619 factae.
998 1553 1039 1620 de
1057 1562 1081 1623 θ’

77 1668 123 1712 rus
140 1668 214 1714 cum
231 1645 273 1712 ad
290 1654 434 1712 senatum
450 1644 584 1711 relatum
602 1653 699 1724 esset,
722 1645 967 1732 haudquaquam
984 1671 1040 1714 ne-

77 1750 114 1808 :ta
127 1763 190 1808 res.
213 1741 412 1826 quaestiones
426 1741 579 1819 decretae,
594 1740 837 1824 dictatoremque
851 1743 1040 1825 quaestioni-

90 1835 269 1902 cxercendis
282 1835 344 1901 dici
361 1835 488 1921 placuit.
518 1834 556 1901 O.
566 1833 714 1900 Maenius
727 1833 845 1914 dictus;
863 1836 891 1901 is
900 1835 948 1900 M.
958 1835 1039 1901 Fos-
1056 1859 1071 1905 r

77 1950 91 1993 r
109 1930 294 2017 magistrum
317 1929 457 2013 equitum
479 1929 567 1994 dixit
607 1929 720 2016 ingens
743 1937 813 1995 erat
834 1929 1039 2017 magistratus

77 2044 81 2083 ι
103 2031 205 2090 terror.
245 2023 351 2108 itaque
373 2023 440 2090 sive
462 2023 555 2088 timor
572 2045 630 2089 seu
652 2023 860 2089 conscientiae
877 2024 926 2091 vis
946 2022 1041 2091 Cala-

77 2113 209 2185 10vium
221 2116 421 2201 Noviumque
439 2153 481 2167 -
499 2139 537 2182 ea
554 2117 658 2204 capita
675 2117 896 2184 coniurationis
914 2119 1040 2190 fuerant

77 2213 253 2297 priusquam
266 2210 500 2277 nominarentur
508 2212 593 2297 apud
605 2212 799 2288 dictatorem,
830 2234 915 2276 mors
953 2213 1039 2278 haud

77 2304 111 2376 ie.
122 2306 160 2374 ab
178 2306 257 2394 ipsis
275 2307 415 2372 conscita
431 2305 547 2372 iudicio
566 2305 729 2372 subtraxit.
756 2304 870 2370 deinde
886 2314 923 2370 ut
940 2316 1069 2389 qnae-8

77 2399 299 2489 niOampanae
317 2399 448 2466 materia
465 2400 610 2480 decessit,
629 2421 722 2466 versa
733 2398 870 2466 Romam
886 2399 1038 2485 interpre-

77 2492 108 2562 lo
122 2518 185 2563 res:
212 2519 278 2564 non
294 2495 478 2562 nominatim
495 2496 550 2581 qui
568 2495 713 2583 Capuae,
733 2495 840 2560 sedin
856 2495 1039 2560 universum

92 2610 219 2676 usquam
242 2591 381 2657 coissent
402 2591 659 2657 coniurassentve
682 2590 834 2656 adversus
851 2610 919 2653 rem
936 2587 1039 2674 publi-

77 2685 207 2770 [quaeri
234 2694 378 2752 senatum
404 2684 536 2752 iussisse
562 2694 594 2751 et
615 2685 765 2751 coitiones
791 2683 946 2749 honorum
972 2682 1071 2748 adi-9

77 2779 229 2847 endorum
255 2802 352 2846 causa
377 2779 478 2847 factas
505 2780 657 2846 adversus
678 2801 746 2846 rem
771 2777 931 2865 publicam
957 2799 1037 2844 esse.

77 2893 161 2961 arque
183 2885 214 2942 et
234 2897 269 2942 re
284 2884 319 2942 et
340 2875 483 2962 personis
506 2875 648 2959 quaestio
670 2874 752 2954 fieri,
774 2874 860 2940 haud
882 2873 1039 2941 abnuente

77 2978 172 3049 stote,
190 2970 259 3037 sins
275 2970 339 3037 fine
356 2970 421 3036 ulla
438 2969 630 3054 quaestionis
650 2991 725 3036 suae
742 2969 793 3033 ius
812 2990 893 3034 esse.
928 2978 1038 3055 postu·
1058 2979 1090 3029 10

77 3073 155 3131 ntur
170 3086 247 3153 ergo
264 3064 385 3132 nobiles
402 3065 562 3143 homines,
584 3063 877 3150 appellantibusque
895 3062 1038 3128 tribunos

77 3176 105 3224 to
119 3168 186 3225 erat
203 3160 329 3238 auxilie,
348 3160 426 3245 quin
441 3160 569 3225 nomina
585 3159 805 3244 reciperentur.
836 3156 909 3220 inde
926 3154 1039 3220 nobili·
1058 3167 1088 3214 11

89 3274 144 3319 nec
155 3252 190 3319 bi
202 3253 297 3319 modo
309 3254 343 3318 in
356 3276 435 3338 quos
450 3254 566 3321 crimen
583 3250 811 3330 intendebatur,
827 3251 884 3316 sed
900 3249 1040 3314 universi

77 3343 104 3411 ul
119 3368 245 3434 negare,
263 3346 415 3414 nobilium
432 3347 466 3412 id
483 3348 601 3413 crimen
619 3369 698 3425 esse,
714 3343 828 3430 quibus
843 3344 870 3411 si
883 3342 970 3408 nulla
983 3341 1040 3408 ob-

77 3456 109 3505 ur
124 3439 244 3519 fiaude,
262 3449 369 3527 pateat
380 3442 433 3506 via
450 3441 491 3507 ad
507 3429 668 3519 honore'm,
688 3441 744 3506 sed
760 3438 924 3504 hominum
940 3458 1039 3505 novo-

77 3580 89 3599 .
121 3534 210 3622 ipsos
232 3536 312 3602 adeo
334 3536 518 3602 dictatorem
538 3537 786 3623 magistrumque
808 3534 1089 3619 equitnmreos12

77 3628 226 3715 {isquam
242 3631 436 3716 quaesitores
454 3631 584 3697 idoneos
602 3630 670 3696 eius
689 3628 827 3696 criminis
845 3636 930 3707 esse,
947 3627 1039 3693 intel-

77 3744 221 3810 urosque,
242 3724 287 3791 ita
303 3724 337 3791 id
359 3733 443 3804 esso,
467 3724 560 3791 simul
582 3723 768 3811 magistratu
785 3722 934 3789 abissent.
970 3730 1038 3786 tum
1057 3738 1088 3787 rs

77 3840 186 3886 nrero
202 3816 366 3899 Maenius,
388 3817 453 3885 iam
469 3819 573 3886 famae
595 3819 698 3906 magis
715 3839 812 3904 quam
832 3815 955 3902 imperii
972 3835 1039 3879 me-
1166 3866 1169 3870 .

77 3938 90 3994 ¹,
111 3935 303 4002 progressus
322 3913 357 3980 in
374 3913 552 3981 contionem
572 3914 618 3981 ita'
633 3912 731 3980 verba
747 3912 836 3979 fecit:
864 3917 910 3975 ‘et
927 3928 1036 3974 omnes
1055 3922 1089 3974 14

77 4039 79 4071 ι
96 4018 188 4077 actae
205 4008 288 4078 vitae
305 4009 526 4078 vos-conscios
542 4009 654 4089 habeo,
674 4008 828 4093 Quirites,
852 4013 884 4072 et
899 4002 952 4069 hic
966 4002 1199 4262 imur
