2566 4524
294 259 413 315 sinna
429 259 513 331 aun,
532 258 574 314 33.
587 257 629 314 34.
649 257 825 332 [accras]
1010 249 1077 317 433

65 415 282 503 lelitatemquel
314 417 497 483 dictatorem
521 416 704 500 Quinctium
727 416 948 484 Cincinnatum
974 419 1008 484 in
1032 420 1075 488 L.
1096 442 1131 491 14

65 513 224 579 linucium
242 511 402 578 consulem
422 534 462 577 ex
479 511 642 578 obsidione
660 537 680 578 a
697 534 732 578 se
750 521 890 600 ereptum
911 536 975 579 non
996 513 1077 582 ultra

65 608 201 687 sevisse,
220 628 316 693 quam
333 616 368 672 ut
385 607 525 695 legatum
543 631 615 673 eum
633 610 675 673 ad
692 608 863 673 exercitum
877 630 935 694 pro
948 608 1077 675 consule

65 703 244 788 elinqueret.
283 700 332 768 M.
349 700 481 767 Furium
501 701 671 768 Camillum
687 702 721 766 in
737 701 779 767 L.
797 702 908 780 Furio,
932 703 987 788 qui
1003 725 1078 770 con·
1091 724 1129 774 ra

65 807 164 885 emptu
183 820 241 862 sua
259 805 418 863 senectute
436 807 467 863 et
484 798 667 863 auctoritate
679 796 863 863 foedissimo
877 820 950 864 cum
963 807 1078 865 eventu

66 900 233 981 ugnasset‚
256 914 320 957 non
338 891 440 958 solum
457 891 490 956 in
507 892 684 978 praesentia
701 892 896 958 moderatum
913 894 978 959 irae
996 916 1076 973 esse,

65 1011 83 1054 e
101 987 181 1073 quid
198 986 237 1052 (le
256 986 377 1076 collega
391 1009 482 1053 secus
495 987 612 1074 populo
626 998 679 1053 aut
693 987 814 1052 senatui
828 986 990 1066 scriberet,
1009 989 1075 1067 sed,
1097 1009 1129 1057 16
1208 993 1217 1059 J

65 1105 118 1146 um
136 1081 330 1160 revertisset,
353 1082 553 1168 potissimum
570 1105 610 1148 ex
627 1082 760 1149 tribunis
783 1081 999 1148 consularibus
1021 1082 1078 1148 ha—

66 1177 167 1255 uisse,
187 1198 295 1260 quem,
314 1199 355 1241 ex
372 1176 500 1264 collegis
519 1178 645 1264 optione
664 1176 703 1243 ab
722 1186 833 1241 senatu
851 1176 937 1255 data,
957 1176 1077 1242 socium

64 1269 108 1336 ibi
128 1271 253 1357 imperii
274 1271 433 1359 deligeret.
470 1296 544 1337 nam
565 1272 675 1358 populi
696 1272 836 1356 quidem,
863 1293 959 1357 penes
983 1294 1077 1356 quem
1096 1295 1128 1342 1r

66 1373 185 1430 otestas
207 1365 348 1430 omnium
368 1388 474 1431 rerum
496 1376 594 1445 esset,
621 1389 661 1431 no
682 1366 762 1431 iram
783 1366 909 1450 quidem
926 1388 1078 1451 umquam

65 1459 230 1526 trociorem
244 1460 342 1525 fuisse
355 1461 391 1525 in
404 1482 473 1539 eos,
493 1462 547 1546 qui
560 1461 732 1527 temeritate
746 1469 839 1545 atque
852 1460 976 1526 inscitia
989 1483 1078 1526 exer-

65 1556 125 1620 itus
154 1555 346 1634 amisissent,
374 1578 470 1640 quam
496 1566 532 1621 ut
556 1556 691 1643 pecunia
712 1577 767 1622 eos
789 1555 947 1620 multaret:
975 1555 1077 1641 capite

65 1650 239 1735 nquisitum
256 1649 298 1716 ob
315 1674 383 1716 rem
400 1650 482 1718 bello
500 1653 582 1717 male
599 1661 723 1741 gestam
737 1652 776 1716 de
789 1651 976 1737 imperatore
990 1651 1076 1716 nullo

65 1746 176 1810 deam
194 1745 278 1810 diem
296 1767 376 1812 esse.
403 1768 487 1812 nunc
501 1746 634 1812 ducibus
648 1745 757 1832 populi
769 1744 919 1823 Romani,
938 1766 1019 1828 quae
1037 1766 1077 1810 ne
1097 1762 1129 1812 18

66 1841 138 1905 ictis
157 1840 286 1924 quidem
302 1839 385 1906 bello
403 1840 453 1905 fas
470 1841 579 1919 suerit,
597 1841 702 1927 virgas
722 1849 753 1905 et
767 1862 891 1906 secures
905 1838 1076 1905 victoribus

65 1943 79 1998 t
95 1934 285 2000 iustissimos
303 1934 421 2000 meritis
440 1935 614 2024 triumphos
632 1935 787 2001 intentari.
819 1934 896 2019 quid
908 1934 991 2000 enim
1009 1942 1078 1999 tan-
1097 1954 1128 2003 19

65 2030 123 2094 lem
139 2050 305 2115 passurum
323 2028 422 2095 fuisse
440 2031 539 2095 filium
558 2054 666 2109 suum,
684 2031 712 2096 si
726 2031 896 2096 exereitum
910 2029 1077 2108 amisisset,

65 2124 199 2203 isusus,
222 2125 366 2211 fugatus,
390 2125 499 2191 castris
519 2135 632 2189 exutus
655 2125 788 2190 fuisset?
812 2148 874 2208 quo
897 2124 978 2190 ultra
999 2125 1079 2189 iram

66 2219 291 2304 iolentiamque
323 2219 391 2284 eius
423 2240 624 2284 excessuram
654 2217 754 2282 fuisse
785 2239 881 2302 quam
908 2228 942 2281 ut
968 2217 1079 2282 verbe-

65 2323 129 2380 uret
146 2314 353 2399 necaretque?
378 2337 474 2399 quam
497 2312 685 2379 conveniens
704 2334 789 2390 esse,
811 2319 938 2398 propter
957 2310 997 2393 Q.
1015 2310 1079 2376 Fa-
1097 2323 1130 2372 20

67 2410 136 2474 ium
162 2408 320 2474 civitatem
345 2409 378 2472 in
403 2408 534 2486 laetitia,
561 2408 705 2484 victoria,
734 2405 1014 2493 supplicationibus
1041 2425 1079 2470 ae

65 2501 309 2584 ¹ratulationibus
332 2525 416 2581 esse,
445 2525 531 2580 eum,
558 2511 684 2588 propter
706 2522 800 2585 quem
827 2500 922 2564 deum
947 2496 1079 2564 delubra
1096 2512 1129 2561 21

65 2605 189 2675 ›ateant‚
213 2618 286 2662 arae
305 2596 464 2663 sacrificiis
483 2596 617 2676 fument,
644 2597 776 2674 honore,
804 2595 894 2660 donis
918 2591 1079 2659 cumulen-

65 2714 107 2771 ur,
126 2691 280 2756 nudatum
298 2691 395 2778 virgis
413 2691 543 2756 lacerari
559 2692 592 2755 in
615 2699 785 2778 conspectu
806 2689 915 2777 populi
931 2687 1077 2764 Romani,

65 2795 222 2852 ituentem
241 2785 434 2871 Capitolium
452 2795 545 2870 atque
564 2809 668 2852 arcem
686 2787 824 2871 deosque
843 2785 882 2851 ab
902 2806 936 2849 se
954 2782 1078 2848 (luobus

66 2881 175 2947 roeliis
195 2880 261 2946 hau
282 2880 399 2947 frustra
421 2880 609 2946 advocatos?
635 2903 698 2964 quo
720 2881 754 2947 id
766 2881 879 2946 animo
898 2877 1078 2957 exercitum,
1097 2900 1130 2949 22

65 2977 101 3042 ui
137 2977 206 3042 eius
237 2976 334 3041 (luctu
364 2976 576 3062 auspiciisque
606 2976 747 3055 vicisset,
782 2976 942 3041 laturum?
984 2996 1079 3058 quem

65 3080 168 3136 ictum
194 3071 228 3136 in
254 3070 365 3138 castris
386 3071 555 3150 Romanis,
583 3092 677 3155 quam
699 3068 849 3135 laetitiam
869 3069 951 3132 inter
970 3068 1078 3131 hostes

65 3167 135 3232 uret
163 3167 244 3234 haec
270 3167 364 3232 simul
389 3169 533 3254 iurgans,
561 3189 708 3252 querens,
736 3166 831 3231 deum
855 3163 1079 3246 hominumque
1098 3181 1130 3230 23

67 3264 145 3329 dem
165 3263 327 3331 obtestans
349 3273 381 3329 et
404 3264 574 3351 conplexus
597 3265 697 3330 filium
718 3261 861 3351 plurimis
884 3282 957 3324 cum
977 3257 1079 3323 lacru-

65 3358 251 3446 iisagebat.
788 3434 792 3445 μ’

104 3453 300 3519 ΧΧΧΠΠ.
321 3451 434 3520 Stabat
451 3477 523 3519 cum
542 3477 579 3520 eo
598 3463 725 3519 senatus
743 3452 906 3531 maiestas,
919 3450 1009 3516 favor
1022 3472 1080 3536 po-
1098 3469 1111 3516 1

65 3547 127 3626 nli,
152 3546 353 3613 tribunicium
375 3549 541 3628 auxilium,
568 3548 719 3614 memoria
745 3546 884 3613 absentis
907 3546 1077 3624 exercitum

65 3666 86 3709 x
103 3651 195 3730 parte
212 3641 310 3708 altera
326 3644 492 3730 imperium
513 3644 665 3709 invictum
686 3642 795 3730 populi
811 3641 948 3708 Romani
965 3651 997 3707 et
1014 3641 1079 3706 dis·
1096 3659 1111 3706 2

65 3736 226 3825 iplinarei
243 3737 384 3804 militaris
403 3749 435 3804 et
446 3738 604 3804 dictatoris
623 3739 760 3804 edictum
777 3760 834 3824 pro
851 3737 979 3802 numine
997 3757 1080 3800 sem·

65 3854 103 3897 er
127 3829 332 3898 observatum
358 3842 389 3898 et
414 3833 578 3899 Manliana
603 3833 735 3920 imperia
760 3842 791 3898 et
816 3831 996 3918 posthabita
1021 3826 1078 3891 filii

65 3925 161 4002 oritas
178 3926 325 4013 publicae
337 3928 462 3993 utilitati
474 3927 677 3994 iactabantur.
705 3929 766 3994 hoc
778 3929 871 3992 etiam
882 3926 922 3989 L.
933 3925 1077 3998 Brutum,
1097 3941 1112 3988 3

65 4021 243 4088 auditorem
264 4022 428 4089 Romanae
454 4021 620 4102 libertatis,
648 4032 740 4088 antea
765 4022 799 4086 in
820 4019 944 4085 duobus
970 4015 1077 4081 liberis

100 4139 152 4186 latui
165 4140 210 4186 rol·
219 4140 238 4184 1.
872 4119 908 4173 28
