2566 4524
143 202 208 269 292
409 212 528 267 LIBER
544 211 580 282 v,
598 210 641 265 41.
654 210 696 264 42.
716 215 790 280 [au.
801 227 825 267 c.
837 208 902 280 364]

141 381 267 461 postero
290 371 341 436 die
363 369 473 435 urbem
498 377 624 456 patente
648 366 773 434 Collina
797 377 889 454 porta
909 367 949 438 in
975 367 1078 434 forum
1100 392 1160 458 per-

104 502 109 511 ·
142 468 286 544 veniunt,
305 463 558 539 circumferentes
575 463 683 528 oculos
701 463 742 527 ad
760 462 877 548 templa
894 462 990 527 deum
1007 485 1160 548 arcemque

109 584 125 631 5
143 560 269 644 (totam)
287 559 386 625 solam
404 557 479 623 belli
497 558 633 643 speciem
647 567 813 622 tenentem.
841 557 915 622 inde
927 558 1054 624 modico
1066 559 1166 623 relicto

141 653 312 740 praesidio,
336 674 375 716 ne
393 651 464 734 quis
482 651 515 715 in
533 651 701 736 dissipatos
720 673 760 715 ex
777 672 849 716 aree
866 660 921 715 aut
940 650 1097 737 Capitolio
1111 652 1172 717 im-

142 759 234 835 petus
252 746 353 823 fieret,
377 746 489 830 dilapsi
508 746 548 810 ad
564 745 714 831 praedam
731 745 840 810 vacuis
859 767 995 811 occursu
1013 746 1169 812 hominum

144 841 218 918 viis,
244 863 318 926 pars
340 840 372 903 in
398 839 542 924 proxima
568 860 711 923 quaeque
737 849 890 904 tectorum
916 841 1045 927 agmine
1069 850 1156 918 ruunt,

143 957 217 1020 pars
240 935 363 1011 ultima,
390 933 478 998 velut
499 956 537 998 ea
559 934 686 998 demum
707 932 824 998 intacta
849 942 880 998 et
905 934 1023 1000 referta
1047 935 1164 1021 praeda,

111 1051 126 1098 a
143 1037 262 1114 petunt
289 1028 362 1092 inde
375 1049 484 1091 rursus
497 1026 567 1112 ipsa
582 1026 748 1092 solitudine
762 1025 931 1105 absterriti,
950 1050 990 1092 ne
1006 1050 1071 1112 qua
1086 1029 1167 1094 fraus

143 1123 266 1189 hostilis
289 1145 387 1208 vagos
406 1123 576 1207 exciperet,
599 1121 753 1186 inferum
771 1143 808 1186 ac
824 1123 1003 1207 propinqua
1020 1122 1088 1188 foro
1103 1123 1168 1189 looa

112 1239 126 1285 7
146 1217 324 1303 conglobati
341 1216 483 1281 redibant
488 1240 497 1294 ;
516 1215 570 1280 ubi
588 1237 641 1279 eos
654 1214 756 1300 plebis
770 1215 919 1280 aedificiis
933 1215 1100 1297 obseratis,
1115 1240 1169 1304 pa-

145 1311 282 1376 tentibus
305 1310 390 1375 atriis
412 1309 603 1395 principum,
630 1309 729 1373 maior
749 1331 849 1394 prope
870 1311 1028 1376 cunctatio
1050 1311 1168 1376 tenebat

111 1416 253 1491 seperta
278 1427 372 1488 quam
399 1404 507 1468 clausa
532 1402 714 1467 invadendi:
743 1402 822 1467 adeo
848 1402 933 1467 haud
961 1426 1054 1470 secus
1079 1426 1167 1488 quam

144 1497 359 1563 venerabundi
388 1496 590 1562 intuebantur
619 1497 652 1560 in
682 1496 807 1560 aedium
838 1496 1002 1562 vestibulis
1031 1498 1165 1563 sedentes

146 1593 231 1657 viros
253 1601 377 1677 praeter
398 1601 542 1656 ornatum
566 1590 771 1674 habitumque
797 1590 935 1656 humano
962 1594 1166 1679 augustiorem

144 1686 307 1751 maiestate
334 1687 441 1764 etiam,
470 1707 564 1770 quam
590 1685 696 1750 vultus
722 1686 922 1771 gravitasque
949 1686 1013 1752 oris
1039 1709 1112 1773 prae
1133 1706 1166 1751 se

112 1803 126 1850 9
145 1781 278 1859 ferebat,
298 1781 471 1845 simillimos
489 1780 548 1844 dis.
584 1779 625 1844 ad
642 1801 696 1844 eos
714 1779 800 1843 velut
818 1779 984 1846 simulacra
1002 1783 1085 1847 versi
1102 1802 1168 1846 eum

146 1884 277 1952 starent,
300 1873 348 1938 M.
366 1874 512 1960 Papirius
538 1896 620 1938 unus
647 1896 687 1938 ex
713 1873 762 1938 his
790 1874 902 1939 dicitur
925 1872 1020 1940 Gallo
1046 1874 1168 1941 barbam

147 1991 250 2045 suam,
270 1977 305 2031 ut
318 1978 385 2030 tum
398 1966 543 2032 omnibus
556 1968 711 2052 promissa
725 1976 799 2038 erat,
817 1968 1024 2054 permulcenti
1039 1970 1169 2056 scipione

146 2061 283 2126 eburneo
301 2059 334 2124 in
352 2070 447 2147 caput
462 2061 590 2126 incusso
607 2062 685 2126 iram
703 2062 856 2140 movisse3
883 2072 977 2147 atque
1000 2063 1041 2129 ab
1063 2086 1099 2129 eo
1115 2061 1170 2128 ini·

146 2156 225 2221 tium
251 2156 357 2221 caedis
383 2167 498 2234 ortum,
536 2167 655 2221 ceteros
684 2156 718 2219 in
745 2156 873 2222 sedibus
900 2157 966 2222 suis
994 2157 1167 2223 trucidatos.

97 2272 129 2320 10
146 2260 220 2337 post
232 2251 410 2336 principum
425 2251 552 2315 caedem
566 2250 643 2314 nulli
656 2250 769 2315 deinde
782 2251 960 2316 mortalium
968 2253 1066 2338 parci,
1083 2248 1167 2336 diripi

146 2357 242 2422 tecta,
261 2346 422 2410 exhaustis
440 2345 514 2409 inici
530 2345 630 2430 ignes.

114 2462 126 2506 1
209 2439 402 2504 XXXXII.
445 2437 592 2503 Ceterum
607 2460 720 2501 -seu
737 2461 801 2502 non
819 2437 964 2503 omnibus
982 2439 1106 2504 delendi
1120 2457 1168 2502 ur-

145 2533 218 2598 bem
235 2534 331 2600 libido
350 2544 416 2598 erat
434 2555 491 2597 seu
508 2533 552 2597 ita
564 2532 724 2617 placuerat
737 2532 931 2618 principibus
947 2531 1121 2610 Gallorum,
1137 2539 1164 2595 et

146 2628 295 2692 ostentari
313 2628 466 2710 quaedam
484 2626 629 2690 incendia
646 2626 771 2690 terroris
790 2649 898 2704 causa,
922 2627 951 2691 si
968 2627 1111 2714 compelli
1128 2621 1162 2689 ed

113 2743 128 2789 2
146 2722 336 2785 deditionem
355 2721 481 2784 caritate
500 2720 611 2784 sedum
629 2743 756 2784 suarum
770 2719 892 2785 obsessi
904 2733 1051 2806 possent,
1070 2735 1099 2787 et
1110 2739 1161 2784 non
1190 2788 1193 2793 ,

147 2814 252 2878 omnia
271 2813 461 2877 concremari
479 2824 574 2891 tecta,
594 2824 629 2877 ut
643 2814 863 2897 quodcumque
881 2827 1063 2900 superesset
1078 2812 1157 2887 urbis

147 2908 181 2971 id
202 2908 317 2993 pignus
336 2909 377 2972 ad
394 2908 564 2972 flectendos
582 2908 720 2972 hostium
738 2909 859 2974 animos
876 2908 1045 2989 haberent,
1063 2947 1102 2958 -
1116 2927 1157 2971 ne

145 3024 303 3087 quaquam
326 3004 454 3089 perinde
476 3013 569 3085 atque
591 3003 624 3065 in
642 3013 733 3087 capta
750 3003 826 3068 urbe
843 3003 946 3089 prima
963 3005 1015 3069 die
1034 3013 1087 3069 aut
1100 3023 1155 3087 pos·

112 3119 126 3165 3
146 3098 205 3162 sim
228 3109 282 3163 aut
302 3099 364 3162 late
386 3108 520 3184 vagatus
543 3107 591 3161 est
612 3097 704 3182 ignis.
740 3097 876 3162 Romani
899 3120 939 3162 ex
961 3121 1034 3164 arce
1050 3098 1163 3185 plenam·

144 3194 282 3258 hostium
299 3194 410 3259 urbem
428 3204 589 3258 cernentes
606 3214 765 3277 vagosque
777 3215 835 3278 per
847 3192 915 3258 vias
928 3216 1039 3259 omnes
1054 3210 1152 3262 cursus,

146 3309 218 3351 cum
236 3288 297 3352 alia
315 3299 408 3371 atque
426 3287 487 3352 alia
503 3297 591 3373 parte
609 3308 693 3351 nova
706 3287 812 3369 aliqua
825 3286 930 3352 clades
938 3299 1090 3364 oreretur,
1106 3302 1153 3348 non

145 3381 302 3446 mentibus
326 3383 427 3446 solum
449 3382 626 3467 concipere,
654 3382 711 3447 sed
732 3404 772 3446 ne
789 3381 917 3446 auribus
936 3383 1064 3466 quidem
1080 3389 1153 3460 atque

111 3495 127 3540 4
146 3475 244 3540 oculis
260 3475 335 3540 satis
350 3487 492 3540 constare
504 3484 657 3561 poterant.
684 3497 880 3559 quocumque
895 3474 1015 3540 elamor
1027 3474 1151 3543 hostium

146 3569 311 3634 mulierum
321 3592 551 3656 puerorumque
560 3570 709 3654 ploratus,
730 3570 850 3634 sonitus
863 3569 1009 3635 flammae
1024 3580 1055 3634 et
1067 3568 1152 3650 fingor

144 3664 301 3727 ruentium
324 3674 476 3729 tectorum
499 3664 675 3741 avertisset,
698 3673 848 3749 paventes
872 3663 1037 3729 adomnia
1052 3659 1151 3728 animol

145 3782 261 3842 oraque
280 3769 311 3823 et
329 3759 434 3824 oculos
453 3757 618 3822 flectebant
636 3759 774 3822 velutad
789 3758 1004 3844 spectaculum
1016 3782 1036 3823 a
1048 3757 1151 3822 tortura

144 3854 239 3939 positi
262 3854 432 3919 occidentis
455 3853 573 3940 patriae
593 3875 653 3917 nec
674 3853 767 3916 ullius
789 3875 893 3918 rerum
920 3876 1048 3918 suarum
1070 3838 1151 3915 relidi

111 3967 128 4014 5
145 3959 362 4034 praeterquam
376 3971 541 4037 corporum
554 3947 708 4025 vindices,
727 3957 813 4012 tanto
827 3956 900 4013 ante
913 3947 992 4014 alios
1005 3931 1150 4012 miserandi
