2566 4524
225 244 294 313 496
498 253 758 323 cinnama.
777 252 986 326 assuas]

229 415 342 484 aedem
364 409 498 491 Salutis,
525 434 621 498 quam
647 411 758 480 consul
786 419 930 490 voverat,
958 433 1071 479 censor
1093 409 1230 493 locavnst,

231 509 365 576 dictatm
381 505 546 573 dedicavit.

197 625 212 675 1
295 602 342 670 II.
376 601 501 668 Eodem
522 623 605 666 anno
627 601 738 668 classis
762 597 958 668 Graecorum
980 597 1154 688 Cleonymo
1175 598 1233 667 dua

229 696 484 765 Incedaemonio
501 696 543 761 sd
559 695 670 762 Italiae
687 695 778 761 litora
794 694 928 782 adpulsa
946 693 1086 762 Thurias
1103 692 1236 761 urbemin

194 812 212 863 2
232 790 416 860 Sallentinis
433 790 525 877 cepit.
561 790 713 857 adversus
730 789 815 856 huno
832 790 959 856 hostem
975 787 1091 856 consul
1106 786 1235 855 Aemilius
1273 804 1277 809 “

230 886 347 952 missus
369 884 488 972 proelio
509 905 573 949 nno
594 884 740 971 fugatum
762 883 902 972 conpulit
922 884 958 949 in
978 905 1091 951 naves.
1124 881 1235 950 Thurias
1269 888 1277 925 ’-

195 1003 213 1052 a
230 980 372 1047 redditae
387 977 487 1045 veteri
508 978 619 1044 cultori
637 975 874 1064 Sallentinoque
891 1001 970 1066 agro
991 1001 1059 1064 pax
1074 987 1168 1066 parta
1196 975 1236 1042 Iu·
1268 1058 1274 1067 Ι

229 1075 318 1140 nium
334 1073 515 1140 Bubulcum
533 1073 717 1139 dictatorem
733 1073 867 1140 missum
883 1073 918 1138 in
931 1069 1128 1140 Sallentinos
1143 1072 1175 1138 in
1187 1068 1236 1158 qui·
1267 1076 1277 1119 Ξ

231 1171 368 1237 busdam
401 1167 567 1235 annalibus
601 1168 727 1235 invenio
758 1177 790 1234 et
821 1167 1051 1254 Cleonymum,
1080 1167 1236 1256 priusquam

194 1287 213 1334 4
230 1264 465 1352 confligendum
482 1273 566 1329 esset
584 1285 657 1329 cum
673 1263 841 1343 Romanis,
863 1263 959 1328 Italia
980 1252 1167 1330 excessisse.
1196 1259 1237 1327 c'n·
1267 1269 1277 1281 '

229 1367 411 1426 cumvectus
438 1358 511 1423 inde
532 1357 694 1424 Brundisii
718 1357 971 1444 promunturium
997 1356 1165 1442 medioque
1186 1355 1237 1422 sinu
1267 1368 1277 1449 ξ

228 1452 414 1520 Hadriatico
428 1452 530 1518 ventis
547 1452 640 1532 latus,
654 1473 728 1518 cum
740 1453 831 1518 laeva
842 1452 1031 1539 inportuosa
1038 1451 1149 1518 Italiae
1160 1451 1236 1528 litora,
1267 1462 1277 1473 “

227 1542 340 1615 dextra
355 1547 456 1634 Illyrii
468 1546 668 1631 Liburnique
685 1556 717 1613 et
732 1546 846 1627 Histri,
863 1557 977 1634 gentes
994 1545 1083 1613 ferae
1101 1557 1133 1613 et
1148 1562 1237 1633 magns
1268 1531 1277 1597 Ξ

229 1664 270 1707 ex
290 1650 379 1728 parte
399 1640 569 1708 latrociniis
590 1640 755 1708 maritimis
775 1640 926 1720 infames,
948 1650 1117 1721 terrerent,
1138 1639 1235 1728 penitus
1268 1652 1277 1691 :

194 1737 271 1806 sad
290 1737 383 1803 litora
399 1734 594 1803 Venetorum
614 1735 766 1823 pervenit.
806 1736 956 1823 expositis
976 1736 1093 1824 paucis
1115 1736 1168 1822 qui
1188 1733 1236 1799 loos
1269 1746 1277 1787 :

229 1832 427 1919 explorarent
454 1854 527 1902 oum
552 1831 707 1910 audisset,
734 1839 828 1897 tenue
853 1839 1055 1918 praetentum
1079 1831 1155 1897 litus
1177 1846 1235 1903 essu

228 1926 315 2012 quod
339 1926 546 2014 transgressis
566 1935 686 2013 stagna
711 1924 752 1992 ab
778 1934 868 2012 tergo
889 1924 953 1991 sint
972 1925 1104 2014 inrigua
1124 1920 1235 1992 aestibus
1269 1937 1277 2019 ξ

228 2019 407 2099 maritimis,
429 2042 523 2107 agros
545 2019 632 2086 haud
652 2020 763 2107 procul
782 2018 943 2106 proximos
962 2020 1150 2108 campestris
1167 2013 1235 2092 serub
1269 2034 1277 2073 ¹

194 2134 210 2182 o
229 2113 376 2180 ulteriora
393 2113 482 2180 collis
500 2112 613 2193 videri,
636 2136 708 2181 esse
731 2115 847 2180 ostium
868 2113 1008 2180 fluminis
1031 2113 1175 2202 praealti,
1193 2129 1236 2196 quo
1270 2127 1277 2167 t

229 2207 402 2296 circumagi
422 2230 520 2275 naves
537 2208 572 2274 in
589 2209 757 2275 stationem
778 2218 878 2275 tutam
895 2208 1052 2275 vidissent
1069 2248 1113 2259 —
1130 2205 1236 2275 Medus·
1270 2221 1277 2255 ¹

227 2325 284 2369 cus
306 2302 408 2370 amnis
430 2312 497 2369 erat
513 2329 570 2370 -ε
597 2324 635 2370 eo
656 2303 812 2370 invectam
838 2303 973 2369 classem
1000 2303 1111 2370 subire
1136 2298 1236 2370 flumina
1271 2293 1277 2356 ἱ

195 2423 209 2468 r
228 2397 361 2463 adverso
383 2397 485 2463 iussit.
525 2397 741 2485 gravissumas
762 2398 890 2463 navium
911 2420 976 2464 non
998 2399 1131 2485 pertulit
1154 2397 1235 2464 alveus
1272 2442 1277 2451 .

228 2493 379 2559 fluminis:
406 2494 440 2559 in
459 2492 579 2560 leviora
599 2495 727 2582 navigia
749 2504 946 2582 transgressa
967 2495 1142 2562 multitudo
1163 2511 1235 2561 arnt·
1273 2482 1277 2503 ’

228 2597 332 2654 torum
349 2588 391 2653 ad
407 2587 588 2672 frequentes
607 2612 715 2676 agros,
734 2589 833 2655 tribus
851 2588 1018 2654 maritimis
1036 2589 1235 2656 Patavinorum
1274 2631 1277 2642 ·

193 2700 209 2750 8
227 2684 306 2748 vicis
325 2682 498 2748 colentibus
517 2705 588 2748 eam
606 2706 707 2762 cram,
729 2683 881 2770 pervenit.
919 2683 967 2750 ibi
984 2686 1125 2772 egressi,
1146 2677 1236 2773 praesi-
1274 2700 1277 2738 ε

227 2778 279 2841 dio
292 2777 356 2840 levi
368 2777 502 2843 navibus
515 2777 632 2856 relicto,
647 2778 733 2844 vicos
748 2787 939 2865 expugnant,
954 2779 1157 2847 inflammant
1168 2787 1235 2851 teca
1275 2793 1277 2833 ²

227 2870 390 2934 hominum
411 2871 631 2956 pecudumque
653 2872 786 2957 praedas
808 2882 907 2958 agunt
929 2881 961 2939 et
983 2873 1154 2940 dulcedine
1172 2889 1236 2960 prae·
1275 2886 1277 2948 ῑ

192 2983 208 3032 9
228 2964 324 3029 dandi
340 2963 466 3051 longius
485 2988 585 3050 usque
604 2990 623 3031 a
639 2967 774 3033 navibus
791 2969 975 3053 procedunt
1004 2970 1087 3037 haec
1101 2970 1156 3037 ubi
1167 2969 1236 3034 Pata·

226 3060 313 3125 vium
331 3070 404 3125 sunt
422 3061 616 3126 nuntiata-
629 3084 754 3148 semper
771 3071 876 3128 autem
894 3085 949 3128 eos
967 3064 1003 3128 in
1022 3066 1121 3132 armis
1139 3059 1235 3130 aucta

228 3152 314 3221 Galli
335 3153 494 3220 habebant
511 3192 567 3232 -,
595 3155 629 3219 in
650 3155 729 3220 duas
755 3166 860 3242 partes
885 3157 1087 3223 iuventutem
1111 3157 1251 3225 dividucl·

226 3250 324 3316 altera
340 3249 373 3314 in
390 3250 565 3336 regionem,
588 3272 652 3334 qua
670 3250 773 3316 effusa
788 3250 950 3337 populatio
972 3253 1190 3330 nuntiabatur,
1207 3245 1235 3314 al·

226 3353 306 3423 tera,
324 3365 365 3409 ne
383 3344 433 3409 cui
450 3344 646 3430 praedonum
664 3343 758 3411 obvia
775 3345 872 3423 fieret,
890 3345 990 3411 altero
1009 3347 1125 3414 itinere
1142 3348 1235 3413 adsta·

226 3438 342 3503 tionem
364 3439 493 3503 navium
510 3475 552 3486 -
569 3438 655 3505 milia
677 3447 782 3505 autem
804 3440 1060 3523 quattuordecim
1081 3440 1124 3509 ab
1146 3435 1235 3528 oppido

175 3548 207 3597 ro
225 3531 333 3597 aberat
350 3569 393 3580 -
410 3533 514 3598 ducta.
549 3533 583 3598 in
605 3555 701 3600 naves
719 3556 833 3620 parvas
855 3533 1046 3602 custodibus
1068 3529 1234 3620 interemptis

224 3624 360 3710 impetus
379 3624 497 3704 factus,
522 3627 681 3711 territique
699 3638 813 3694 nautae
831 3636 988 3715 coguntur
1011 3653 1114 3697 naves
1135 3627 1234 3696 inalte-

223 3743 292 3784 ram
313 3719 414 3806 ripam
437 3721 538 3788 amnis
561 3722 701 3789 traicere.
738 3731 769 3789 et
790 3722 823 3788 in
845 3732 928 3789 terra
949 3746 1142 3812 prosperum
1158 3737 1233 3805 aequ

223 3815 256 3880 in
277 3815 400 3902 palatos
423 3816 622 3902 praedatores
644 3817 798 3905 proelium
819 3818 935 3896 fuerat,
964 3819 1232 3908 refirgienribusque

173 3928 203 3976 11
223 3910 265 3975 ad
283 3910 449 3976 stationem
469 3908 600 3977 Graecis
619 3912 733 3978 Veneti
751 3912 916 3979 obsistunt.
954 3914 999 3979 ita
1022 3915 1057 3980 in
1078 3915 1177 3980 medio
1191 3907 1231 3973 cir·

97 4011 123 4096 ’ἢ
223 4006 381 4070 cumventi
408 4006 515 4073 hostes
542 4007 706 4092 caesique3
738 4031 810 4094 pars
838 4006 921 4092 capti
948 4008 1088 4075 classem
1117 4005 1229 4072 indicant
