2566 4524
256 274 268 303 :
356 265 475 321 arnna
494 265 578 338 vm,
596 268 621 323 o.
635 268 677 322 ro.
696 267 848 339 [acam]
1057 261 1124 328 407

94 425 191 493 verbis
209 424 403 511 nuncupavi,
427 425 471 489 ita
487 447 544 510 pro
561 447 595 490 re
612 407 739 510 publica
758 425 942 508 Quiritium,
966 433 1114 512 exercitu,

87 520 279 609 legionibus,
315 518 439 584 auxiliis
469 520 579 605 populi
608 519 744 585 Romani
775 520 945 603 Quiritium
974 523 1115 611 legiones

87 616 266 700 auxiliaque
288 614 427 681 hostium
449 636 573 679 mecum
595 615 662 698 deis
684 614 835 681 Manibus
858 616 1038 702 Tellurique
1061 620 1116 687 de-

84 710 208 778 voveo?
251 711 331 776 haec
360 711 405 775 ita
431 719 576 796 precatus
602 709 728 776 lictores
754 710 799 776 ire
826 711 867 775 ad
893 710 931 776 Τ.
959 711 1149 787 Manliumo

82 805 173 873 iubet
200 814 383 888 matureque
406 803 545 891 collegae
568 827 602 869 se
625 805 774 870 devotum
794 828 852 891 pro
875 808 1014 874 exercitu
1035 832 1117 875 nun-

83 902 173 966 tiare.
219 901 288 986 ipse
313 900 468 965 incinctus
495 899 598 964 cinctu
622 896 747 965 Gabino
775 910 912 967 armatus
939 902 973 967 in
999 926 1116 989 equum

78 997 218 1062 insilivit
240 1018 277 1061 ac
300 1018 334 1062 se
354 996 396 1060 in*
410 995 530 1061 medios
556 995 663 1060 hostes
689 995 816 1061 inmisit.
861 1008 1047 1083 conspectus
1075 1001 1115 1067 ab
1136 1021 1168 1070 lo

78 1101 220 1176 utraque
246 1090 327 1168 acie,
359 1089 517 1172 aliquanto
544 1089 707 1176 augustior
732 1089 868 1155 humano
895 1092 998 1170 visus,
1034 1094 1117 1160 sicut

77 1185 173 1251 eaelo
191 1185 309 1250 missus
327 1183 487 1269 piaculum
505 1184 606 1249 omnis
624 1184 754 1250 deorum
771 1184 850 1263 bae,
869 1186 922 1268 qui
934 1195 1057 1272 pestem
1073 1187 1115 1255 ab

80 1279 152 1345 suis
171 1302 317 1344 aversam
334 1279 367 1343 in
384 1279 491 1344 hostes
514 1277 622 1343 ferret:
649 1278 693 1343 ita
715 1279 816 1343 omnis
839 1288 937 1344 terror
954 1303 1115 1366 pavorque
1134 1303 1165 1354 11

77 1397 158 1439 cum
175 1373 231 1438 illo
248 1373 330 1438 latus
350 1373 441 1460 signa
457 1373 558 1459 primo
576 1372 763 1438 Latinorum
782 1372 931 1453 turbavit,
950 1376 1064 1453 deinde
1081 1377 1115 1442 in
1134 1398 1166 1448 12

77 1478 184 1534 totam
211 1467 336 1553 penitus
363 1468 463 1532 aciem
488 1467 635 1553 pervasit.
681 1467 951 1534 evidentissimum
980 1469 1014 1534 id
1043 1469 1113 1549 fuit,

77 1563 171 1649 quod
185 1583 385 1647 quacumque
403 1584 484 1646 equo
501 1562 643 1628 invectus
662 1571 724 1640 est,
742 1561 787 1627 ibi
804 1562 890 1628 haud
908 1586 999 1630 secus
1018 1586 1114 1649 quam

77 1657 238 1746 pestifero
265 1657 366 1723 sidere
393 1657 447 1722 icti
472 1656 643 1744 pavebant:
671 1656 726 1722 ubi
748 1679 822 1723 vero
845 1659 961 1723 corruit
982 1657 1112 1727 obrutus

77 1753 165 1831 telis,
179 1752 255 1817 inde
268 1751 332 1817 iam
345 1751 422 1816 haut
435 1750 530 1816 dubie
544 1761 760 1818 consternatae
773 1752 917 1818 cohortes
926 1754 1115 1820 Latinorum

77 1849 198 1934 fugam
217 1868 254 1910 ac
271 1846 451 1916 vastitatem
467 1845 530 1912 late
547 1845 698 1912 fecerunt.
744 1846 837 1912 simul
859 1856 890 1912 et
906 1847 1042 1913 Romani
1059 1870 1115 1914 ex·
1133 1869 1165 1919 13

78 1941 197 2008 solutis
224 1940 374 2026 religione
401 1940 527 2018 animis,
554 1941 641 2005 velut
666 1950 734 2005 tum
758 1941 895 2027 primum
923 1941 1014 2029 signo
1040 1942 1113 2008 dato

80 2034 197 2112 coorti,
217 2056 358 2120 pugnam
374 2033 528 2120 integram
546 2034 719 2099 ediderunt.
763 2057 839 2099 nam
860 2044 893 2100 et
912 2035 1021 2100 rorarii
1041 2058 1166 2122 pro-14

77 2128 252 2195 currebant
273 2129 355 2193 inter
376 2129 570 2214 antepilanos
589 2128 808 2213 addebantque
826 2130 908 2194 vires
926 2129 1058 2195 hastatis
1076 2152 1114 2196 ac

79 2222 296 2309 principibus,
325 2231 356 2287 et
378 2223 474 2288 triarii
495 2245 579 2309 genu
602 2223 712 2287 dextro
729 2222 828 2286 innixi
844 2231 957 2286 nutum
975 2223 1113 2289 consulis

77 2318 125 2383 ad
144 2318 400 2404 consurgendum
419 2317 651 2404 exspectabant.

147 2411 196 2477 X
240 2411 435 2477 Procedente
458 2413 571 2478 deinde
593 2412 761 2477 certamine
784 2433 856 2476 cum
878 2411 947 2476 aliis
969 2411 1112 2497 partibus
1131 2435 1146 2484 1

78 2506 253 2572 multitudo
285 2516 445 2592 superaret
470 2507 671 2584 Latinorum,
702 2505 842 2571 Manlius
870 2505 980 2571 consul
1006 2506 1113 2572 audito

81 2612 202 2669 eventu
230 2601 370 2688 collegae
396 2624 482 2680 cum,
510 2612 546 2666 ut
565 2602 616 2666 ius
639 2600 752 2685 fasque
774 2611 854 2679 erat,
880 2600 1027 2666 lacrumis
1049 2623 1114 2666 non

80 2697 189 2762 minus
203 2719 299 2781 quam
312 2695 457 2763 laudibus
471 2695 584 2762 debitis
598 2705 782 2783 prosecutus
796 2704 861 2760 tam
878 2694 1113 2760 memorabilem
1209 2737 1212 2743 -

80 2803 220 2858 mortem
237 2801 335 2869 esset,
357 2789 517 2877 paulisper
534 2791 742 2869 addubitavit,
766 2813 808 2855 an
824 2790 1033 2877 consurgendi
1049 2790 1113 2856 iam
1132 2810 1147 2858 2

80 2888 200 2953 triariis
219 2896 343 2974 tempus
362 2896 460 2966 esset3
479 2887 591 2952 deinde
605 2887 717 2951 melius
731 2896 832 2965 ratus,
850 2887 989 2973 integros
1004 2908 1058 2953 eos
1072 2887 1114 2952 ad

77 2982 232 3047 ultimum
258 2982 426 3046 discrimen
453 2981 583 3059 servari,
611 3003 760 3047 accensos
784 2982 824 3047 ab
850 2981 1022 3046 novissima
1047 2981 1114 3046 acie

77 3087 157 3141 ente
184 3076 276 3162 signa
301 3076 470 3161 procedere
496 3074 592 3140 iubet.
636 3075 690 3159 qui
713 3074 767 3140 ubi
790 3073 926 3150 subiere,
955 3075 1147 3159 extemploa

81 3163 208 3247 Latini,
232 3178 394 3252 tamquam
410 3169 494 3234 idem
512 3169 681 3235 adversarii
703 3168 864 3245 fecissent,
892 3167 1014 3232 triarios
1037 3186 1112 3231 suos

77 3263 315 3342 excitaverunt3
342 3263 397 3348 qui
418 3263 610 3347 aliquamdiu
631 3284 739 3351 pugna
760 3261 857 3328 atroci
875 3283 947 3325 oum
965 3269 996 3324 et
1014 3268 1114 3326 semet

77 3352 143 3447 ipsi
167 3357 358 3444 fatigassent
379 3367 410 3423 et
431 3358 538 3423 hastas
557 3367 615 3433 ,aut
637 3357 880 3444 praefregissent
897 3364 951 3420 aut
967 3354 1114 3420 hebetas·

77 3465 169 3532 sent,
187 3452 341 3539 pellerent
357 3453 390 3519 vi
406 3461 512 3518 tamen
529 3452 665 3530 hostem,
685 3451 874 3518 debellatum
891 3451 955 3515 iam
972 3450 1031 3515 rati
1044 3470 1114 3535 per-

77 3547 278 3630 ventumque
296 3546 338 3612 ad
355 3554 526 3612 extremam
540 3546 652 3624 aciem,
672 3555 739 3611 tum
752 3544 862 3612 consul
875 3545 1003 3610 triariis:
1023 3550 1112 3610 ‘con-
1130 3563 1146 3610 4
1229 3581 1234 3587 ·

77 3641 205 3730 surgite
232 3639 330 3705 nunc’
355 3640 456 3724 inquit
482 3640 610 3727 ‘integri
635 3641 787 3707 adversus
814 3639 931 3718 fessos,
957 3660 1112 3704 memores

77 3735 204 3821 patriae
223 3744 450 3820 parentumque
468 3746 499 3800 et
517 3736 685 3823 coniugum
703 3758 740 3801 ac
757 3734 940 3813 liberorum,
959 3754 1112 3799 memores

77 3829 225 3901 ansulis
242 3851 301 3915 pro
318 3839 423 3894 vestra
440 3829 570 3896 victoria
587 3839 685 3895 morte
703 3828 904 3895 occubantis!
943 3827 999 3893 ubi
1016 3824 1112 3890 tmarii
1130 3844 1146 3892 s

77 3933 350 4003 consurrexerunt
366 3924 494 4010 integri,
518 3923 745 4010 refulgentibus
768 3923 877 3999 armis,
904 3943 987 3986 nova
1008 3938 1048 3982 ex
1064 3916 1113 3981 in-

77 4021 212 4091 novisc
231 4017 340 4093 exorta
357 4019 609 4104 acies,'receptis
627 4018 660 4082 in
676 4015 839 4082 intervalla
861 4015 1004 4080 ordinum
1026 4020 1112 4078 ante-
