2566 4524
385 255 650 326 arenarum.
670 254 825 325 [acme]
1056 243 1121 311 393

94 418 201 495 duces,
220 415 289 479 'iam
305 414 420 480 milites
439 413 595 497 utrimque
613 436 803 501 congressus
821 435 970 498 quaerere
988 416 1029 481 ad
1046 439 1118 483 con-

89 511 208 596 loquia:
228 509 406 593 Quinctius,
421 530 516 594 quem
529 531 686 575 armorum
699 509 794 574 ctiam
807 532 864 595 pro
877 510 978 597 putria
992 512 1120 582 satietas
1139 527 1154 573 3

88 615 221 682 teneret,
245 606 363 670 nedum
380 605 532 670 adversus
549 604 697 690 patriam,
718 603 890 683 Corvinus,
914 629 1022 672 omnes
1041 609 1121 676 cari-

88 711 151 767 tate
169 700 257 764 cives
273 700 441 786 praecipue
459 699 574 763 milites
592 709 624 764 et
641 707 714 764 ante
732 699 810 765 alios
833 722 926 766 suum
948 702 1120 768 exercitum

87 795 276 881 conplexus,
296 795 337 859 ad
354 794 555 878 conloquium
572 795 735 880 processit.
768 796 895 882 cognito
913 796 943 861 ei
961 798 1118 886 extemplo
1136 809 1152 856 4

84 890 161 957 haut
183 889 305 955 minore
327 887 368 954 ab
391 889 579 954 adversariis
602 890 790 956 verecundia
812 912 907 974 quam
929 890 970 956 ab
991 893 1057 958 suis
1076 893 1119 960 si-

83 984 220 1050 lentium
233 983 351 1048 datum.
380 981 483 1048 ‘deos’
500 983 602 1067 inquit
620 984 828 1063 ‘inmortales,
847 985 977 1065 milites,
995 996 1117 1054 vestros

83 1078 232 1166 publicos
250 1101 402 1165 meosque
421 1077 461 1144 ab
475 1077 553 1144 urbe
565 1078 767 1164 proficiscens
781 1081 825 1144 ita
838 1081 966 1146 adoravi
978 1082 1118 1148 veniam·

84 1195 147 1257 que
165 1172 303 1259 supplex
319 1172 464 1261 poposci,
487 1182 523 1237 ut
540 1172 618 1236 mihi
636 1172 675 1238 de
693 1172 784 1239 vobis
803 1174 987 1240 concordiae
1009 1186 1117 1261 partae

83 1269 234 1355 gloriam,
261 1291 326 1334 non
346 1268 510 1334 victoriam
532 1268 651 1333 darent.
696 1269 772 1334 satis
794 1270 855 1334 fuit
877 1270 1009 1354 eritque,
1032 1271 1116 1336 unde
1137 1281 1152 1328 5
1241 1346 1244 1352 ¹

83 1362 161 1430 belli
183 1364 280 1429 decus
303 1364 455 1449 pariatur:
482 1362 557 1427 hinc
577 1386 642 1449 pax
665 1364 801 1449 petenda
828 1373 885 1430 est.
929 1366 1014 1449 quod
1040 1365 1116 1432 deos

81 1457 268 1524 inmortales
286 1458 367 1522 inter
383 1456 594 1543 nuncupanda
606 1467 680 1523 vota
694 1459 877 1544 expoposoi,
896 1458 964 1524 eius
978 1481 1029 1536 me
1042 1482 1116 1526 con-
1134 1471 1152 1521 o

80 1562 193 1640 potem
216 1552 282 1618 voti
304 1574 361 1617 vos
384 1551 488 1617 facere
509 1551 656 1637 potestis,
679 1553 707 1617 si
724 1552 904 1618 meminisse
922 1553 1030 1632 vultis,
1052 1577 1117 1621 non

82 1669 144 1714 vos
160 1647 195 1712 in
216 1645 347 1712 Samnio
364 1668 424 1711 nec
440 1646 475 1710 in
486 1645 628 1723 Volscis,
648 1647 704 1711 sed
721 1647 910 1713 inRomano
929 1647 996 1714 solo
1014 1658 1117 1716 castra

82 1740 218 1819 habere,
244 1741 271 1806 si
287 1740 358 1806 illos
376 1740 487 1818 colles,
507 1762 586 1823 quos
605 1741 744 1818 cernitis,
763 1743 881 1827 patriae
894 1751 1017 1807 vestrae
1035 1765 1114 1822 esse,

84 1837 114 1905 si
139 1837 226 1902 hunc
252 1836 425 1901 exercitum
451 1836 568 1901 civium
593 1845 783 1914 vestrorum,
819 1836 847 1901 si
877 1859 928 1901 me
954 1837 1116 1902 consulem

80 1941 240 2010 uestrum,
260 1931 350 1996 cuius
368 1932 465 1996 ductu
484 1930 686 2017 auspicioque
703 1931 805 2017 priore
820 1953 901 1999 anno
913 1930 963 1996 bis
976 1930 1116 2019 legiones

85 2026 279 2094 Samnitium
300 2027 441 2104 fudistis,
468 2025 517 2091 bis
542 2035 643 2092 castra
665 2026 697 2091 vi
719 2027 855 2113 cepistis.
901 2049 960 2114 ego
978 2051 1050 2093 sum
1066 2026 1115 2095 M.
1136 2044 1149 2090 τ

81 2120 232 2189 Valerius
252 2120 392 2199 Corvus,
410 2121 539 2199 milites,
563 2121 651 2184 cuius
669 2144 726 2185 vos
744 2121 938 2186 nobilitatem
954 2119 1116 2190 beneficiis

82 2241 162 2305 erga
183 2240 256 2294 vos,
283 2240 348 2283 non
369 2217 489 2281 iniuriis
514 2216 670 2292 sensistis,
699 2216 814 2279 nullius
838 2216 991 2303 superbae
1008 2220 1042 2282 in
1058 2242 1116 2284 vos

81 2309 163 2400 legis
170 2360 179 2390 ,
208 2311 324 2376 nullius
347 2310 481 2375 crudelis
506 2309 606 2374 senati
628 2309 761 2373 consulti
780 2317 896 2386 auctor,
919 2310 951 2372 in
970 2311 1116 2376 omnibus

80 2408 163 2473 meis
181 2405 323 2492 imperiis
341 2405 374 2470 in
391 2427 442 2470 me
460 2403 598 2470 severior
615 2426 710 2488 quam
728 2403 762 2467 in
778 2425 846 2468 vos.
891 2425 928 2468 ac
947 2403 974 2468 si
992 2405 1043 2468 cui
1060 2427 1115 2492 ge-
1135 2427 1150 2477 8

79 2524 159 2580 nus,
179 2501 209 2566 si
227 2501 279 2566 cui
296 2523 355 2566 sua
371 2500 485 2577 virtus,
505 2500 533 2564 si
551 2499 601 2563 cui
620 2499 713 2562 etiam
730 2498 892 2576 maiestas,
913 2498 940 2563 si
954 2497 1004 2562 cui
1017 2498 1116 2564 hono-

81 2619 137 2663 res
150 2595 287 2662 subdere
301 2595 428 2682 spiritus
442 2602 623 2679 potuerunt,
641 2593 669 2657 is
686 2615 771 2657 eram
783 2601 891 2670 natus,
908 2592 942 2656 id
956 2591 1117 2678 specimen

79 2691 148 2758 mei
165 2691 329 2769 dederam,
349 2711 387 2756 ea
404 2698 506 2754 aetate
525 2689 722 2753 consulatum
740 2688 872 2773 adeptus
890 2710 990 2766 eram,
1008 2699 1043 2752 ut
1060 2709 1117 2773 po-

79 2786 200 2854 tuerim
222 2784 278 2850 tris
297 2794 328 2850 et
345 2784 458 2871 viginti
475 2806 573 2848 annos
592 2792 685 2849 natus
704 2783 814 2847 consul
830 2783 972 2869 patribus
991 2803 1116 2867 quoque

77 2881 176 2956 ferox
189 2902 275 2957 esse,
293 2903 358 2944 non
372 2878 474 2944 solum
487 2877 581 2963 plebi.
609 2878 694 2964 quod
707 2901 813 2942 meum
825 2878 945 2942 factum
958 2879 1116 2944 dictumve
1138 2895 1155 2942 9

79 2975 227 3045 consulis
245 2975 373 3061 gravius
391 2995 488 3057 quam
506 2972 621 3037 tribuni
639 2972 790 3037 audistis?
808 2973 917 3036 eodem
932 2981 1039 3036 tenore
1053 2972 1116 3039 duo
1148 2983 1150 2988 '

78 3071 289 3153 insequentes
312 3067 493 3133 consulatus
515 3067 615 3152 gessi,
639 3067 749 3131 eodem
770 3065 849 3129 haec
866 3066 1116 3150 imperiosadio-
1143 3099 1147 3131 ι

83 3173 192 3229 tuturo
209 3171 344 3248 geretur,
362 3171 398 3226 ut
416 3183 518 3244 neque
535 3161 568 3224 in
585 3160 643 3225 hos
662 3182 749 3224 meos
768 3168 799 3222 et
815 3158 934 3244 patriae
951 3179 1040 3222 meae
1057 3157 1116 3220 mi-

77 3259 158 3326 lites
175 3258 282 3326 mitior
299 3278 393 3340 quam
411 3256 445 3320 in
463 3277 519 3321 vos
538 3293 580 3302 —-
597 3256 709 3321 horreo
723 3255 825 3319 dicere
839 3252 1004 3318 -hostis
1041 3273 1115 3338 ergo
1142 3263 1178 3314 10

77 3376 143 3421 vos
170 3352 261 3439 prius
287 3352 320 3416 in
345 3373 397 3415 me
424 3349 610 3416 strinxeritis
636 3351 754 3415 ferrum
781 3370 876 3432 quam
900 3347 935 3412 in
955 3369 1013 3414 vos
1041 3369 1114 3436 ego:

77 3450 179 3518 istinc
199 3447 291 3533 signa
309 3455 434 3524 canent,
452 3445 546 3510 istinc
564 3446 681 3510 clamor
697 3445 784 3531 prius
802 3442 928 3529 incipiet
946 3451 1040 3528 atque
1057 3445 1116 3508 im·

77 3553 192 3632 petus,
214 3541 241 3608 si
255 3541 467 3607 dimicandum
485 3549 541 3606 est.
573 3539 711 3606 inducite
728 3540 761 3604 in
778 3539 932 3616 animum,
951 3540 1035 3624 quod
1052 3562 1116 3604 non
1138 3557 1169 3604 11

77 3640 278 3713 induxerunt
302 3644 407 3724 patres
434 3635 548 3718 avique
573 3635 684 3712 vestri,
710 3656 773 3699 non
794 3633 839 3698 illi
861 3634 916 3718 qui
937 3633 971 3697 in
993 3656 1116 3699 sacrum

77 3741 226 3808 montem
245 3738 458 3808 secesserunt,
475 3752 538 3795 non
554 3729 604 3807 hi,
622 3729 676 3813 qui
692 3739 803 3816 postea
819 3726 1015 3794 Aventinum
1032 3729 1116 3793 inse·

77 3828 210 3896 derunt.
237 3834 427 3911 exspectate,
447 3825 523 3891 dum
535 3823 627 3891 vobis
642 3825 784 3911 singulis,
803 3832 838 3889 ut
851 3824 925 3889 olim
937 3820 1113 3896 Coriolano,
1134 3837 1170 3887 12·

77 3931 205 3990 matres
220 3919 432 4006 coniugesque
447 3918 584 3985 crinibus
595 3919 699 4006 passis
714 3919 825 3985 obviae
839 3919 878 3983 ab
887 3915 965 3982 urbe
974 3913 1113 3996 veniantl

77 4028 151 4085 tum
160 4014 354 4083 Volscorum
366 4015 522 4102 legiones,
541 4015 616 4099 quia
628 4015 807 4080 Romanum
820 4011 978 4077 habebant
991 4009 1115 4079 ducem,
