2566 4524
140 246 204 313 388
419 253 538 310 LIBER
554 253 626 326 VII,
642 253 687 310 36.
706 255 744 324 [a.
754 270 782 310 u.
792 253 892 325 clll]

61 413 70 431 ’
141 423 192 480 tus
210 413 289 501 vigil
307 434 380 479 oum
396 412 576 499 proximum
593 411 746 478 movisset
763 412 921 498 erectique
939 409 1019 479 alios
1035 412 1141 479 conda
1190 440 1196 489 ·:

140 518 223 589 rent,
241 508 358 596 ignari,
377 508 463 574 cives
477 530 518 574 au
530 507 638 573 hostes
652 515 772 586 essent,
790 506 986 595 praesidium
998 514 1146 595 erumperet
1192 544 1196 551 -

108 627 125 676 o
142 629 183 673 an
200 604 311 672 consul
329 613 432 670 castra
449 603 598 690 cepisset,
616 602 751 683 Decius,
771 602 921 688 qnoniam
938 625 1004 671 non
1019 603 1146 683 fallerent,

142 700 312 767 clamorem
334 697 442 766 tollere
463 697 560 765 iussis
583 695 734 764 militibus
757 697 898 785 torpidos
917 720 1031 767 somno
1045 699 1148 787 insuper

141 815 258 881 pavore
276 793 447 871 exanimat,
466 814 529 878 quo
547 791 721 879 praepediti
737 813 797 859 nec
815 815 903 859 arma
919 792 1046 882 inpigre
1061 812 1149 881 capere

109 911 202 958 4nec
228 886 380 954 obsistere
405 909 465 953 nec
490 886 615 972 insequi
634 895 788 974 poterant
831 887 913 954 inter
935 888 1152 976 trepidationem

143 983 374 1066 tumultumque
389 978 579 1048 Samnitium
596 980 788 1068 praesidium
801 978 984 1049 Romanum
1002 981 1095 1050 obviis
1108 1003 1152 1048 cn·

144 1077 286 1143 stodibus
305 1077 405 1142 caesis
424 1077 465 1141 ad
483 1085 586 1142 castra
604 1075 743 1142 consulis
760 1076 913 1163 pervadit.

109 1196 125 1244 s
207 1169 416 1256 Aliquantum
439 1179 601 1257 supererat
621 1171 723 1236 noetis
744 1169 870 1256 iamque
887 1171 921 1237 in
939 1180 1009 1239 tuto
1027 1170 1156 1239 videtn-

143 1278 194 1333 tur
212 1290 296 1346 esse,
320 1289 393 1334 oum
405 1265 528 1334 Decius
547 1271 664 1333 ‘macte
681 1265 819 1345 virtute,’
841 1266 946 1353 inquit
964 1266 1092 1334 ‘milites
1105 1266 1157 1335 lto

143 1364 238 1443 mani,
254 1371 335 1443 este3
352 1371 493 1428 vestrum
505 1361 565 1427 iter
577 1382 615 1428 ae
627 1360 762 1428 reditum
775 1360 882 1427 omnia
892 1360 1023 1429 saecula
1030 1361 1157 1429 laudibus

110 1479 126 1527 s
144 1460 260 1537 ferent,
279 1459 337 1524 sed
349 1458 390 1524 ad
407 1457 662 1545 conspiciendam
679 1466 798 1524 tantam
815 1456 965 1523 virtutem
980 1455 1055 1524 luce
1071 1479 1106 1525 ac
1118 1454 1158 1522 dic

145 1577 225 1641 opus
248 1563 310 1633 est,
337 1575 396 1619 nec
417 1576 474 1620 vos
497 1552 585 1641 digni
607 1551 698 1632 estis,
726 1574 806 1638 quos
829 1574 902 1619 cum
919 1560 1010 1619 tauta
1028 1549 1159 1640 gloriain

145 1657 248 1715 eastra
273 1648 405 1713 reduces
429 1646 587 1712 silentium
609 1669 646 1713 ao
668 1669 732 1713 nox
752 1654 852 1735 tegat:
826 1644 933 1712 thic
953 1646 1060 1713 lucem
1080 1642 1160 1733 quieti

112 1763 126 1811 ι
146 1741 362 1830 opperiemnr’
406 1741 498 1807 dictis
529 1740 777 1828 obtemperatum
779 1789 787 1806 .
832 1749 927 1851 atque
958 1740 1017 1808 ubi
1042 1741 1160 1829 primum

144 1838 271 1918 inluxit,
297 1837 471 1925 praemisso
493 1836 603 1903 nuntio
621 1835 663 1902 ad
679 1834 873 1903 consulem
863 1857 898 1900 m
915 1843 1037 1916 castra,
1058 1830 1160 1923 ingenti

145 1932 262 2019 gaudio
280 1933 488 1997 concitantur:
507 1940 538 1996 et
556 1941 675 1999 tessera
693 1930 767 1997 data
782 1929 958 1997 incolumes
975 1931 1102 2009 reverti,
1118 1924 1160 2014 qul

147 2047 206 2091 sua
228 2034 359 2112 corpora
379 2047 438 2113 pro
461 2024 561 2091 salute
583 2025 724 2092 omnium
745 2023 832 2091 haud
848 2022 946 2091 dubio
962 2025 1103 2113 periculo
1117 2021 1160 2089 ob·

146 2119 307 2198 iecissent,
326 2142 383 2207 pro
402 2119 588 2205 aequisque
607 2119 735 2187 obviam
748 2118 842 2187 effirsi
853 2118 1000 2200 laudant,
1018 2119 1160 2208 gratulan-

146 2223 205 2293 tur,
226 2214 367 2302 singulos
386 2215 550 2281 universos
565 2224 740 2282 servatores
755 2235 830 2280 suos
843 2223 972 2294 vocant,
991 2214 1055 2282 diis
1067 2212 1160 2281 laudes

112 2318 314 2396 agnatosque
340 2318 452 2397 agimt,
479 2308 618 2375 Decium
642 2308 677 2374 in
702 2308 825 2375 caelum
849 2308 965 2375 ferunt
1011 2308 1066 2376 hic
1083 2304 1161 2374 Dedi

146 2404 315 2470 castrensis
330 2404 505 2491 triumphus
519 2403 580 2468 fuit
596 2403 769 2471 incedentis
786 2425 844 2491 per
860 2402 966 2469 media
984 2413 1088 2472 castra
1104 2422 1161 2469 cun

146 2510 267 2566 armato
279 2500 437 2587 praesidio
455 2499 604 2565 coniectis
622 2498 656 2564 in
674 2520 747 2565 eum
765 2499 906 2564 omnium
924 2498 1028 2566 oculis
1046 2509 1076 2566 et
1092 2492 1160 2564 omni

113 2613 127 2662 9
146 2594 264 2660 honore
283 2594 443 2662 tribunum
461 2592 583 2660 consuli
601 2592 818 2681 aequantibus.
853 2591 909 2659 ubi
927 2594 970 2659 ad
986 2591 1162 2682 praetorium

145 2700 275 2756 ventum
289 2700 351 2768 est,
371 2688 481 2755 consul
494 2689 626 2755 classico
641 2688 683 2754 ad
695 2699 768 2754 cont
756 2689 873 2754 tionem
886 2699 1056 2769 convocat,
1073 2708 1160 2755 orsus·

146 2806 208 2869 que
234 2785 362 2850 meritas
384 2784 478 2850 Decii
503 2784 613 2850 laudes
640 2783 842 2850 interfante
832 2806 902 2871 ipso
924 2783 1032 2850 Decio
1058 2777 1159 2850 distulil

97 2896 130 2945 10
148 2879 339 2959 contionem,
366 2880 422 2965 qui
444 2889 553 2946 auctor
574 2880 680 2947 omnia
695 2878 925 2971 posthabendi,
954 2880 1033 2945 dum
1054 2873 1157 2948 occasio

147 2973 180 3038 in
206 2964 352 3041 manibus
376 2983 473 3055 esset,
500 2975 637 3062 perpulit
659 2974 834 3054 consulem,
861 2984 898 3040 ut
918 2974 1030 3041 hostes
1052 2984 1083 3040 e
1100 2990 1158 3037 noc·

147 3077 239 3135 turno
256 3091 373 3156 pavore
391 3070 539 3136 attonitos
556 3079 588 3135 et
605 3071 687 3136 circa
705 3069 817 3137 collem
834 3077 903 3135 east
890 3069 1024 3136 tellatim
1046 3066 1158 3152 dissip·

146 3173 196 3230 tos
211 3163 447 3252 adgrederetur.
466 3163 699 3231 crederet'etram
704 3212 713 3243 ,
732 3164 855 3250 aliquos
868 3163 910 3230 ad
928 3185 964 3229 se
982 3160 1156 3250 sequendum

98 3276 128 3325 11
147 3259 280 3325 emissos
297 3283 355 3347 per
373 3260 433 3325 salt
420 3268 487 3325 tum
504 3258 623 3346 vagari.
667 3258 772 3326 iussae
789 3258 931 3346 legiones
949 3280 1040 3325 arma
1057 3272 1154 3344 caput.

148 3374 356 3439 egressaeque
375 3355 500 3432 castris,
519 3375 591 3419 cum
608 3375 666 3440 per
683 3352 895 3440 exploratores
912 3353 1020 3420 notior
1035 3353 1096 3419 iam
1110 3342 1155 3415 sd·

98 3465 130 3514 12
149 3454 199 3512 tus
218 3456 317 3527 esset,
344 3449 396 3514 via
409 3448 586 3558 patentiore
607 3448 648 3513 ad
670 3448 794 3514 hostem
816 3448 988 3529 ducuntur3
1016 3469 1105 3536 quem
1121 3440 1154 3507 lt·

148 3551 274 3605 cautum
296 3541 456 3655 inproviso
478 3543 620 3622 adortae,
643 3565 714 3608 cum
732 3542 830 3630 palati
846 3542 970 3630 passim
989 3538 1153 3610 Samnitum

147 3634 266 3702 milites
284 3636 455 3723 plerique
446 3660 581 3704 mermes
599 3660 659 3704 nec
676 3638 759 3705 coire
776 3638 810 3704 in
827 3661 928 3704 unum
944 3660 1006 3705 nec
1023 3659 1104 3704 arma
1117 3650 1153 3696 u·

147 3752 222 3816 pere
247 3754 306 3799 nec
332 3733 470 3819 recipere
501 3733 582 3798 intra
613 3731 731 3798 vallum
762 3755 798 3799 se
827 3742 976 3821 possent,
1011 3736 1153 3831 paventem

146 3826 283 3912 primum
304 3827 337 3892 in
360 3836 462 3892 caena
484 3827 677 3914 conpellunt,
704 3827 818 3893 deinde
836 3837 943 3894 castra
958 3827 1032 3915 ipsa
1047 3815 1152 3892 tubalia
1191 3912 1194 3919 Ι

98 3938 130 3988 13
148 3921 335 3987 stationibus
353 3922 490 4007 capiunt.
529 3922 731 4009 perfertur
703 3945 787 3989 circa
804 3921 918 3988 collem
937 3922 1057 3989 clamor
1072 3918 1152 4019 fugu-
1191 3946 1196 4005 3

148 4036 210 4100 que
227 4040 268 4083 ex
287 4017 353 4082 suis
372 4039 528 4102 quemque
545 4018 777 4105 praesidiisi
766 4029 948 4106 itamagna
964 4041 1039 4107 pars
1055 3998 1153 4083 abacti
