2566 4524
140 240 205 308 486
333 248 453 306 LIBER
469 248 570 320 VlIlI,
587 248 631 306 40.
643 247 686 303 41.
706 247 985 322 [aucllllbssdl

123 411 281 501 lslgnium
298 409 402 497 campi
418 386 539 494 repleri.
571 429 609 473 ao
625 407 727 495 primo
744 407 876 494 pavidos
893 405 1053 474 Samnites
1071 419 1161 478 castra

143 528 201 574 sua
226 526 388 593 accepere,
416 503 529 568 deinde
555 524 596 568 nc
619 524 657 568 ea
680 502 808 587 quidem
833 510 975 568 retenta:
1006 502 1103 590 oaptis
1121 503 1162 569 di-

93 623 125 672 rt
141 601 301 689 raptisque
319 608 391 665 ante
409 606 534 662 noctem
550 597 683 663 iniectus
705 597 798 684 ignis.
834 596 971 662 dictator
988 618 1031 663 ex
1048 608 1161 664 senatus

142 695 284 762 consulto
310 691 523 779 triumpharit.
572 691 662 758 errius
693 691 851 778 triumpho
877 692 974 780 longe
1005 694 1162 759 maximam

93 813 125 862 16
144 789 281 877 speciem
304 786 428 873 captiva
450 790 538 852 arma
558 785 740 873 praebuere.
778 795 900 851 tantum
921 787 1164 874 magnificentiae

141 884 246 949 visum
263 882 296 947 in
317 881 382 960 his,
404 889 441 946 ut
463 890 572 946 aurata
595 889 684 946 scuto
704 880 840 945 dominis
863 881 1111 969 argentariarum
1128 881 1163 946 ad

141 977 246 1042 forum
264 976 439 1042 amandum
457 975 678 1040 dividerentur.
705 973 779 1039 inde
796 983 906 1040 natum
923 975 1054 1042 initium
1066 975 1162 1041 dicitur

92 1095 124 1144 17
142 1072 204 1137 fori
221 1071 353 1138 ornandi
371 1069 411 1136 ab
429 1069 593 1149 aedilibus,
612 1090 686 1134 cum
704 1077 811 1134 tensae
829 1069 1032 1136 ducerentur.
1068 1079 1098 1136 et
1109 1069 1165 1135 Ra

142 1167 228 1232 mani
240 1154 368 1250 quidem
383 1162 424 1230 ad
441 1165 595 1230 honorem
612 1164 708 1228 deum
724 1163 902 1251 insignibus
921 1165 1021 1230 armis
1039 1163 1165 1231 hostiur

142 1260 193 1326 usi
212 1269 294 1340 sunt,
309 1259 467 1346 Campani
484 1259 524 1326 ab
544 1259 692 1346 superbia
709 1268 740 1324 et
757 1260 829 1325 odio
845 1257 1040 1326 Samnitium
1057 1260 1166 1349 gladia-

142 1364 240 1434 tores,
263 1354 349 1440 quod
371 1354 586 1441 spectaculum
607 1354 688 1419 inter
704 1353 814 1440 epulas
837 1363 916 1433 erat,
940 1377 978 1420 eo
998 1365 1109 1422 ornatu
1124 1377 1167 1420 ar·

143 1457 268 1514 marunt
287 1446 540 1534 Samnitiumque
556 1447 683 1513 nomine
701 1447 925 1534 conpellarunt.

94 1562 126 1614 18
207 1543 332 1608 Eodem
354 1564 435 1608 anno
458 1564 531 1608 cum
552 1541 681 1627 reliquis
703 1541 912 1608 Etruscorum
935 1543 976 1607 ad
998 1541 1164 1621 Perusiam,

109 1643 112 1648 '
144 1658 225 1720 quae
243 1647 274 1701 et
291 1637 362 1723 ipsa
378 1637 570 1702 indutiarum
586 1637 683 1702 fidem
700 1645 836 1723 ruperat,
850 1635 971 1702 Fabius
987 1637 1100 1703 consul
1115 1656 1165 1702 neo

94 1750 126 1801 19
144 1730 241 1797 dubia
265 1750 324 1797 neo
351 1731 473 1797 difficili
497 1731 628 1797 victoria
653 1731 791 1797 dimicat.
834 1730 940 1818 ipsum
963 1732 1115 1818 oppidum
1130 1766 1165 1780 -

143 1849 218 1892 nam
239 1827 281 1892 ad
302 1827 426 1892 moenia
447 1827 547 1893 vietor
568 1827 761 1893 accessit-
779 1827 928 1914 cepisset,
951 1827 986 1892 ni
1007 1827 1105 1917 legati
1119 1828 1167 1893 de·

93 1939 127 1988 20
144 1923 253 1988 dentes
271 1921 382 1988 urbem
400 1922 547 1988 exissent.
583 1923 739 2008 praesidio
756 1921 906 1988 Perusiae
923 1922 1073 2009 inposito,
1091 1924 1167 2012 lega·

117 2012 121 2017 ’
144 2010 281 2081 tionibus
295 2016 442 2081 Etruriae
459 2016 629 2082 amicitiam
646 2016 824 2104 petentibus
842 2038 918 2104 prae
937 2040 971 2083 se
984 2017 1121 2085 Romam
1133 2016 1166 2084 ad

145 2120 288 2175 senatum
306 2111 425 2189 missis,
445 2111 556 2177 consul
572 2111 798 2199 praestantiore
816 2113 1028 2197 etiamquam
1045 2114 1168 2179 dictator

93 2224 125 2272 21
144 2204 275 2271 victoria
296 2205 491 2292 triumphans
513 2206 625 2273 urbem
647 2215 696 2273 est
716 2206 869 2272 invectus.
909 2209 987 2291 quin
1009 2210 1104 2275 etiam
1121 2208 1169 2273 de·

49 2351 53 2358 .
144 2299 299 2365 victorum
318 2298 507 2367 Samnitium
525 2301 621 2367 decus
639 2324 757 2389 magna
774 2311 919 2388 exparte
937 2303 979 2367 ad
996 2301 1167 2391 legatosP.

143 2392 281 2459 Decium
299 2403 331 2460 et
347 2394 394 2459 M.
409 2395 571 2461 Valerium
590 2405 638 2462 est
654 2418 795 2474 versum,
819 2418 898 2481 quos
916 2398 1056 2485 populus
1073 2398 1169 2486 proxi·

144 2489 205 2554 mis
224 2491 357 2556 comitiis
374 2490 495 2578 ingenti
513 2513 669 2558 consensu
687 2491 849 2557 consulem
872 2492 1021 2572 alterum,
1046 2495 1168 2560 alterum

144 2594 320 2670 praetorem
339 2585 517 2650 declaravit.

112 2697 125 2744 1
204 2678 380 2743 XXXXI.
402 2678 503 2745 Fabio
517 2677 557 2745 ob
572 2678 698 2766 egregie
710 2679 918 2765 perdomitam
926 2679 1092 2748 Etruriam
1105 2704 1170 2748 oon·

145 2771 284 2837 tinuatur
305 2773 499 2850 consulatus,
518 2771 621 2838 Decio
640 2773 761 2860 collega
777 2774 878 2838 datur.
915 2773 1067 2841 Valerius
1089 2798 1170 2864 prae·

111 2885 126 2932 2
145 2874 194 2928 tor
211 2873 357 2947 quartum
375 2874 507 2931 creatus.
544 2866 689 2932 consules
706 2868 811 2953 partiti
832 2868 1029 2953 provincias:
1052 2871 1170 2936 Etruria

113 2976 128 3026 a
145 2956 259 3038 Decio,
276 2954 440 3025 Samnium
449 2960 549 3027 Fabio
563 2962 675 3027 evenit.
707 2962 865 3047 profectus
885 2963 926 3027 ad
938 2962 1112 3031 Nuceriam
1120 2963 1170 3030 Al·

145 3053 312 3133 laternam,
332 3064 398 3120 tum
414 3078 526 3143 pacem
542 3057 692 3143 petentis,
711 3056 797 3141 quod
814 3057 859 3120 uti
877 3078 929 3135 ea,
949 3079 1027 3124 oum
1045 3061 1169 3138 daretur,

145 3148 328 3228 noluissent,
343 3158 527 3236 aspernatus
542 3159 600 3228 est,
615 3151 827 3237 oppugnando
840 3150 881 3214 ad
894 3149 1092 3220 deditionem
1105 3152 1171 3220 sub·

110 3261 127 3308 4
144 3244 217 3329 egit.
255 3266 327 3308 oum
346 3242 540 3310 Samnitibus
564 3244 631 3309 aoie
648 3245 843 3322 dimicatum,
866 3244 954 3310 haud
975 3268 1097 3337 magno
1113 3269 1171 3315 oar·

144 3338 260 3403 tamine
283 3339 389 3404 hostes
412 3339 501 3404 victi:
527 3360 629 3423 neque
651 3338 718 3404 eius
740 3359 866 3426 pugnae
888 3344 1047 3408 memoria
1068 3342 1171 3408 tradita

144 3429 234 3507 foret,
249 3431 282 3495 ni
291 3431 392 3497 Marsi
405 3456 443 3498 eo
456 3433 592 3519 primum
609 3433 726 3519 proelio
741 3455 811 3498 oum
822 3433 976 3500 Romanis
995 3435 1168 3503 bellassent.

145 3524 245 3588 secuti
261 3523 442 3591 Marsorum
465 3528 672 3593 defectionem
694 3526 839 3615 Paeligni
860 3528 997 3593 eandem
1020 3531 1170 3597 fortunam

97 3635 127 3709 ¹t
144 3617 329 3684 habuerunt.
374 3619 476 3687 Decio
503 3645 628 3707 quoque
659 3622 748 3687 alteri
777 3622 899 3688 consuli
930 3627 1077 3691 secunda
1104 3621 1169 3692 belli

144 3712 271 3778 fortuna
293 3723 367 3780 erat.
404 3716 664 3801 Tarquiniensem
686 3726 772 3781 metu
795 3715 971 3804 subegerat·
982 3718 1168 3786 humantur

145 3808 295 3874 exercitui
320 3809 469 3895 praebere
496 3819 590 3895 atque
615 3811 752 3875 indutias
778 3811 812 3875 in
838 3811 1055 3900 quadraginta
1079 3829 1166 3881 annos

90 3913 259 3999 napetere.
295 3903 545 3971 Vulsiniensium
564 3906 691 3971 castella
708 3906 827 3990 aliquot
843 3906 876 3970 vi
893 3907 994 3994 oepit3
1023 3906 1166 3995 quaedam

145 4018 186 4063 ex
203 3997 253 4064 his
265 4000 369 4079 diruit,
388 4023 428 4066 ne
445 4000 642 4087 receptaculo
660 4000 803 4066 hostibus
823 4010 940 4081 essent,
954 4002 1166 4070 circumferen-
