2566 4524
378 253 497 308 amsa
513 254 587 322 uu,
605 254 631 308 a
644 253 669 308 4.
690 259 728 324 [a.
740 254 842 326 ιιιιι]
1064 249 1127 315 197

99 413 196 479 sulem
213 409 373 496 plebeium
390 411 466 475 fieri.
503 410 634 477 obsecro
650 435 723 489 vos,
747 412 775 477 si
792 435 855 478 nou
873 414 914 478 ad
931 413 1044 496 fastos,
1062 442 1125 484 non
1143 441 1159 490 o

98 510 134 574 ad
152 505 382 572 conmentarios
399 506 583 592 pontificum
601 507 802 586 admittimur,
820 531 861 573 ne
875 531 912 573 ea
926 511 1051 592 quidem
1066 514 1127 578 sci-

96 625 174 679 mus,
194 623 276 686 quae
290 622 399 666 omnes
412 601 569 687 peregrini
583 602 676 666 etiam
686 602 797 679 sciunt,
817 603 962 668 consules
975 605 1009 668 in
1021 607 1126 672 locum

96 720 205 783 regum
224 696 430 773 successisse,
453 718 511 760 nec
529 709 583 761 aut
601 696 677 760 iuris
695 707 750 761 aut
766 698 938 763 maiestatis
956 701 1124 785 quicquam

97 792 225 869 habere,
245 791 330 875 quod
348 813 411 856 non
428 791 462 854 in
479 789 607 877 regibus
627 803 698 855 ante
668 792 825 856 tefuerit?
842 815 881 857 en
895 816 1044 878 umquam
1058 818 1124 861 cre-
1143 818 1176 868 ιο

93 887 166 951 ditis
189 887 287 951 fando
309 886 450 950 auditum
473 907 557 962 esse,
579 885 717 950 Numam
734 885 927 972 Pompilium
948 912 1012 954 non
1029 892 1124 956 modo

91 1006 155 1047 non
169 981 351 1068 patricium,
371 980 481 1045 sedne
494 981 595 1044 civem
608 980 736 1064 quidem
744 980 933 1059 Romanum,
953 1005 993 1047 ex
1003 981 1123 1050 Sabino

90 1100 169 1164 agro
195 1077 346 1153 accitum,
376 1075 521 1161 populi
512 1097 601 1139 iussu
627 1075 768 1160 patribus
795 1089 868 1140 auct
856 1077 975 1141 toribus
1002 1076 1124 1144 Romae

89 1169 262 1257 regnasse?
289 1169 330 1233 L.
345 1169 457 1234 deinde
471 1169 677 1253 Tarquinium
691 1193 754 1234 non
767 1170 929 1234 Romanae
943 1172 1046 1249 modo,
1066 1173 1123 1236 sed
1142 1194 1172 1241 11

91 1288 131 1329 ne
148 1265 278 1330 Italicae
301 1265 428 1348 quidem
446 1265 562 1351 gentis,
584 1265 749 1330 Demarati
768 1263 923 1330 Corinthii
940 1265 1052 1344 filium,
1075 1267 1123 1330 in-

93 1361 191 1425 colam
224 1383 243 1424 a
274 1359 454 1444 Tarquiniis
487 1361 567 1424 vivis
598 1360 704 1424 liberis
730 1359 816 1424 Anci
845 1383 954 1446 regem
983 1361 1122 1426 factumi

90 1453 240 1520 Servium
260 1454 400 1518 Tullium
423 1464 497 1540 post
484 1455 606 1518 thuuc
633 1455 757 1540 captiva
780 1452 990 1520 Corniculana
1012 1468 1121 1520 natum
1141 1477 1171 1524 12

91 1566 178 1635 patre
193 1549 290 1627 nullo,
309 1560 408 1614 matre
423 1572 523 1627 serva,
537 1549 673 1636 ingenio,
688 1549 801 1614 virtute
815 1561 974 1661 regnumt
962 1550 1122 1615 tenuisse?

88 1644 167 1728 quid
185 1643 270 1707 enim
288 1643 379 1708 deT.
390 1631 482 1709 Tatio
497 1641 616 1708 Sabino
635 1644 752 1722 dicam,
771 1668 865 1729 quem
883 1645 951 1731 ipse
965 1645 1120 1711 Romulus

87 1760 205 1823 parens
224 1736 361 1802 urbisin
380 1737 560 1802 societatem
577 1739 825 1825 regmaccepit?
855 1762 930 1826 ergo
954 1741 1030 1804 dum
1051 1739 1171 1808 nul-13

86 1833 154 1896 lum
179 1831 301 1895 fastidit
289 1842 338 1895 tur
353 1854 470 1918 genus,
492 1832 526 1896 in
544 1855 606 1917 quo
624 1833 754 1897 eniteret
771 1833 884 1911 virtus,
908 1835 1005 1898 crevit
1021 1834 1121 1920 impe-

84 1927 168 1991 rinm
178 1925 368 1991 Romanum.
396 1925 552 2012 paeniteat
565 1950 648 1992 nunc
666 1950 723 1993 vos
741 1927 856 2014 plebeii
874 1928 1027 2006 consulis,
1048 1951 1121 1994 cum

87 2021 223 2085 maiores
245 2021 344 2086 nostri
366 2021 504 2087 advenas
526 2045 617 2109 reges
639 2046 704 2088 non
725 2021 914 2088 fastidierint
932 2033 963 2087 et
979 2045 1020 2087 ne
1038 2022 1120 2110 regi-

88 2113 150 2178 bus
166 2114 296 2198 quidem
314 2115 431 2180 exactis
450 2115 558 2181 clausa
575 2116 650 2181 urbs
672 2116 767 2181 fuerit
787 2118 972 2203 peregrinae
993 2117 1121 2181 virtuti?

89 2208 259 2274 Claudiam
277 2223 360 2274 certe
376 2220 504 2297 gentem
521 2220 594 2296 post
611 2233 702 2297 reges
716 2222 843 2276 exactos
858 2234 897 2276 ex
912 2210 1040 2277 Sabinis
1054 2235 1117 2277 non
1137 2232 1170 2280 ιι

81 2306 115 2371 in
139 2307 302 2371 civitatem
324 2307 419 2371 modo
441 2306 635 2391 accepimus,
663 2306 721 2370 sed
743 2306 837 2371 etiam
858 2306 891 2370 in
917 2307 1119 2391 patriciorum

79 2425 263 2466 numerum.
299 2423 339 2466 ex
363 2402 570 2488 peregrinone
591 2400 757 2487 patricius,
785 2400 898 2464 deinde
920 2401 1031 2466 consul
1053 2401 1117 2479 liat,
1138 2422 1170 2470 15

80 2496 163 2562 civis
181 2496 348 2561 Romanus
371 2496 398 2560 si
420 2497 461 2561 sit
483 2520 522 2562 ex
544 2495 651 2581 plebe,
678 2494 821 2581 praecisa
843 2494 1025 2559 consulatus
1045 2518 1118 2580 spes

80 2591 162 2656 erit?
179 2601 286 2655 utrum
301 2591 427 2655 tandem
441 2614 505 2655 non
523 2590 679 2655 credimus
696 2589 764 2656 fieri
780 2611 890 2676 posse,
909 2599 944 2653 ut
961 2588 1010 2653 vir
1027 2588 1117 2653 fortis
1137 2611 1169 2659 16

80 2709 118 2752 ac
141 2697 307 2763 strenuus,
336 2707 416 2770 pace
438 2684 583 2769 belloque
609 2685 712 2750 bonus
739 2682 896 2770 explebe
923 2683 963 2749 sit
984 2682 1116 2761 Numae,

80 2782 122 2847 L.
143 2780 334 2864 Tarquinio,
354 2778 424 2847 Ser.
438 2780 543 2846 Tullio
562 2780 687 2846 similis:
710 2803 751 2845 an
767 2801 808 2844 ne
826 2779 854 2845 si
872 2779 913 2843 sit
930 2778 1057 2863 quidem
1075 2779 1117 2843 ad
1136 2797 1168 2847 lt

84 2875 302 2964 gubernacula
322 2875 368 2940 rei
389 2873 534 2961 publicae
557 2875 705 2940 accedere
728 2897 802 2940 eum
822 2873 978 2961 patiemur
998 2873 1119 2960 potius-

83 2994 144 3055 que
163 2967 366 3047 decemviris,
390 2969 575 3034 taeterrimis
593 2969 785 3047 mortalium,
810 2968 864 3053 qui
883 2978 990 3032 tamen
1007 2990 1116 3033 omnes

88 3087 126 3128 ex
141 3064 285 3150 patribus
304 3074 404 3142 erant,
428 3086 524 3149 quam
542 3065 667 3151 optimis
689 3087 801 3151 regum
823 3064 914 3128 novis
936 3062 1117 3129 hominibus

90 3157 195 3224 similis
214 3159 360 3224 consules
380 3182 489 3224 sumus
506 3158 662 3225 habituri?

146 3253 228 3320 ΠΗ.
266 3251 334 3318 “At
359 3253 443 3318 enim
469 3277 562 3319 nemo
587 3264 661 3341 post
686 3275 777 3340 reges
804 3261 931 3317 exactos
958 3251 997 3315 de
1022 3248 1148 3336 plebe1

86 3349 194 3415 consul
213 3347 303 3414 fuit.’'
328 3349 405 3432 quid
421 3350 551 3436 postea?
572 3350 697 3416 nullane
714 3373 766 3414 res
784 3371 867 3415 nova
884 3345 1006 3412 institui
1023 3344 1117 3412 debet

86 3453 126 3523 et,
146 3444 235 3528 quod
251 3443 391 3508 nondum
409 3454 458 3510 est
471 3444 604 3524 factum,
615 3445 766 3510 —multa
783 3443 866 3509 enim
883 3442 1024 3507 nondum
1043 3449 1116 3506 sunt

84 3536 166 3604 iacta
185 3538 221 3602 in
237 3560 321 3604 novo
338 3539 568 3625 populo—ea,
586 3562 627 3604 ne
645 3539 673 3606 si
690 3539 779 3604 utilia
795 3537 924 3624 quidem
942 3545 1028 3613 sunt,
1047 3533 1116 3599 fieri

86 3633 228 3721 oportet?
244 3628 423 3721 pontifices,
443 3657 579 3745 augures
593 3634 730 3701 Romulo
748 3642 898 3743 regnante
916 3631 994 3697 nulli
1012 3639 1113 3695 erant:
1132 3648 1147 3697 ι

82 3751 101 3794 a
120 3729 229 3796 Numa
250 3727 407 3839 Pompilio
429 3730 525 3794 creati
548 3740 630 3794 sunt.
667 3751 781 3794 census
803 3728 837 3792 in
858 3726 984 3793 civitate
1006 3734 1038 3789 et
1025 3723 1115 3789 tde-

82 3824 211 3911 scriptio
229 3824 438 3890 centuriarum
456 3824 667 3909 classiumque
684 3847 748 3889 non
766 3833 845 3888 erat·
819 3820 908 3886 tab
930 3818 997 3886 Ser.
1009 3817 1113 3882 Tullio

82 3928 129 3984 est
155 3918 252 3985 facta.
293 3918 438 3985 consules
465 3942 638 4004 numquam
663 3918 804 3983 fuerunt:
838 3914 966 4002 regibus
994 3909 1147 3978 exactisa

81 4015 179 4081 mesti
203 4023 286 4082 sunt.
322 4014 481 4082 dictatoris
503 4038 562 4081 nec
583 4015 749 4102 imperium
770 4035 829 4078 nec
856 4031 970 4075 nomen
996 4005 1112 4070 linerat:

934 4160 1119 4262 fl
