2566 4524
146 242 211 309 448
369 252 488 309 LIBER
504 252 605 324 VIIII,
624 253 649 308 7.
661 254 687 309 8.
707 252 887 323 [auci-33.
895 252 961 326 434]

114 436 130 482 4
149 436 229 480 csse.
266 422 320 479 aut
333 411 477 477 Romana
495 434 529 477 se
546 412 693 499 ignorare
709 411 838 500 ingenia
855 422 911 479 aut
928 413 1084 481 silentium
1098 414 1156 483 illud

149 507 345 576 Samnitibus
357 507 478 574 flebiles
491 507 580 574 brevi
593 507 745 574 clamores
758 508 962 597 gemitusque
975 511 1156 578 excitaturum

149 604 376 689 Caudinaeque
398 603 485 690 pacis
508 603 669 688 aliquanto
688 601 887 671 Samnitibus
910 626 1009 692 quam
1028 606 1155 674 Romanis

115 701 318 767 strietiorem
339 698 523 764 memoriam
544 698 627 765 fore:
654 699 771 787 quippe
794 721 870 766 suos
893 721 1052 788 quemque
1071 724 1155 769 corun

148 795 269 861 animos
282 792 463 859 habiturum
476 791 666 879 ubicumque
680 794 881 883 congressuri
896 795 975 876 sint3
990 795 1083 864 saltus
1092 795 1155 864 coo

148 890 239 955 dinos
257 910 323 954 non
339 887 457 973 ubique
476 885 673 956 Samnitibus
691 888 769 957 fore.

115 994 130 1040 6
212 984 283 1049 Iam
300 982 422 1049 Romae
445 982 539 1049 etiam
563 1006 622 1049 sua
642 982 772 1050 infamis
790 983 897 1050 clades
920 994 1000 1051 crat
1032 983 1155 1052 obsessos

147 1080 285 1166 primum
302 1078 482 1157 audienmt3
500 1078 617 1144 tristior
630 1078 744 1145 deinde
760 1076 995 1165 ignominiosae
1012 1079 1093 1166 pacis
1107 1103 1156 1145 no·

115 1175 198 1262 egis
221 1196 317 1259 quam
338 1173 470 1261 periculi
490 1173 619 1240 nuntius
637 1174 707 1240 fuit.
744 1174 785 1240 cd
802 1173 922 1239 famam
941 1173 1109 1242 obsidionis
1121 1173 1155 1239 di·
1192 1263 1194 1267 Ι

147 1269 248 1335 lectus
275 1268 386 1334 haberi
412 1278 543 1355 coeptus
566 1278 653 1348 erat3
680 1267 830 1335 dimissus
853 1268 971 1335 deinde
997 1268 1154 1336 auxiliorum
1192 1294 1195 1301 ·

148 1374 331 1453 apparatus,
353 1374 522 1452 postquam
544 1364 735 1431 deditionem
757 1374 822 1430 tam
845 1364 939 1431 foede
958 1365 1075 1432 factam
1089 1385 1155 1431 cccc·

146 1469 275 1547 penmt,
293 1459 514 1547 extemploque
533 1459 601 1526 sine
617 1459 683 1526 ulla
699 1457 828 1546 publica
844 1459 1034 1527 auctoritate
1050 1480 1155 1527 conscu-
1190 1512 1195 1519 .

113 1569 129 1618 8
149 1578 220 1621 sum
236 1555 270 1620 in
288 1577 414 1622 omnem
435 1554 571 1621 formam
591 1553 695 1620 luctus
718 1564 781 1621 estc
808 1553 959 1621 tabernae
978 1555 1062 1622 cuca
1077 1554 1154 1621 forum

148 1649 274 1716 clausae
299 1650 517 1736 iustitiumque
542 1650 577 1716 in
603 1650 672 1717 foro
696 1673 754 1717 sua
781 1659 893 1737 sponte
920 1660 1069 1739 coeptum
1090 1649 1172 1740 piu

115 1760 129 1809 9
147 1767 244 1830 quam
260 1744 426 1825 indictum,
445 1745 500 1812 lati
518 1743 613 1824 clavi,
636 1745 722 1811 anuli
739 1745 827 1811 aurei
843 1745 956 1833 positi,
979 1769 1079 1834 paene
1093 1764 1154 1811 mcc

148 1841 225 1907 stior
246 1840 386 1907 exercitu
406 1840 477 1927 ipso
499 1840 609 1906 civitas
633 1862 703 1907 esse
725 1862 784 1906 nec
805 1838 943 1908 ducibus
968 1842 1072 1908 solum
1086 1849 1154 1926 atquc

147 1935 328 2001 auctoribus
346 1934 615 2022 sponsoribusque
632 1935 721 2022 pacis
734 1935 837 2014 irasci,
852 1935 910 2000 scd
925 1935 1075 2003 innoxios
1087 1934 1153 2001 eun
1189 2016 1195 2025 1

98 2045 131 2092 10
147 2029 262 2095 milites
281 2029 387 2095 odisse
404 2039 435 2095 et
458 2052 574 2116 negare
592 2030 670 2097 urbe
688 2030 819 2096 tectisve
837 2030 1052 2117 accipiendos.
1085 2048 1154 2117 quur
1185 2114 1188 2119 Ι

149 2123 389 2190 concitationem
412 2124 588 2190 animorum
610 2125 706 2214 fregit
728 2127 883 2192 adventus
906 2127 1066 2193 exercitus
1086 2125 1154 2193 etim
1185 2132 1190 2137 '

149 2218 237 2284 iratis
260 2218 458 2285 miserabilis.
494 2242 558 2286 non
580 2220 664 2286 enim
685 2229 848 2305 tamquam
870 2221 904 2285 in
924 2220 1063 2308 patriam
1077 2238 1155 2287 rever·

147 2321 248 2379 tentes
267 2336 308 2379 ex
323 2313 481 2401 insperato
499 2313 683 2393 incolumes,
698 2314 755 2381 sed
773 2323 938 2401 captorum
955 2315 1069 2383 habitu
1079 2312 1154 2381 vultu

98 2428 128 2474 11
147 2431 209 2494 que
230 2409 366 2497 ingrcssi
389 2432 458 2476 sero
480 2411 514 2474 in
535 2409 646 2476 urbem
666 2410 711 2475 ita
733 2433 767 2475 se
790 2411 822 2475 in
845 2410 911 2476 suis
931 2411 1069 2498 quisquc
1088 2405 1152 2476 totis

147 2503 347 2584 abdiderunt,
371 2515 406 2570 ut
426 2515 553 2592 postero
576 2517 669 2590 atque
690 2505 930 2590 insequentibus
954 2506 1067 2574 diebus
1087 2521 1153 2572 neno

98 2610 129 2657 12
148 2623 257 2667 eorum
283 2600 387 2666 forum
414 2610 468 2666 aut
490 2600 652 2687 publicum
675 2601 815 2687 aspicere
838 2599 943 2666 vellet.
981 2597 1152 2669 consulein

145 2696 269 2781 privato
292 2693 392 2761 abditi
413 2695 491 2759 nihil
512 2717 570 2780 pro
593 2695 780 2781 magistratu
801 2717 910 2782 agere,
933 2696 998 2762 nisi
1020 2697 1102 2782 quod
1117 2712 1152 2758 cx·

145 2814 292 2877 pressum
310 2801 438 2856 senatus
453 2794 596 2858 consulto
610 2803 666 2871 est,
681 2802 716 2857 ut
730 2793 913 2859 dictatorem
928 2794 1070 2860 dicerent
1084 2787 1152 2858 comi·

98 2895 129 2943 13
147 2886 262 2950 tiorum
275 2907 380 2950 causa.
405 2885 446 2968 Q.
455 2886 592 2952 Fabium
600 2885 797 2952 Ambustum
811 2887 959 2953 dixerunt
968 2898 1000 2953 et
1008 2886 1151 2954 RAeltm

97 2990 130 3037 14
147 2977 283 3045 Paetum
300 2980 488 3068 magistrum
505 2981 656 3066 equitum.
693 2981 809 3067 quibus
828 2981 905 3049 vitio
924 2984 1040 3050 creatis
1058 2972 1151 3050 suffert

146 3073 194 3139 M.
204 3073 362 3142 Aemilius
376 3076 484 3162 Papus
503 3076 644 3154 dictator,
662 3076 704 3141 L.
714 3075 861 3141 Valerius
875 3076 1014 3144 Flaccus
1033 3076 1151 3165 magittfl
1183 3074 1195 3113 ·.

146 3171 297 3255 equitum.
324 3193 383 3237 nec
395 3195 453 3258 per
470 3194 525 3237 cos
544 3171 670 3237 comitia
687 3170 795 3237 habita
808 3181 848 3250 et,
867 3170 945 3257 quia
963 3172 1104 3240 taedebat
1115 3186 1150 3255 pu

145 3265 256 3352 pulum
269 3266 409 3333 omnium
422 3266 663 3353 magistratuum
677 3266 744 3331 eius
758 3267 841 3345 anni,
851 3289 902 3332 res
912 3267 956 3333 ad
968 3268 1151 3353 interregnum
1183 3284 1186 3291 '

97 3369 129 3416 15
146 3361 247 3425 rediit
277 3360 450 3448 interreges
466 3361 506 3444 Q.
517 3361 637 3426 Fabius
646 3359 820 3439 Maximus,
830 3359 1036 3429 M.Valerius
1047 3360 1149 3430 Ocruut
1183 3388 1185 3397 ’

146 3454 174 3517 is
193 3453 338 3520 consules
357 3456 474 3521 creavit
492 3455 533 3538 Q.
542 3454 717 3522 Publilium
728 3454 897 3522 Philonem
916 3465 949 3521 et
966 3457 1009 3523 L.
1019 3453 1150 3543 Papium
1182 3452 1195 3510 l

66 3630 68 3634 Ι
148 3545 320 3613 Cursorem
336 3549 449 3616 iterum
462 3550 547 3616 haud
562 3550 658 3617 dubio
672 3572 831 3616 consensu
843 3549 992 3631 civitatis,
1006 3550 1088 3637 quod
1098 3536 1149 3613 null

147 3666 185 3709 ea
203 3653 388 3731 tempestate
406 3647 502 3713 duces
522 3645 668 3713 clariores
687 3656 803 3713 essent.
1182 3642 1190 3659 ‘

113 3758 127 3804 1
210 3737 305 3806 VIII.
338 3740 411 3826 Quo
429 3741 526 3808 creati
547 3751 622 3808 sunt
643 3741 708 3820 die,
731 3762 769 3808 eo
787 3779 830 3790 -
848 3741 895 3807 sic
912 3741 1000 3808 enim
1020 3736 1149 3829 placuerat
1183 3748 1195 3785 <

144 3835 287 3922 patribus
305 3875 347 3884 —
366 3837 586 3922 magistratum
607 3836 743 3902 inierunt
762 3834 1034 3922 sollemnibusque
1051 3838 1147 3901 scmtffl

112 3948 127 3995 2
146 3930 298 3996 consultis
315 3931 463 4017 perfectis
482 3932 522 3996 de
539 3954 618 4019 pace
633 3930 779 3998 Caudina
795 3930 995 3998 rettulerunt.
1025 3918 1148 4029 etPuhl·

144 4023 215 4102 lius,
234 4046 332 4110 penes
350 4048 445 4111 quem
463 4026 569 4092 fasces
587 4035 689 4093 erant}
714 4025 794 4105 ‘dic‚
814 4022 874 4111 Sp.
886 4021 1048 4092 Postumi’
1062 4020 1144 4104 inqut
1182 4022 1195 4066 ‘i
