2566 4524
149 253 214 321 376
326 263 505 320 umus
521 262 943 336 vn,eo.[a.u.e.4os-4cs]
1063 345 1068 353 ι

148 446 206 512 per
222 424 422 509 interpretem
441 445 538 487 unum
561 445 601 487 ex
617 422 784 500 Romanis,
811 422 867 506 qui
891 445 1001 489 secum
1020 424 1098 491 ferro
1115 426 1150 491 de

19 511 23 517 ’
115 527 266 587 acemat.
310 515 358 582 M.
386 526 452 582 erat
479 515 625 582 Valerius
653 516 795 582 tribunus
821 517 958 583 militum
984 519 1153 598 adulescens,

149 612 204 696 qui
230 611 316 677 haud
341 611 550 697 indigniorem
577 633 615 675 eo
641 610 753 676 decore
780 632 815 677 se
841 633 938 695 quam
962 612 1001 678 Τ.
1023 611 1153 678 Manlium

148 719 249 788 ratus,
280 709 368 796 prius
396 708 571 775 sciscitatus
599 709 735 773 consulis
763 708 957 774 voluntatem
983 708 1017 774 in
1042 709 1155 775 medium

116 813 291 869 sarmatus
321 803 483 889 prooessit.
527 802 632 869 minus
662 802 786 890 insigne
817 811 978 869 certamen
1007 802 1155 870 humanum

149 899 277 964 numine
302 897 486 984 interposito
513 896 643 963 deorum
668 898 801 963 factum:
836 919 975 982 namque
1006 896 1156 965 conserenti
1185 910 1188 915 '

148 991 213 1059 iam
230 997 359 1057 manum
371 991 516 1057 Romano
534 1014 647 1058 corvus
664 1003 792 1079 repente
810 993 844 1057 in
860 992 954 1079 galea
973 991 1156 1070 conceditis

114 1086 274 1154 thostem
295 1109 416 1152 versus.
461 1086 546 1170 quod
568 1086 669 1173 primo
690 1096 726 1151 ut
748 1087 915 1174 augurium
941 1088 1032 1154 caelo
1048 1087 1158 1153 missum

148 1180 250 1248 laetus
269 1181 389 1268 accepit
407 1178 564 1259 tribunus,
583 1189 728 1266 precatus
746 1182 873 1247 deinde:
893 1182 921 1246 si
933 1183 1045 1262 divus,
1063 1183 1089 1248 si
1103 1181 1159 1247 dira

119 1286 248 1363 esset,
275 1276 331 1361 qui
352 1274 413 1342 sibi
433 1285 613 1362 praepetem
636 1276 788 1354 misisset,
815 1276 924 1342 volens
947 1277 1100 1364 propitius
1119 1275 1160 1342 ed

115 1379 244 1437 cesset.
280 1369 367 1435 dictu
379 1368 534 1447 mirabile,
553 1370 653 1436 tenuit
663 1392 729 1435 non
742 1369 845 1436 solum
859 1370 924 1436 ales
939 1381 1065 1459 captam
1082 1367 1161 1438 semel
1196 1374 1198 1439 i

150 1466 273 1543 sedem,
301 1465 359 1531 sed
380 1464 660 1550 quotienscumque
682 1473 841 1531 certamen
860 1466 973 1530 initum
995 1475 1047 1533 est
1070 1466 1161 1531 levans
1195 1462 1198 1497 ³

151 1582 185 1626 se
211 1559 270 1626 alis
296 1582 332 1624 os
359 1559 530 1644 oculosque
555 1560 655 1626 hostis
681 1569 783 1626 rostro
809 1569 841 1625 et
865 1559 1029 1647 unguibus
1052 1558 1161 1647 adpetit

149 1656 251 1722 donec
260 1656 400 1721 territum
412 1656 549 1744 prodigii
561 1656 632 1721 telis
645 1656 717 1722 visu
730 1655 892 1741 oculisque
906 1656 1000 1721 simul
1019 1679 1057 1722 ac
1074 1664 1161 1722 mente
1195 1644 1198 1655 ¹

149 1749 309 1816 turbatum
327 1748 473 1815 Valerius
491 1748 666 1816 obtruncat
697 1771 811 1816 corvus
829 1771 870 1815 ex
887 1759 1062 1836 conspectu
1078 1749 1161 1816 elatus

118 1858 133 1908 6
151 1844 303 1910 orientem
316 1844 403 1928 petit.
430 1843 582 1909 hactenus
595 1843 719 1927 quietae
737 1844 893 1927 utrimque
912 1844 1065 1927 stationes
1080 1842 1163 1909 fuere.
1195 1846 1198 1877 ³

148 1948 318 2025 postquam
337 1938 470 2023 spoliare
488 1959 601 2024 corpus
615 1938 700 2004 caesi
713 1938 813 2004 hostis
827 1936 971 2004 tribunus
985 1939 1102 2024 coepit,
1116 1955 1163 2001 nec
1195 1942 1198 2009 ζ

151 2029 237 2099 Galli
255 2054 289 2098 se
308 2033 441 2098 statione
459 2042 625 2098 tenuerunt
642 2042 674 2100 et
690 2032 907 2099 Romanorum
924 2054 1040 2101 cursus
1058 2033 1097 2099 ad
1110 2031 1163 2098 vio-
1195 2074 1198 2127 ἱ

150 2137 250 2193 torem
276 2127 371 2192 etiam
397 2127 482 2192 ocior
507 2126 576 2192 fuit.
613 2127 658 2193 ibi
684 2128 767 2194 circa
792 2128 921 2193 iacentis
950 2124 1040 2194 Galli
1064 2145 1161 2213 corpus
1195 2150 1198 2204 p

115 2231 308 2292 toontracto
339 2222 508 2290 certamine
538 2245 647 2310 pugna
677 2231 767 2287 atrox
797 2223 980 2288 concitatur.
1026 2223 1089 2288 iam
1111 2240 1162 2286 nou

148 2317 316 2403 manipulis
343 2318 557 2404 proximarum
580 2317 762 2396 stationum,
791 2318 847 2383 sed
867 2316 1049 2404 legionibus
1071 2315 1161 2381 utrim-
1195 2376 1198 2389 ,

149 2435 211 2496 que
229 2411 339 2477 effusis
357 2435 408 2477 res
426 2412 553 2499 geritur.
591 2410 744 2477 Camillus
762 2411 880 2476 laetum
898 2411 1032 2476 militem
1049 2407 1161 2476 victoris

149 2505 279 2585 tribuni,
306 2505 423 2571 laetum
446 2515 511 2572 tam
532 2505 751 2592 praesentibus
774 2526 811 2570 ac
834 2505 981 2571 secundis
1005 2505 1067 2570 diis
1083 2502 1161 2569 ircin

147 2601 301 2686 proelium
323 2601 424 2680 iubet,
452 2610 676 2684 ostentansque
697 2600 853 2686 insignem
876 2599 986 2684 spoliis
1004 2599 1161 2665 tribunum:
1196 2612 1198 2617 ·

150 2694 249 2759 ‘hunc
270 2695 406 2773 imitare,
433 2695 548 2773 miles,'
574 2694 678 2761 aiebat
705 2700 750 2759 ‘et
776 2694 859 2759 circa
884 2694 1041 2759 iacentem
1067 2694 1161 2759 ducem

114 2796 252 2856 esterno
280 2785 444 2853 Gallorum
470 2789 630 2854 catervas?
674 2787 718 2852 dii
744 2787 952 2872 hominesque
976 2788 1024 2853 illi
1050 2787 1160 2854 adfuere

141 2900 273 2967 'pugnae
287 2882 564 2967 depugnatumque
577 2883 821 2967 haudquaquam
839 2883 1010 2948 certamine
1029 2882 1161 2968 ambiguo

148 2995 221 3040 cum
236 2972 337 3040 Gallis
351 2985 412 3041 est:
431 2977 510 3043 adeo
523 2978 658 3043 duorum
670 2977 805 3041 militum
822 2985 985 3054 eventum,
1004 2978 1087 3042 inter
1097 2991 1161 3060 quos

114 3080 323 3158 repugnatum
345 3081 424 3150 erat,
453 3082 583 3156 utraque
606 3073 689 3138 acies
713 3071 824 3136 animis
846 3080 1063 3157 praeceperat.
1097 3071 1164 3135 inter

145 3165 279 3250 primos,
298 3186 431 3249 quorum
450 3188 620 3232 concursus
639 3165 716 3231 alios
730 3165 900 3243 exciverat,
919 3173 1011 3230 atrox
1024 3163 1163 3253 proelium

146 3258 222 3325 fuit:
240 3260 302 3326 alia
319 3262 500 3340 multitudo,
519 3261 702 3347 priusquam
721 3261 761 3325 ad
779 3260 957 3325 coniectum
975 3260 1031 3325 teli
1049 3259 1163 3331 veniret

147 3361 236 3439 terga
253 3355 354 3420 vertit.
389 3356 491 3442 primo
509 3378 567 3441 per
578 3355 714 3421 Volscos
731 3353 966 3438 Felemumque
984 3377 1098 3442 agrum
1113 3352 1163 3418 dis·

148 3446 242 3530 sipati
274 3459 361 3526 sunt,
396 3451 470 3515 inde
496 3448 648 3536 Apuliam
674 3471 711 3515 ac
736 3471 823 3514 mare
847 3449 987 3514 inferum
1013 3450 1162 3535 petierunt

96 3559 130 3607 10
148 3539 258 3605 consul
276 3542 420 3608 contione
433 3545 565 3610 advocat
554 3554 585 3610 ta
597 3543 760 3609 laudatum
773 3542 933 3608 tribunum
948 3544 1062 3610 decem
1076 3539 1164 3609 butu

148 3655 305 3719 aureaque
332 3658 448 3704 corona
473 3639 578 3704 donat.
622 3639 692 3723 ipse
717 3638 822 3703 iussus
850 3636 891 3702 ab
918 3649 1034 3702 senatu
1061 3635 1162 3702 bellum

97 3748 126 3795 11
147 3728 339 3794 maritimum
365 3752 474 3798 curare
501 3755 573 3797 cum
599 3742 741 3818 praetore
763 3731 865 3796 iunxit
887 3740 1002 3797 castra
1038 3729 1084 3797 ibi
1104 3724 1198 3814 quit*
1195 3766 1198 3813 ,

145 3834 232 3890 rest
219 3823 300 3888 trahi
327 3825 460 3911 segnitia
483 3823 676 3893 Graecorum
702 3848 767 3891 non
794 3826 1058 3891 committentium
1083 3845 1115 3888 se
1135 3819 1161 3882 in

146 3919 247 3984 aciem
264 3917 464 3999 videbantur,
487 3921 671 3987 dictatorem
690 3920 887 3986 comitiorum
909 3919 1063 3985 causa'l'.
1081 3914 1161 3981 Mau-
1195 3958 1198 3991 ,

96 4022 130 4075 12
145 4010 223 4076 lium
246 4012 441 4097 Torquatum
468 4037 509 4083 ex
534 4016 717 4082 auctoritate
744 4024 871 4080 senatus
898 4014 987 4079 dixit
1032 4012 1158 4080 dictator,
