2566 4524
133 251 197 331 332
390 261 510 316 amaa
527 261 582 332 vr,
601 261 644 320 aa
657 261 700 317 aa
719 260 902 332 [ausam]

132 421 288 488 indixistis
302 419 522 505 intulistisque,
541 428 646 507 patres
662 417 839 506 conscripti,
860 417 943 485 sicut
954 439 1039 485 nunc
1051 417 1144 487 videtis

132 540 190 584 nos
209 526 327 583 stantes
345 516 379 580 in
395 513 552 581 vestibulo
570 514 676 582 curiae
693 523 831 592 vestrae,
854 515 900 581 ita
921 514 1033 581 mmati
1048 515 1142 603 parat·

132 635 194 698 que
212 611 339 679 obviam
355 608 596 696 imperatoribus
614 607 856 697 legionibusque
877 608 994 697 uestris
1007 609 1142 696 processi

98 727 114 775 u
132 729 214 791 mus.
249 706 301 771 hic
321 713 441 782 noster,
468 703 520 769 hic
541 703 644 790 plebis
666 712 792 770 nostrae
813 702 942 771 habitus
957 702 1026 769 fuit
1046 703 1141 789 eritqu

132 822 270 886 semper,
297 799 359 865 nisi
376 799 404 864 si
421 798 547 883 quando
564 822 585 865 a
602 797 693 865 vobis
715 820 835 885 proque
857 797 949 864 vobis
973 821 1059 869 arma
1072 819 1140 867 acce·

128 895 281 982 perimus.
309 893 425 980 gratias
443 892 566 980 agimus
585 902 616 958 et
633 892 766 959 ducibus
785 893 897 959 vestris
910 901 949 958 et
966 890 1140 969 exercitius,

132 990 218 1074 quod
236 987 334 1056 oculis
352 989 454 1075 magis
472 1009 568 1072 quam
586 986 715 1057 auribus
734 987 932 1053 crediderunt
950 996 996 1067 et,
1015 984 1140 1057 ubinibil

99 1104 114 1154 6
132 1083 246 1151 hostile
268 1092 347 1161 erat,
373 1105 415 1148 ne
436 1082 498 1170 ipsi
512 1082 647 1166 ¹quidem
669 1081 821 1148 fecerunt.
856 1103 1080 1169 pacemquam
1096 1100 1139 1147 nu

131 1178 354 1265 praestitimus,
373 1198 443 1243 eam
462 1199 481 1243 a
498 1175 589 1242 vobis
607 1177 758 1262 petimus3
776 1175 895 1243 bellum
913 1199 966 1256 eo,
987 1176 1084 1243 sicubi
1097 1183 1140 1251 eal,

132 1273 280 1340 avertatis
297 1293 477 1365 precamurz
504 1271 536 1335 in
554 1292 613 1336 nos
631 1271 708 1357 quid
725 1293 813 1337 arma
829 1271 969 1358 polleant
991 1266 1141 1348 vestrati

129 1368 279 1454 patiendo
289 1367 516 1454 experirmdum
526 1374 583 1444 est,
602 1366 737 1431 inermes
751 1367 956 1453 experiemur.
984 1365 1141 1431 haecum

131 1471 240 1528 nostra
266 1472 327 1541 est,
356 1461 399 1526 dii
424 1460 605 1526 inmortales
631 1459 762 1539 faciant,
789 1469 855 1526 tam
880 1460 960 1527 felix
985 1481 1077 1544 quam
1094 1456 1140 1545 pia

99 1557 218 1642 squud
239 1556 281 1621 ad
307 1555 436 1622 cumina
462 1555 585 1634 attinet,
614 1553 728 1640 quibus
756 1555 834 1621 moti
855 1555 974 1621 bellum
995 1552 1140 1629 indixistis,

132 1651 193 1729 etsi
212 1649 331 1716 revicta
351 1648 446 1716 rebus
472 1649 577 1716 verbis
605 1649 767 1716 confutare
792 1649 871 1715 nihil
896 1649 1021 1727 attinet,
1047 1657 1139 1723 amen,

133 1745 227 1824 etiam
245 1745 274 1811 si
289 1767 365 1812 vera
382 1746 453 1824 sint,
472 1743 524 1810 vel
540 1744 632 1810 fateri
649 1743 741 1810 nubis
760 1766 811 1824 ea,
831 1767 904 1810 cum
921 1755 988 1810 tam
1005 1743 1141 1809 evidenter

130 1840 327 1931 paenituerit,
346 1848 448 1905 tutum
466 1860 642 1905 censemus.
677 1849 826 1925 peccetur
842 1839 876 1903 in
892 1861 962 1918 vos,
982 1839 1059 1905 dum
1074 1830 1140 1923 digni

97 1955 114 2004 s
132 1936 200 2001 sitis
219 1934 333 2021 quibus
351 1934 396 1999 ita
413 1933 564 2000 satisfiat?
590 1942 712 1999 tantum
724 1933 791 2000 fere
804 1933 974 2003 verborum
986 1932 1027 1999 ab
1041 1930 1147 2027 Tuscu-¹

131 2029 212 2094 lanis
240 2029 369 2094 factum.
407 2048 519 2114 pacem
543 2028 788 2115 inpraesentia,
815 2050 874 2094 nec
899 2029 944 2094 ita
965 2027 1064 2093 multo
1086 2026 1139 2112 poll

42 2160 45 2165 .
133 2122 291 2189 civitatem
313 2122 409 2188 ctiam
428 2122 683 2208 impetraverunt.
725 2122 766 2188 ab
788 2121 929 2189 Tusculo
951 2122 1090 2211 legiones
1107 2136 1140 2182 re·

135 2217 257 2283 ductae.

99 2332 112 2381 1
196 2309 347 2378 XXVII.
374 2299 539 2390 Camillus,
559 2311 689 2377 consilio
708 2320 739 2376 et
755 2311 869 2379 virtute
886 2311 920 2375 in
933 2310 1054 2379 Volsco
1070 2302 1141 2391 bello,

132 2405 281 2472 felicitate
307 2406 341 2470 in
367 2405 549 2472 Tusculana
575 2405 786 2491 expeditione,
819 2404 988 2489 utrubique
1015 2403 1142 2496 singulari

132 2501 283 2566 adversus
303 2499 456 2588 collegam
473 2500 623 2585 patientia
645 2509 677 2565 et
694 2499 907 2565 moderatione
924 2500 1073 2588 insignis,
1094 2524 1142 2567 ma·

97 2595 266 2682 agistratu
288 2593 365 2659 abiit
386 2594 497 2659 creatis
520 2592 653 2660 tribunis
679 2593 866 2661 militaribus
887 2593 922 2658 iu
946 2595 1143 2683 insequentem

35 2712 40 2724 ·
132 2711 249 2755 annum
265 2688 307 2753 L.
327 2697 358 2753 et
374 2686 413 2753 P.
432 2686 577 2767 Valeriis,
596 2689 699 2754 Lucio
717 2683 874 2772 quintum,
893 2686 1012 2756 Publio
1030 2692 1143 2767 tertium.

132 2793 163 2847 et
186 2780 269 2847 Gaio
293 2779 405 2867 Sergio
426 2783 566 2860 tertium,
594 2783 698 2848 Lucio
720 2781 871 2848 Menenio
892 2783 1023 2864 iterum,
1050 2782 1144 2852 Publio

98 2896 114 2945 3
131 2875 274 2962 Papirio,
304 2873 416 2941 Servio
434 2875 581 2943 Cornelio
603 2875 837 2965 Maluginense.
879 2880 1145 2966 censoribusque

133 2991 195 3056 que
218 2970 306 3059 eguit
326 2993 426 3037 annus
449 2972 585 3036 maxime
607 2981 735 3058 propter
759 2972 910 3039 incertam
937 2973 1058 3041 famam
1083 2973 1145 3041 aeris

133 3064 240 3143 alieni,
268 3063 513 3152 adgravantibus
533 3088 688 3130 summam
707 3065 802 3131 etiam
823 3066 961 3133 invidiae
981 3068 1049 3135 eius
1068 3066 1145 3135 tribu·

69 3247 71 3250 v
130 3160 180 3226 nis
197 3160 309 3247 plebis,
328 3183 401 3226 cum
419 3160 458 3227 ab
476 3160 515 3224 iis
534 3158 717 3238 elevaretur,
736 3159 851 3244 quibus
869 3159 933 3226 fide
950 3164 1056 3251 magis
1070 3181 1145 3248 quau

130 3257 257 3323 fortuna
282 3256 463 3322 debentium
492 3255 634 3321 laborare
661 3256 813 3320 creditum
838 3255 939 3323 videri
966 3257 1145 3346 expediebat

96 3351 228 3415 4creati
250 3372 395 3417 censores
419 3349 457 3416 O.
480 3347 639 3436 Sulpicius
665 3348 866 3429 Camerinus,
896 3348 953 3436 Sp.
978 3352 1145 3421 Postumius

130 3443 336 3529 Regillensis,
364 3453 536 3530 coeptaque
553 3445 617 3509 iam
633 3467 684 3510 res
702 3454 801 3510 morte
817 3443 981 3526 Postumi,
1010 3448 1084 3535 quia
1099 3443 1146 3512 col·

97 3536 235 3623 tlegam
255 3537 358 3604 suffici
376 3539 498 3604 censori
514 3538 625 3626 religio
647 3548 727 3617 erat,
753 3538 951 3626 interpellata
975 3551 1034 3608 est.
1069 3540 1146 3628 igitur

131 3653 203 3695 cum
223 3628 382 3719 Sulpicius
401 3632 578 3699 abdicasset
596 3656 630 3699 se
648 3633 848 3721 magistratu,
876 3656 1026 3703 censores
1048 3636 1097 3703 alii
1111 3631 1145 3699 vi·

130 3726 174 3790 tio
193 3726 288 3792 creati
304 3749 367 3792 non
384 3737 552 3814 gesserunt
568 3728 795 3815 magistratum.
832 3729 941 3796 tertios
960 3731 1061 3799 creari
1076 3726 1144 3795 velut

129 3820 190 3886 diis
207 3843 271 3886 non
288 3821 513 3909 accipientibus
531 3822 565 3887 in
582 3845 655 3888 eum
669 3846 787 3915 annum
800 3845 966 3890 censmam
980 3823 1144 3913 religiosum

96 3935 112 3983 6
130 3914 199 3981 fuit.
231 3939 301 3982 eam
318 3939 394 3982 vero
411 3916 655 3983 ludificationem
671 3916 772 4004 plebis
790 3917 908 3984 tribuni
926 3918 1086 3986 ferendam
1099 3934 1142 3985 ut·

129 4011 262 4096 gabant:
293 4011 404 4100 fugere
431 4021 574 4080 senatum
601 4022 697 4080 testes
724 4011 847 4080 tabulas
872 4013 1018 4100 publicas
1044 4025 1139 4081 censu
