2566 4524
318 249 436 305 mana
453 247 552 319 vnn,
571 239 612 303 154
626 248 669 308 rc.
687 252 727 320 [a.
740 247 770 305 c.
778 249 838 306 sao.
847 249 910 321 319]
1065 236 1129 304 457

106 420 240 477 ceterum
262 408 412 495 quoniam
429 406 470 473 ab
487 407 630 474 hostibus
649 408 682 472 in
701 431 734 474 se
753 430 854 493 aequa
872 409 966 474 statui
985 431 1080 493 quam
1096 412 1164 479 ino

103 506 215 593 seipsi
237 505 319 573 ferre
341 502 522 581 maluerint,
548 504 691 570 nuntiare
708 503 879 569 Luceriam
900 503 1005 582 iussit,
1032 529 1128 585 arma,

99 604 254 682 sarcinas,
283 601 437 679 iumenta,
468 600 699 665 multitudinem
725 621 851 666 omnem
875 598 1023 666 inbellem
1049 602 1130 668 intra

98 697 224 765 moenia
244 696 469 781 relinquerent3
492 695 623 760 militem
641 717 675 759 se
694 716 765 759 cum
784 693 917 782 singulis
935 695 1129 762 vestimentis
1147 717 1163 766 c

97 792 155 861 sub
181 793 298 881 iugum
323 790 508 868 missurum,
534 790 737 856 ulciscentem
759 790 903 869 inlatam,
929 813 994 856 non
1014 814 1129 857 novam

96 889 285 956 inferentem
311 885 526 974 ignominiam.
565 884 643 950 nihil
668 894 857 952 recusatum.
898 895 1019 972 septem
1045 886 1164 955 miliar

95 985 233 1050 militum
248 980 308 1047 sub
320 981 432 1069 iugum
445 980 543 1046 missa
555 980 734 1066 praedaque
747 979 860 1066 ingens
869 980 1025 1046 Luceriae
1039 992 1131 1067 capta

94 1077 233 1165 receptis
247 1074 393 1142 omnibus
408 1074 507 1161 signis
521 1074 688 1158 armisque,
703 1096 784 1158 quae
793 1075 835 1140 ad
845 1073 1003 1139 Caudium
1013 1076 1131 1140 amissa

96 1182 187 1239 erant
206 1181 252 1249 et,
271 1170 357 1255 quod
371 1169 477 1234 omnia
491 1167 660 1255 superabat
676 1169 806 1256 gaudia,
826 1168 982 1254 equitibus
1000 1192 1131 1255 recupe-

96 1268 188 1346 ratis,
209 1286 289 1350 quos
302 1263 436 1351 pignora
448 1263 535 1349 pacis
550 1262 772 1329 custodiendos
785 1262 956 1328 Luceriam
970 1261 1129 1331 Samnites

96 1362 261 1429 dederant.
291 1359 377 1424 haud
389 1357 489 1423 ferme
507 1357 568 1423 alia
585 1357 757 1422 mutatione
776 1357 880 1423 subita
896 1381 1001 1424 rerum
1019 1358 1164 1429 clariora

95 1455 231 1523 victoria
243 1453 353 1541 populi
360 1452 497 1519 Romani
511 1461 572 1530 est,
593 1452 620 1517 si
634 1452 762 1536 quidem
776 1453 883 1530 etiam,
902 1454 987 1538 quod
1000 1453 1131 1538 quibus-

96 1553 172 1618 dam
189 1550 225 1616 in
242 1547 408 1615 annalibus
426 1547 566 1626 invenio,
589 1545 723 1613 Pontius
741 1545 885 1613 Herenni
902 1547 986 1613 filius
1005 1545 1151 1615 Samni--

95 1648 176 1713 tium
204 1645 386 1731 imperator,
413 1651 448 1708 ut
470 1643 611 1728 expiaret
633 1642 798 1707 consulum
824 1642 1043 1729 ignominiam,
1072 1642 1132 1708 sub

96 1741 212 1828 iugum
234 1760 307 1804 cum
329 1737 440 1803 ceteris
462 1748 511 1803 est
533 1737 660 1802 missus.
698 1746 835 1801 ceterum
853 1737 887 1801 id
904 1737 1008 1802 minus
1025 1738 1129 1815 miror,
1149 1757 1167 1805 a

97 1836 273 1903 obscurum
295 1855 366 1899 esse
384 1833 424 1898 de
440 1832 580 1898 hostium
596 1833 678 1898 duce
696 1832 801 1897 dedito
818 1832 993 1917 missoque3
1015 1833 1048 1897 id
1065 1856 1132 1898 ma-

98 1931 150 2018 gis
166 1928 311 1995 mirabile
329 1937 390 2006 est,
409 1927 541 2014 ambigi,
560 1927 723 1993 Luciusne
734 1925 900 1993 Cornelius
913 1927 1046 1993 dictator
1059 1950 1132 1992 cum

100 2026 144 2091 L.
153 2023 282 2111 Papirio
297 2022 435 2088 Cursore
453 2022 604 2108 magistro
622 2022 763 2106 equitum
782 2044 836 2088 eas
854 2044 905 2087 res
919 2022 960 2086 ad
974 2019 1133 2088 Caudium

98 2129 195 2205 atque
216 2118 291 2183 inde
313 2117 483 2183 Luceriam
509 2117 644 2204 gesserit
669 2116 814 2202 ultorque
836 2117 948 2182 unicus
969 2115 1133 2183 Romanae
1153 2136 1186 2186 10

97 2212 305 2304 ignominiae,
331 2211 418 2277 haud
440 2212 537 2277 sciam
560 2234 602 2277 an
623 2210 796 2277 iustissimo
818 2211 976 2297 triumpho
999 2213 1040 2276 ad
1063 2233 1133 2277 eam

98 2318 236 2377 aetatem
268 2307 441 2373 secundum
466 2307 599 2374 Furium
626 2305 797 2373 Camillum
827 2305 1066 2392 triumphaverit
1092 2329 1134 2370 an

98 2403 268 2473 consulum
288 2402 470 2490 Papiriique
491 2402 696 2490 praecipuum
721 2402 755 2467 id
780 2403 877 2467 decus
905 2401 954 2466 sit.
991 2400 1133 2485 sequitur
1151 2422 1182 2472 11

99 2500 186 2566 hunc
203 2520 341 2564 errorem
360 2497 440 2563 alius
458 2520 553 2577 error,
572 2497 733 2564 Cursorne
746 2494 893 2584 Papirius
910 2495 1062 2582 proximis
1081 2518 1133 2562 co-

101 2593 197 2661 mitiis
212 2616 285 2660 cum
300 2592 341 2676 Q.
351 2592 449 2658 Aulio
460 2592 630 2658 Cerretano
643 2592 757 2657 iterum
770 2590 810 2657 ob
828 2613 895 2657 rem
912 2590 993 2656 bene
1010 2599 1134 2678 gestam

99 2689 259 2757 Luceriae
281 2688 461 2754 continuato
479 2686 665 2773 magistratu
682 2685 791 2751 consul
809 2686 934 2752 tertium
952 2695 1074 2751 creatus
1094 2684 1134 2748 sit

98 2810 141 2853 an
156 2784 202 2851 L.
220 2782 368 2869 Papirius
386 2781 571 2870 Mugilanus
590 2781 671 2846 etin
689 2782 876 2868 cognomine
894 2791 1030 2848 erratum
1049 2780 1098 2848 sit.

162 2878 263 2945 XVI.
301 2877 471 2957 Convenit,
493 2878 558 2943 iam
574 2877 647 2942 inde
668 2899 726 2964 per
748 2878 894 2945 consules
917 2879 1039 2964 reliqua
1059 2877 1135 2944 belli
1154 2898 1168 2945 1

98 2974 252 3063 perfecta.
294 2973 410 3039 Aulius
432 2994 503 3038 cum
521 2971 688 3039 Frentanis
706 2994 770 3038 uno
789 2974 927 3039 secundo
944 2973 1063 3060 proelio
1081 2974 1136 3038 de-

98 3068 230 3137 bellavit
251 3066 427 3155 urbemque
447 3069 564 3155 ipsam,
591 3090 654 3152 quo
682 3089 716 3133 se
742 3067 816 3133 fusa
842 3068 1015 3133 contulerat
1040 3067 1134 3144 acies,

104 3162 269 3231 obsidibus
295 3164 456 3252 imperatis
481 3164 515 3229 in
541 3163 732 3230 deditionem
754 3163 883 3248 accepit.
919 3162 987 3249 pari
1009 3161 1170 3228 fortunar

102 3259 215 3327 consul
232 3258 314 3324 alter
330 3280 403 3323 cum
421 3255 608 3338 Satricanis,
631 3259 686 3343 qui
704 3258 788 3324 cives
806 3257 945 3324 Romani
959 3265 1032 3343 post
1050 3255 1136 3321 Cau-

99 3354 212 3421 dinam
233 3353 358 3419 cladem
379 3353 420 3418 ad
438 3351 597 3420 Samnites
616 3352 795 3420 defecerant
812 3351 1064 3440 praesidiumque
1083 3373 1136 3416 eo-

99 3472 172 3517 rum
199 3448 234 3513 in
260 3446 371 3513 urbem
403 3458 601 3535 acceperant,
636 3471 703 3514 rem
734 3448 843 3535 gessit.
886 3470 962 3513 nam
991 3469 1064 3513 curn
1095 3447 1169 3514 ada

98 3542 230 3611 moenia
248 3538 365 3608 Satrici
386 3542 531 3608 admotus
554 3551 639 3609 esset
660 3542 815 3608 exercitus
836 3540 1012 3628 legatisque
1029 3541 1136 3609 missis

98 3638 143 3705 cd
166 3658 283 3726 pacem
309 3658 383 3702 cum
407 3636 555 3723 precibus
581 3637 749 3722 petendam
776 3637 864 3702 triste
886 3659 1073 3723 responsum
1097 3635 1137 3702 ab

100 3731 235 3801 conside
260 3730 420 3797 redditum
442 3740 539 3810 esset,
565 3731 628 3796 nisi
648 3731 806 3818 praesidio
830 3729 1021 3799 Samnitium
1042 3731 1137 3796 inter-

99 3827 188 3895 fecto
211 3836 267 3893 aut
287 3825 402 3893 tradito
419 3848 460 3892 ne
478 3827 519 3892 ad
537 3848 571 3893 se
588 3835 777 3905 remearent,
800 3826 872 3914 plus
891 3848 929 3892 ea
945 3846 1023 3891 voce
1040 3846 1136 3907 quam

102 3921 199 3989 armis
226 3919 333 3987 inlatis
358 3919 484 3987 terroris
515 3920 634 3987 colonis
664 3920 823 3987 iniectum.
866 3920 972 4004 itaque
1003 3915 1172 3983 subinde4

101 4026 279 4084 execuntur
299 4017 480 4103 quaerendo
502 4040 522 4084 a
543 4017 672 4085 consule
694 4018 805 4105 legati,
828 4039 964 4102 quonam
986 4036 1021 4083 se
1043 4023 1135 4101 pacto
