2566 4524
278 307 283 313 g
329 241 448 299 arsura
467 243 522 316 vr,
540 245 605 300 aa
625 243 776 315 [acam]
979 235 1067 304 ·313

63 399 203 482 blostes,
230 411 416 490 procmrunt
432 401 549 488 pariter
565 425 675 469 omnes
698 402 834 469 clamore
856 403 981 473 sublato
1000 413 1064 476 ‘se-

63 518 129 582 psere
148 495 382 585 imperatorem’
403 519 462 583 pro
485 521 520 564 se
538 499 672 583 quisque
695 498 875 566 clamantes.
912 503 1098 573 emissnma

63 592 126 658 ctiam
143 592 270 680 signum
284 591 411 658 Camilli
427 592 517 658 iussu
534 593 567 658 in
584 592 723 660 hostium
736 592 837 659 aciem
850 594 955 661 ferunt
967 598 1063 683 idque

63 696 82 752 rt
92 696 274 774 repeteretur
286 688 457 753 concitatos
470 689 704 776 antesignanos.
730 688 774 755 ibi
786 688 924 776 primum
935 691 1064 778 pulsum
1080 713 1098 762 4

63 779 193 849 lntiatem
210 791 422 867 terroremque
439 805 503 849 non
520 782 553 848 in
568 783 703 869 primam
720 793 843 849 tantum
864 785 979 864 aciem,
1007 788 1065 853 sed

63 876 126 942 etiam
147 877 188 943 ad
210 876 416 943 subsidiarios
438 876 602 964 perlatum.
638 900 698 944 neo
720 879 769 944 vis
788 888 911 944 tantum
928 881 1098 951 militumr

63 971 178 1038 rovebat
200 971 335 1037 excitata
355 971 532 1056 praesentia
554 972 657 1050 ducis,
686 973 743 1038 sed
764 974 850 1056 quod
872 973 1064 1040 Volscorum

63 1067 143 1132 mimis
159 1065 239 1131 nihil
256 1064 423 1131 terribilius
442 1082 508 1131 erat
525 1087 621 1151 quam
638 1067 739 1153 ipsius
759 1066 886 1133 Camilli
908 1068 989 1134 sorte
1007 1069 1064 1136 ob-

65 1170 102 1226 ata
112 1162 243 1247 species:
261 1161 315 1238 ita,
334 1182 532 1245 quocumque
546 1183 581 1227 se
593 1161 759 1239 intulisset,
778 1161 940 1228 victoriam
955 1185 1063 1229 secum
1081 1185 1097 1234 6

63 1256 124 1320 hard
135 1255 262 1321 dubiam
280 1254 432 1321 trahebat.
472 1255 609 1321 maxime
630 1255 664 1320 id
686 1256 814 1322 evidens
837 1255 912 1336 suit,
940 1279 1013 1322 cum
1029 1257 1064 1323 in

63 1349 155 1414 laevum
173 1372 275 1415 comu·
289 1371 387 1436 prope
400 1350 463 1415 iam
475 1350 602 1436 pulsum
615 1359 739 1436 arrepto
753 1359 881 1436 repente
894 1373 975 1436 equo
990 1374 1063 1418 oum

63 1455 125 1512 corto
138 1445 277 1533 pedestri
299 1446 449 1511 advectus
472 1454 643 1532 conspectu
665 1468 724 1512 suo
745 1447 900 1533 proelium
916 1449 1062 1527 restituit,

63 1549 192 1607 ostentans
205 1541 383 1606 vincentem
397 1549 532 1607 ceteram
546 1541 655 1606 aciem.
681 1541 746 1607 iam
759 1541 908 1608 inclinata
920 1565 970 1608 res
985 1551 1061 1622 erat,
1081 1565 1097 1612 ι

63 1635 98 1699 sed
108 1637 193 1703 tmba
205 1635 345 1703 hostium
357 1645 389 1702 et
402 1637 513 1724 fugam
525 1634 705 1723 inpediebat
718 1646 749 1702 et
766 1636 862 1725 longa
879 1639 976 1704 caede
990 1661 1067 1705 con-

63 1727 164 1799 icienda
180 1732 348 1798 multitudo
365 1741 453 1798 tanta
469 1732 556 1798 fesso
574 1732 664 1797 militi
682 1741 762 1812 crat,
782 1754 854 1798 cum
871 1744 999 1820 repente
1016 1736 1065 1799 in-

63 1826 177 1907 gentibus
186 1826 331 1912 prooellis
341 1826 432 1892 fusus
440 1825 542 1893 imber
550 1820 667 1893 certam
680 1827 782 1914 magis
791 1827 954 1894 victoriam
968 1850 1063 1913 quam

63 1919 183 2000 proelium
202 1921 334 1987 diremit.
362 1921 453 2009 signo
471 1921 584 1988 deinde
600 1923 741 2008 receptui
758 1923 832 1988 dato
844 1945 908 1989 nox
920 1922 1064 1989 insecuta
1080 1943 1096 1992 8

63 2012 145 2094 quietis
162 2017 316 2082 Romanis
333 2016 466 2102 perfecit
482 2016 609 2083 bellum.
645 2017 755 2083 Latini
776 2039 913 2103 namque
930 2027 962 2084 et
978 2017 1064 2084 Her-

63 2104 102 2172 rici
118 2110 229 2176 relictis
252 2109 378 2176 Volscis
405 2112 515 2178 domos
541 2112 674 2198 profecti
697 2121 782 2191 sunt,
810 2112 901 2178 malis
923 2113 1062 2180 consiliis

63 2220 126 2284 pares
146 2205 251 2292 adepti
272 2216 417 2286 eventus;
443 2205 553 2273 Volsci
575 2207 630 2272 ubi
652 2229 687 2273 se
709 2207 849 2273 desertos
876 2207 916 2273 ab
944 2207 989 2272 eis
1016 2207 1063 2272 vi·
1081 2226 1096 2274 9

63 2292 123 2377 lue,
148 2322 281 2384 quorum
302 2301 418 2368 fiducia
438 2302 679 2380 rebellaverant,
705 2301 821 2367 relictis
844 2301 954 2366 castris
976 2323 1063 2366 moe-

63 2389 127 2460 ribus
141 2393 255 2461 Satrici
273 2419 307 2462 se
324 2396 497 2462 includunt.
524 2418 604 2481 quos
622 2396 724 2483 primo
739 2394 892 2462 Camillus
907 2395 990 2461 vallo
1004 2395 1065 2460 cir·

63 2489 180 2555 undam
198 2499 230 2557 et
245 2513 362 2577 aggere
381 2499 475 2576 atque
493 2490 640 2577 operibus
658 2512 841 2578 oppugnare
858 2499 906 2556 est
923 2490 1061 2555 adortus.

63 2597 118 2661 luae
131 2594 299 2669 postquam
316 2585 402 2650 nulla
420 2586 582 2670 eruptione
599 2585 733 2672 inpediri
750 2585 849 2663 videt,
823 2584 973 2650 tminus
991 2604 1062 2649 esse
1080 2601 1115 2652 10

63 2671 130 2741 mni
145 2703 181 2744 ra
181 2688 233 2745 tus
250 2679 284 2745 in
300 2679 390 2746 hoste
407 2701 503 2764 quam
520 2690 555 2745 ut
572 2681 606 2745 in
622 2703 661 2746 eo
677 2689 742 2745 tam
759 2679 862 2746 lentae
880 2678 949 2766 spei
965 2677 1065 2744 victo·

63 2768 116 2838 iam
136 2785 346 2862 exspectaret,
373 2776 515 2842 cohortat
502 2786 553 2841 tus
571 2774 701 2855 milites,
728 2797 768 2842 ne
787 2784 947 2885 tamquam
964 2772 1063 2840 Veios

63 2871 284 2957 t’ppngnsntes
274 2894 308 2935 m
329 2893 423 2957 opere
443 2870 616 2958 longinquo
634 2892 705 2937 sese
727 2879 875 2949 tererent,
902 2868 1065 2935 victoriam

63 2964 229 3032 nmanibus
248 2987 331 3044 esse,
358 2965 479 3053 ingenti
495 2966 630 3031 militum
652 2965 811 3032 alacritate
832 2965 958 3032 moenie
974 2964 1067 3028 undi-

63 3076 102 3140 prs
117 3061 284 3148 adgressus
304 3061 395 3129 scalis
413 3061 564 3148 oppidum
583 3061 673 3148 cepit.
697 3059 807 3128 Volsci
820 3060 951 3126 abiectis
968 3059 1063 3125 armis

63 3170 114 3218 rese
129 3156 319 3222 dediderunt.
1118 3178 1121 3183 ’

107 3247 210 3316 VIHl.
241 3249 389 3317 Ceterum
403 3251 526 3317 animus
540 3251 629 3317 ducis
647 3250 692 3316 rei
705 3249 824 3327 maiori,
842 3247 951 3326 Antio,
970 3245 1063 3310 inmi-
1082 3265 1096 3314 1

63 3340 142 3411 rebat:
164 3347 199 3411 id
216 3355 311 3432 caput
328 3344 531 3426 Volscorum,
555 3369 625 3430 eam
642 3345 741 3411 fuisse
760 3342 912 3431 originem
929 3339 1065 3428 proximi

63 3435 118 3503 ellt
155 3440 213 3505 sed
229 3440 305 3524 quia
321 3440 382 3507 nisi
399 3463 516 3529 magno
532 3449 699 3527 apparatu,
718 3437 879 3504 tormentis
897 3435 1065 3502 machinis·
1082 3454 1098 3504 2

63 3548 112 3612 pue,
134 3542 200 3599 tam
217 3533 323 3600 valida
340 3533 414 3601 urbs
432 3535 503 3621 capi
520 3557 582 3600 non
601 3543 736 3620 poterat,
759 3532 867 3598 relicto
884 3531 926 3597 ad
947 3529 1066 3597 exerci-

63 3644 104 3691 um
124 3627 247 3715 collega
268 3626 404 3701 Romam
426 3640 475 3695 est
494 3630 669 3716 profectus,
696 3637 732 3692 ut
754 3636 897 3693 senatum
919 3625 960 3690 ad
981 3624 1067 3691 exci-

63 3717 174 3788 'endum
186 3722 322 3789 Antium
335 3724 518 3791 hortaretur.
550 3725 631 3788 inter
645 3745 821 3788 sermonem
835 3722 903 3787 eius
915 3758 958 3769 —
971 3719 1065 3786 credo
1083 3736 1100 3787 t

63 3836 103 3882 em
121 3815 289 3885 Antiatem
310 3819 378 3884 diut
365 3820 535 3885 turniorem
557 3841 684 3884 manere
710 3818 770 3883 diis
793 3816 880 3883 cordi
901 3814 1001 3881 fuisse
1022 3849 1066 3862 -

63 3911 130 3997 gali
152 3910 196 3979 ab
217 3910 339 3999 Nepete
365 3936 403 3979 ac
426 3911 532 3980 Sutrio
559 3913 710 3979 auxilium
736 3913 888 3979 adversus
909 3908 1064 3975 Etruscos

63 4012 179 4073 etentes
197 4006 341 4088 veniunt,
368 4006 499 4075 brevem
513 4009 710 4075 occasionem
728 4030 799 4074 esse
820 4002 942 4073 ferendi
958 3998 1068 4066 auxilii
1116 4044 1197 4258 Ι
