2566 4524
128 217 194 282 472
326 225 444 282 LIBER
460 223 560 294 VIIII,
578 223 620 279 28.
633 221 676 279 29.
697 225 807 292 [auc.
815 220 968 292 441-143]

129 385 262 454 hiberna
275 393 415 472 egerunt,
425 383 526 449 donec
538 381 579 450 ab
592 381 683 449 novis
698 379 933 448 eonsulibusL.
941 379 1064 468 Papirio
1072 380 1135 448 Cur·

131 504 202 550 sors
214 480 368 570 quintum,
384 477 423 545 Ο.
436 477 529 544 Iunio
542 477 689 544 Bubulco
705 476 819 543 iterum
836 474 1016 544 nominatus
1029 476 1137 543 dictatu

132 575 172 644 O.
188 573 350 642 Poetelius
373 595 444 638 cnm
462 570 510 638 M.
528 571 636 639 Foslio
658 570 809 658 magistro
827 570 971 656 equitum
992 570 1138 639 exereitum

96 669 261 758 occoepit.
296 669 325 734 is
343 689 417 734 oum
434 666 583 746 audisset,
602 687 706 732 arcem
719 665 942 753 Fregellanam
959 664 1001 732 ab
1015 663 1139 734 Samniti·
1174 714 1177 719 ,

130 764 192 832 bus
215 772 353 852 captam,
376 761 493 828 omisso
514 761 658 827 Boviano
680 761 722 826 ad
743 760 908 847 Fregellas
930 760 1044 848 pergit
1073 759 1139 826 unde

130 866 283 926 nocturna
302 853 492 923 Samnitium
508 855 588 943 fuga
606 855 673 922 sine
696 855 864 921 certamine
880 855 1020 942 receptis
1035 854 1140 942 liegel-

131 953 171 1019 lis
191 950 411 1040 praesidioque
432 949 537 1017 valido
563 951 713 1038 inposito,
739 948 773 1015 in
795 947 1008 1036 Campaniam
1030 948 1140 1017 rutum

97 1048 269 1118 tmaxime
286 1046 328 1113 ad
344 1045 459 1112 Nolam
476 1045 571 1113 armis
588 1044 800 1131 repetendam.
831 1067 869 1111 eo
888 1067 925 1111 se
942 1045 1027 1112 intra
1041 1042 1142 1111 moenia

132 1141 192 1216 sub
210 1142 380 1208 adventum
397 1139 557 1206 dictatoris
575 1148 607 1207 et
620 1136 809 1206 Samnitium
827 1138 931 1206 omnis
948 1137 1106 1205 multitudo
1118 1144 1142 1202 et

98 1234 247 1307 oNoleni
268 1243 409 1322 agrestes
431 1234 634 1301 contulerant.
675 1234 807 1300 dictator
827 1234 916 1300 mbis
944 1235 1010 1301 situ
1034 1234 1143 1301 cneum

134 1340 256 1418 specto,
278 1350 342 1414 quo
360 1327 495 1417 apertior
513 1328 617 1394 aditus
635 1329 676 1394 ad
693 1328 818 1394 moenia
835 1337 934 1407 esset,
958 1328 1063 1396 omnia
1077 1326 1144 1393 aedi·

132 1424 205 1491 ficia
217 1459 260 1470 —
274 1432 306 1490 et
321 1423 502 1509 frequenter
517 1422 562 1488 ibi
579 1420 779 1489 habitabatur
792 1457 834 1468 —
848 1422 1051 1489 circumiecta
1065 1420 1144 1489 mnis

132 1517 279 1585 incendit
310 1539 369 1583 nec
385 1516 430 1583 ita
446 1514 546 1583 multo
562 1527 635 1604 post
652 1516 719 1582 sive
737 1514 911 1583 aPoetelio
929 1517 1079 1584 dictatore
1093 1514 1145 1582 siue

133 1610 174 1679 ab
198 1610 237 1679 C.
255 1611 348 1678 Iunio
371 1611 499 1678 consule
517 1647 559 1658 -
576 1633 651 1677 nam
672 1620 839 1696 utrumque
865 1612 1001 1678 traditur
1021 1650 1062 1660 -
1080 1608 1144 1677 Nola

100 1717 183 1777 sest
204 1716 306 1796 capta.
341 1707 397 1793 qui
417 1716 528 1795 captae
549 1706 646 1773 decus
664 1705 764 1773 Nolae
782 1707 823 1773 ad
844 1707 1012 1775 consulem
1029 1706 1144 1782 trahunt

132 1802 281 1882 adiciunt,
294 1801 426 1868 Atinam
443 1810 475 1868 et
489 1799 645 1868 Calatiam
662 1800 703 1868 ab
721 1801 832 1868 eodem
849 1811 971 1889 captas,
989 1801 1144 1870 Poetelium

133 1908 238 1966 autem
250 1897 594 1985 pestilentiaortaclavi
606 1896 724 1984 ligendi
736 1919 832 1963 causa
841 1897 1029 1965 dictatorem
1037 1899 1144 1963 dictum

100 2011 114 2063 t
136 1989 257 2059 Suessa
284 2000 316 2056 et
340 1988 457 2056 Pontia
487 1991 598 2057 eodem
624 2014 707 2058 anno
733 1991 874 2057 coloniae
900 1993 1056 2058 deductae
1081 1998 1145 2058 eunt

135 2083 256 2152 Suessa
265 2082 490 2151 Auruncorum
506 2083 620 2164 fuerat,
633 2083 745 2152 Volsci
756 2083 898 2165 Pontias,
916 2086 1057 2153 insulam
1073 2085 1147 2152 sitan

132 2180 167 2246 in
192 2187 364 2267 conspectu
389 2177 487 2245 litoris
515 2178 579 2259 sui,
608 2179 812 2256 incoluerant.
858 2190 890 2246 et
915 2177 1147 2269 Inter[am]mn

134 2273 287 2342 Casinam
303 2282 339 2339 ut
356 2274 563 2341 deduceretur
584 2274 708 2341 colonia
729 2275 830 2341 senati
847 2275 1030 2342 consultum
1046 2275 1147 2342 actuo

133 2379 191 2436 est.
231 2370 288 2436 sed
310 2367 488 2434 triumviros
511 2389 657 2434 creavere
679 2390 717 2435 ac
733 2368 847 2435 misere
869 2368 1055 2436 colonorum
1075 2377 1148 2455 quat·

132 2474 204 2529 tuor
220 2463 307 2528 milia
322 2462 524 2548 insequentes
542 2462 688 2529 consules
702 2461 749 2528 M.
759 2462 916 2542 Valerius,
930 2462 970 2529 P.
985 2464 1113 2531 Decius.

99 2580 113 2631 1
195 2554 383 2624 XXVIIII.
401 2554 574 2644 Profligatc
588 2556 655 2622 fere
669 2554 858 2623 Samnitium
871 2557 967 2637 bello,
982 2559 1149 2645 priusquam

132 2675 171 2718 ee
192 2674 268 2718 cura
288 2652 455 2717 decederet
475 2650 618 2737 patribus
640 2650 807 2729 Romanis,
830 2650 961 2717 Etrusci
983 2652 1060 2719 belli
1079 2653 1151 2718 fame

97 2767 113 2818 a
132 2756 241 2813 exorta
258 2755 315 2812 est
342 2754 482 2812 necerat
499 2767 537 2812 ea
554 2754 739 2831 tempestate
755 2767 835 2833 gens
853 2745 925 2825 alia,
943 2749 1037 2815 ouius
1056 2768 1150 2815 secun

133 2843 209 2906 dum
228 2838 369 2906 Gallicos
387 2839 540 2906 tumultus
559 2864 646 2907 arma
663 2840 850 2907 terribiliora
867 2852 977 2908 essent
1000 2865 1073 2909 cum
1092 2862 1151 2929 pre

98 2934 307 3021 epinquitate
329 2934 398 3022 agri
418 2943 486 3000 tum
508 2935 707 3001 multitudine
728 2934 900 3001 hominum.
936 2936 1047 3022 itaque
1070 2938 1151 3003 altero

132 3029 262 3096 consule
282 3029 316 3096 in
335 3027 466 3096 Samnio
487 3031 636 3114 reliquias
658 3029 733 3095 belli
753 3031 956 3118 persequenti
973 3031 1015 3099 P.
1033 3032 1150 3106 Decius,
1184 3090 1186 3103 .

131 3124 188 3210 qui
203 3124 341 3213 graviter
358 3147 453 3213 aeger
464 3125 587 3193 Romae
604 3126 768 3204 restiterat,
787 3136 915 3192 auctore
934 3138 1052 3194 senatu
1069 3129 1151 3196 dicta·
1184 3172 1186 3197 ;

96 3228 231 3288 iterem
246 3217 284 3286 C.
296 3219 424 3286 Iunium
432 3219 613 3286 Bubulcum
630 3219 718 3286 dixit.
748 3220 785 3298 ie,
804 3230 898 3306 prout
914 3221 963 3287 rei
981 3220 1152 3311 magnitudo

129 3314 320 3403 postulabat,
340 3336 449 3384 omnes
466 3314 602 3394 iuniores
621 3323 815 3380 sacramento
833 3314 943 3402 adigit,
964 3340 1057 3385 arma
1072 3336 1151 3403 quae

131 3431 193 3494 que
211 3408 339 3475 uliares
357 3409 460 3496 poscit
477 3432 601 3475 summa
616 3409 770 3476 industria
786 3418 885 3495 parat.
917 3433 980 3477 nec
999 3413 1093 3480 tantis
1108 3431 1151 3495 ep-

132 3502 294 3590 paratibus
312 3501 412 3569 elatus
430 3505 470 3570 de
487 3504 651 3570 inferendo
668 3503 751 3569 bello
769 3504 876 3590 agitet,
896 3505 1065 3590 quieturus
1081 3502 1151 3573 haud

97 3610 115 3660 e
132 3594 236 3674 dubie,
255 3596 317 3663 nisi
333 3597 415 3664 ultro
433 3622 520 3665 arma
529 3598 659 3664 Etrusci
674 3599 834 3664 inferrent.
867 3600 985 3667 eadem
1002 3603 1037 3669 in
1054 3622 1151 3688 mapa

131 3691 230 3758 rando
248 3690 484 3778 cohibendoque
502 3691 585 3759 bello
602 3692 733 3760 consilia
751 3702 782 3758 et
795 3693 881 3779 apud
889 3693 1051 3764 Etruscos
1068 3698 1147 3763 suem

113 3786 233 3852 neutri
250 3785 365 3852 finibus
384 3786 513 3874 egressi.

196 3880 241 3947 Et
263 3903 396 3947 censura
418 3880 503 3946 clara
524 3903 561 3947 eo
584 3904 666 3948 anno
683 3879 772 3969 Appi
791 3880 922 3949 Claudii
939 3874 972 3950 et
992 3885 1032 3953 C.
1049 3879 1146 3953 Plautii

99 3973 208 4054 afuit,
231 3976 402 4059 memoriae
419 3984 525 4042 tamen
542 3976 689 4044 felicioris
709 3977 749 4042 ad
765 3987 913 4063 posteros
931 3979 1050 4048 riomen
1065 3973 1146 4065 Appi.
