2566 4524
145 229 211 298 384
400 239 517 298 LIBER
535 237 606 311 VII,
623 238 667 293 32.
679 238 722 294 33.
742 241 817 307 [au.
828 238 926 310 a411]

147 423 229 466 anno
251 398 372 465 familia
392 397 454 464 ista
476 396 687 476 consulatum,
714 418 778 481 quo
804 396 882 462 urbs
909 395 989 463 haec
1014 396 1143 462 consulem

97 518 130 566 ιι
147 494 294 575 habuit;”
319 493 489 559 nunciam
511 492 603 558 nobis
625 491 767 579 patribus
793 491 950 577 vobisque
976 491 1078 579 plebei
1096 513 1145 579 pro

146 590 286 656 miscuus
305 588 485 655 consulatus
498 596 584 674 patet
597 609 655 652 neo
667 587 807 674 generis,
826 596 965 667 utente,
984 589 1041 653 sed
1052 585 1144 652 virtutis

147 695 196 763 est
212 682 396 772 praemium.
431 683 562 769 proinde
580 704 738 748 summum
757 682 905 768 quodque
924 690 1075 769 spectate,
1089 680 1146 746 nili·

97 789 210 859 15tes,
237 778 344 844 decus
380 799 444 843 non
465 776 494 842 si
515 775 593 841 mihi
618 799 735 842 novum
759 776 821 842 hoc
844 775 978 842 Corvini
1004 796 1147 864 cognonen

147 873 208 939 diis
231 870 410 938 auctoribus
432 869 575 937 homines
594 871 739 950 dedistis,
762 869 1002 936 Publicolarum
1019 879 1148 937 vetustum

98 989 129 1036 ιι
147 968 286 1034 familiae
302 977 428 1032 nostrae
447 988 622 1054 cognomen
639 966 790 1032 memoria
804 967 951 1032 excessit.
980 988 1094 1054 semper
1102 986 1149 1052 ego

146 1063 273 1150 plebem
294 1061 472 1127 Romanam
497 1060 626 1127 militiae
648 1061 809 1146 domique,
836 1061 996 1146 privatus,
1022 1060 1056 1127 in
1074 1059 1151 1147 magi·

147 1167 224 1224 strat
212 1157 296 1223 tibus
322 1157 428 1243 parvis
455 1156 655 1244 magnisque,
687 1179 787 1242 aeque
813 1155 958 1222 tribunus
990 1178 1029 1223 ac
1057 1153 1176 1273 consul,

147 1254 259 1319 eodem
280 1261 388 1318 tenore
408 1273 466 1337 per
487 1274 597 1318 omnes
619 1251 767 1338 deinceps
791 1252 973 1317 consulatus
997 1251 1066 1318 colo
1081 1232 1176 1347 atquel

97 1367 128 1414 ι(
148 1346 240 1413 colui.
283 1368 367 1412 nunc
385 1345 497 1432 quod
487 1355 596 1425 mstat,
616 1346 676 1412 diis
693 1345 775 1412 bene
792 1344 976 1413 iuvantibus
995 1353 1154 1412 novumat·

148 1464 209 1526 que
226 1443 385 1528 integrm
402 1442 442 1506 de
462 1395 657 1508 Samnitibus
674 1441 868 1527 triumphum
885 1462 1015 1508 mecum
1032 1438 1133 1528 petite'
1174 1462 1176 1469 ·

115 1557 128 1604 1
211 1535 385 1600 XXXIII.
420 1534 492 1600 Non
509 1535 586 1601 alias
604 1534 696 1599 militi
712 1535 894 1601 familiarior
911 1535 979 1601 dux
996 1535 1058 1601 fuit
1073 1532 1158 1602 omnia

113 1630 230 1696 ainter
251 1628 376 1695 infimos
400 1628 535 1694 militum
556 1629 642 1694 haud
664 1639 793 1716 gravate
819 1629 927 1694 munia
953 1629 1107 1696 obeundo.
1134 1628 1176 1692 in÷

147 1723 222 1789 ludo
234 1744 309 1809 prae
311 1731 396 1788 terea
408 1721 547 1834 militari,
567 1744 639 1788 cum
657 1723 812 1789 velocitat'
791 1731 831 1787 trs
849 1722 1030 1835 viriumque
1047 1724 1121 1789 inter
1133 1742 1176 1813 se

148 1819 295 1904 aequales
309 1819 480 1883 certamina
491 1818 613 1898 ineunt,
633 1818 763 1885 comiter
775 1818 1036 1901 facilis,'v1ncere
1048 1843 1085 1887 ao
1095 1784 1176 1886 vincli

148 1912 238 1977 vultu
251 1913 362 1979 eodem
374 1933 433 1978 nec
446 1934 637 1998 quemquam
655 1914 816 2000 aspernari
831 1935 942 2000 parem
960 1915 1018 1999 qui
1037 1937 1070 1982 se
1087 1890 1176 1985 offer·

114 2027 130 2074 3
149 2017 210 2085 ret,
238 2006 311 2072 fact
290 2017 330 2072 trs
352 2006 508 2093 benignus
531 2030 588 2093 pro
610 2031 658 2087 re,
685 2008 777 2073 dictis
798 2006 885 2074 haud
901 2008 1011 2076 minus
1029 2007 1176 2078 liberatis

148 2100 269 2165 alienae
286 2122 382 2185 quam
400 2122 475 2166 snae
493 2101 655 2188 dignitatis
673 2112 855 2183 memoret,
874 2124 938 2187 quo
955 2104 1038 2170 nihil
1050 2103 1162 2192 popula·

148 2194 214 2261 rius
233 2204 293 2274 est,
313 2195 427 2280 quibus
446 2195 565 2262 artibus
584 2196 716 2283 petierat
728 2197 945 2284 magistratus,
963 2198 1081 2266 iisdem
1091 2219 1163 2287 gero·

114 2311 131 2356 4
149 2289 213 2356 bat.
256 2291 362 2375 itaque
385 2291 551 2357 universus
574 2292 729 2357 exercitus
753 2292 928 2358 incredibili
946 2293 1106 2360 alacritate
1119 2291 1163 2358 ud·

113 2406 130 2454 5
148 2384 356 2451 hortationem
373 2396 558 2472 prosecutus
577 2386 665 2452 ducis
684 2387 794 2452 castris
813 2387 983 2473 egreditur.
1017 2384 1176 2476 proeliumf

148 2491 184 2545 ut
201 2482 287 2565 quod
304 2482 440 2546 maxime
458 2502 623 2564 umquam,
641 2481 710 2566 pari
724 2503 794 2566 spe,
811 2481 970 2567 utrimque
985 2485 1094 2569 aequis
1105 2479 1176 2548 viri-⁴

149 2574 224 2654 bus,
244 2598 317 2641 cum
330 2575 445 2641 fiducia
458 2575 521 2654 sui,
542 2575 609 2641 sine
623 2584 805 2661 contemptu
819 2576 958 2641 hostium
974 2578 1161 2644 commissum

113 2679 206 2738 cest.
254 2667 448 2735 Samnitibus
472 2670 621 2735 ferociam
643 2669 802 2757 augebant
823 2692 924 2736 novae
946 2694 1001 2738 res
1024 2676 1161 2760 gestaeet

148 2785 267 2848 paucos
286 2772 358 2828 ante
377 2765 443 2828 dies
461 2764 620 2850 geminata
637 2765 781 2844 victoria,
804 2764 958 2831 Romanis
979 2779 1088 2832 contra
1103 2784 1161 2850 qua·

150 2857 386 2941 dringentorum
414 2881 566 2922 annorum
588 2859 702 2924 decora
723 2868 755 2923 et
777 2859 920 2925 conditae
944 2859 1019 2926 urbi
1040 2855 1159 2945 aequali!

117 2949 294 3030 evictoria3
331 2951 470 3036 utrisque
501 2962 607 3017 tamen
636 2975 738 3018 novus
768 2952 869 3019 hostis
896 2976 1009 3019 curam
1035 2951 1158 3021 addebat

148 3067 256 3131 pugna
281 3046 396 3113 indicio
423 3047 495 3126 fuit,
523 3069 603 3132 quos
630 3048 785 3135 gesserint
812 3049 949 3114 animos:
978 3045 1158 3135 namquein

149 3140 367 3220 conflixerunt,
386 3151 422 3205 ut
435 3142 628 3226 aliquamdiu
644 3143 678 3206 in
694 3152 836 3207 neutram
855 3153 979 3229 partem
997 3142 1157 3209 inclinarat

113 3254 130 3302 8
149 3236 242 3301 acies.
270 3245 338 3301 tum
352 3236 462 3302 consul
475 3237 713 3322 trepidationem
727 3237 918 3302 iniciendam
931 3248 1038 3319 ratus,
1055 3232 1155 3324 quaudo

148 3331 180 3394 vi
204 3331 280 3416 pelli
304 3355 369 3398 non
389 3341 546 3418 poterant,
575 3333 731 3416 equitibus
758 3332 897 3399 inmissis
926 3333 1056 3402 turbare
1079 3330 1155 3420 prim

115 3443 130 3489 9
151 3424 241 3509 signa
263 3425 401 3492 hostium
424 3435 561 3492 conatur.
607 3448 686 3510 quos
704 3425 760 3491 ubi
777 3427 972 3511 nequiquam
990 3427 1153 3494 tumultun·

149 3520 248 3584 tesin
215 3520 367 3605 mepatio
385 3520 500 3608 exiguo
514 3520 639 3585 volvere
654 3529 772 3586 turmas
786 3521 866 3586 vidit
852 3529 938 3587 tneo
951 3545 1048 3609 posse
1060 3515 1150 3607 aperld

148 3614 181 3677 in
202 3612 273 3678 host
261 3622 308 3679 tes
330 3614 428 3694 viam,
455 3624 561 3681 revect
562 3637 600 3680 us
548 3614 738 3680 ttad
684 3615 908 3725 antesignanos
926 3616 1085 3704 legionum
1098 3624 1147 3683 ιιι

9 3755 12 3762 -
99 3728 131 3776 ro
149 3708 326 3774 desiluisset
344 3731 384 3775 ex
402 3731 497 3794 equo.
526 3709 694 3777 ‘'nostrum
711 3710 813 3794 inquit
831 3711 991 3797 ‘peditum
1007 3709 1090 3786 illud,
1105 3698 1145 3767 ml·

147 3803 232 3882 lites,
252 3813 301 3869 est
314 3827 407 3890 opus3
427 3804 601 3891 agitedum,
621 3817 656 3871 ut
672 3828 724 3872 me
741 3805 896 3890 videritis,
915 3813 1142 3891 quacumque&

149 3921 273 3965 cessero
295 3901 330 3964 in
350 3901 450 3966 aciem
472 3901 554 3967 host
532 3912 625 3982 trum,
647 3902 779 3968 ferro'
748 3925 834 3968 uam
851 3901 1033 3981 facientem,
1052 3896 1138 3975 sic}¹⁰
1165 3896 1176 3979 g

148 3998 334 4083 aequisque
353 3998 516 4066 obviost
488 4001 584 4067 sterni
584 4010 628 4068 te:
584 4001 710 4066 tilla
731 4001 851 4081 omnia,
873 4023 937 4087 qua
952 4021 1035 4065 nunc
1051 3996 1134 4061 eracln
1158 3984 1176 4082 ,⁴
