2566 4524
148 260 212 326 360
355 271 560 340 emautur,
579 268 675 324 rou.
695 270 769 336 [au.
783 269 966 340 asoa-soa]

148 439 272 497 scutum
288 430 388 493 imum
404 427 589 512 perculisset
607 436 733 510 totoque
752 449 880 513 corpore
893 427 1022 495 interior
1033 430 1146 516 periculo

146 523 284 589 vulneris
307 524 409 587 sactus
431 521 621 587 insinuasset
643 543 677 586 se
694 521 774 585 inter
792 543 906 608 corpus
924 545 1084 608 armaque,
1103 548 1146 591 mo

148 619 306 700 alteroque
325 614 457 683 subinde
474 615 540 680 ictu
556 624 697 681 ventrem
714 624 808 698 atque
825 615 958 702 inguina
974 617 1078 685 hausit
1092 619 1147 684 etin

97 733 129 785 11
148 712 285 799 spatium
306 710 419 797 ingens
445 719 586 775 ruentem
612 709 750 795 porrexit
774 708 908 776 hostem.
944 711 1073 780 iacentis
1095 712 1148 778 iude

147 828 261 891 corpus
283 803 324 871 ab
346 803 431 870 omni
450 803 513 869 alia
535 803 699 868 vexatione
720 803 872 869 intactum
890 828 955 873 uno
974 815 1081 892 torque
1095 829 1149 893 spo·

97 921 129 970 12
146 900 248 978 liavit,
268 920 361 983 quem
378 920 556 984 respersum
574 920 683 963 cruore
701 898 781 964 collo
799 899 1007 966 circumdedit
1024 922 1087 967 suo.
1106 901 1148 966 de·

146 994 258 1060 fixerat
274 1015 373 1079 pavor
389 1015 462 1058 oum
479 992 683 1057 admiratione
698 988 822 1058 Gallos:
840 992 980 1059 Romani
996 993 1146 1061 alacresab

147 1089 280 1155 statione
303 1088 429 1154 obviam
451 1087 542 1151 militi
561 1109 618 1151 suo
635 1087 809 1173 progressi,
830 1087 1025 1173 gratulantes
1043 1089 1149 1154 laudan
1192 1164 1194 1171 ¹

97 1201 130 1251 1³
147 1193 257 1267 tesque
283 1183 324 1249 ad
351 1182 532 1246 dictatorem
558 1181 742 1266 perducunt
777 1182 857 1246 inter
878 1183 1053 1248 carminum
1072 1203 1150 1271 prope
1191 1222 1194 1249 ι

102 1348 104 1353 ,
123 1321 127 1328 ·
146 1279 276 1343 modum
292 1276 451 1342 incondita
468 1276 622 1359 quaedam
639 1275 811 1340 militariter
826 1275 1002 1342 ioculantes
1020 1276 1151 1362 Torquati
1191 1282 1194 1293 ’

147 1393 322 1460 cognomen
339 1371 494 1449 auditum3
518 1369 708 1436 celebratum
725 1370 838 1435 deinde
854 1372 990 1457 posteris
1009 1372 1099 1437 etiam
1116 1371 1152 1435 fa·
1191 1404 1194 1441 ÷

97 1482 131 1534 14
147 1468 313 1551 miliaeque
339 1465 448 1530 honori
474 1464 543 1529 fuit.
579 1465 712 1545 dictator
733 1486 880 1530 coronam
902 1488 1031 1530 auream
1053 1465 1152 1531 addidit
1190 1458 1194 1505 ¹¹

147 1560 265 1626 donum
281 1559 431 1642 mirisque
447 1581 504 1645 pro
522 1559 665 1624 contione
683 1580 753 1624 eam
770 1580 911 1645 pugnam
927 1558 1075 1626 laudibus
1088 1559 1152 1624 tulit
1189 1554 1194 1633 J

113 1671 128 1722 1
210 1653 275 1719 XL
309 1653 355 1718 Et
379 1652 505 1718 hercule
531 1653 609 1717 tanti
635 1675 673 1717 ea
698 1653 739 1716 ad
763 1652 902 1717 universi
927 1651 1003 1718 balli
1026 1663 1152 1719 eventum
1191 1654 1194 1667 ’

146 1748 296 1815 momenti
318 1747 475 1813 dimicatio
496 1747 571 1824 fuit,
598 1756 633 1811 ut
655 1742 819 1813 Gallorum
845 1747 1000 1813 exercitus
1027 1749 1152 1834 proxima

146 1852 238 1910 nocte
263 1843 379 1908 relictis
406 1842 525 1926 trepide
551 1841 660 1906 castris
687 1841 721 1905 in
747 1840 910 1906 Tiburtem
937 1865 1050 1930 agrum
1075 1853 1152 1927 atque

146 1938 234 2015 inde,
262 1937 410 2003 societate
431 1935 506 2001 belli
527 1936 612 2000 facta
633 1945 870 2021 commeatuque
893 1935 1030 2024 benigne
1053 1937 1090 2003 ab
1110 1935 1152 2001 ll·
1192 1944 1194 1989 !

112 2029 290 2096 aburtibus
312 2029 452 2106 adiutus,
478 2050 553 2093 mox
573 2030 607 2092 in
626 2027 832 2114 Campaniam
854 2031 1020 2096 transierit.
1057 2054 1092 2096 ea
1105 2029 1152 2094 fuit
1191 2042 1194 2055 “

147 2146 256 2201 causa,
275 2145 330 2188 cur
346 2123 489 2208 proximo
503 2145 585 2187 anno
599 2121 637 2188 O.
647 2122 806 2189 Poetelius
818 2124 1077 2203 Balbus-consul,
1095 2145 1151 2189 cun

147 2216 286 2305 collegae
307 2217 375 2283 eius
396 2216 444 2282 M.
466 2215 567 2282 Fabio
585 2216 744 2282 Ambusto
761 2217 894 2281 Hernici
914 2218 1077 2304 provincia
1096 2237 1152 2282 eve·

145 2311 258 2389 nisset,
277 2312 427 2377 adversus
446 2311 593 2376 Tiburtes
611 2311 701 2375 iussu
717 2312 825 2397 populi
842 2312 1015 2377 exercitum
1033 2300 1160 2377 duceret‘

112 2407 187 2472 uad
212 2427 345 2490 quorum
372 2405 521 2471 auxilium
544 2427 615 2469 cum
639 2403 724 2470 Galli
746 2428 786 2469 ex
809 2404 984 2490 Campania
1005 2407 1150 2478 redissent,
1191 2436 1194 2485 q

145 2501 257 2565 foedae
274 2500 485 2586 populationis
503 2501 536 2563 in
553 2499 717 2564 Labicano
735 2499 979 2583 Tusculanoque
998 2510 1030 2565 et
1042 2499 1150 2564 Albano
1192 2500 1194 2525 ¹

111 2611 129 2659 4
146 2617 222 2682 agro
240 2594 436 2659 hauddubie
455 2593 638 2658 Tiburtibus
657 2593 790 2660 ducibus
809 2603 882 2658 sunt
898 2593 1012 2659 factae.
1049 2603 1151 2658 etcum

146 2691 297 2754 adversus
312 2689 476 2754 Tiburtem
494 2688 617 2752 hostem
636 2689 714 2752 duce
733 2687 860 2753 consule
878 2697 1027 2753 contenta
1043 2711 1091 2753 res
1107 2708 1152 2771 pu·

146 2783 229 2848 blica
251 2791 348 2858 esset,
378 2780 518 2846 Gallicus
545 2781 695 2846 tumultus
722 2783 904 2848 dictatorem
931 2783 1031 2847 creari
1057 2779 1151 2866 coegit.

147 2886 269 2941 creatus
301 2875 341 2959 Q.
375 2873 526 2942 Servilius
556 2876 661 2941 Ahala
693 2876 731 2941 T.
763 2875 947 2959 Quinctium
983 2878 1152 2964 magistrum

148 2970 288 3054 equitum
314 2971 394 3035 dixit
419 2980 451 3035 et
477 2994 517 3035 ex
542 2971 723 3036 auctoritate
749 2980 888 3055 patrum,
917 2971 944 3035 si
966 2993 1110 3057 prospere
1127 2965 1151 3031 id

112 3064 264 3134 abellam
282 3065 450 3143 evenisset,
473 3064 563 3130 ludos
582 3087 714 3151 magnos
733 3065 828 3129 vovit.
865 3064 1013 3142 dictator,
1037 3066 1077 3129 ad
1094 3085 1152 3128 con·

145 3160 289 3226 tinendos
315 3162 440 3246 proprio
466 3159 548 3224 bello
571 3158 710 3224 Tiburtis
738 3158 894 3223 consulari
919 3159 1061 3224 exercitu
1081 3159 1150 3223 iusso

146 3277 285 3333 manere,
304 3277 412 3321 omnes
424 3253 571 3329 iuniores,
590 3253 675 3317 nullo
689 3253 879 3317 detractante
893 3252 1048 3330 militiam,
1067 3272 1149 3317 sacra·

112 3368 127 3417 t
144 3358 250 3413 mento
272 3349 387 3435 adegit.
423 3356 598 3432 pugnatum
618 3346 704 3410 haud
725 3345 833 3431 procul
858 3356 948 3430 porta
972 3344 1095 3411 Collina
1115 3350 1149 3407 est

145 3441 241 3505 totius
263 3441 381 3506 viribus
404 3441 490 3506 urbis
512 3441 545 3504 in
567 3450 735 3526 conspectu
752 3451 917 3524 parentum
935 3440 1147 3527 coniugumque

145 3557 182 3600 aa
203 3535 385 3613 liberorum,
413 3558 493 3621 quae
515 3558 630 3621 magna
652 3535 744 3599 etiam
767 3533 950 3598 absentibus
973 3534 1147 3599 hortamenta

144 3628 240 3693 animi
262 3638 329 3693 tum
352 3628 492 3695 subiecta
509 3628 606 3694 oculis
626 3628 718 3693 simul
736 3627 923 3692 verecundia
941 3625 1145 3693 misericordia·

112 3743 206 3809 uque
228 3723 358 3788 militem
380 3723 600 3789 accendebant.
637 3746 753 3809 magna
778 3722 934 3806 utrimque
962 3723 1045 3788 edita
1069 3716 1142 3786 caede

144 3817 294 3883 avertitur
311 3817 437 3882 tandem
455 3817 538 3882 acies
554 3814 726 3882 Gallorumss
754 3815 832 3902 fuga
845 3814 947 3881 Tibur
965 3817 1045 3882 sicut
1061 3829 1139 3878 meru

19 3916 24 3925 '
143 3911 217 3979 belli
231 3910 345 3980 Gallici
362 3920 484 3998 petunt:
506 3911 602 3998 palati
620 3936 640 3976 a
656 3910 784 3976 consule
797 3909 938 3975 Poetelio
956 3910 1040 3975 haud
1054 3896 1138 3994 procul
1192 3946 1194 3951 -

144 4004 261 4074 Tibure
287 4005 422 4092 excepti,
450 4006 585 4092 egressis
613 4005 653 4070 ad
680 4026 771 4091 opem
797 4003 960 4069 ferendam
981 3995 1136 4067 Tiburtibut
