2566 4524
146 240 210 338 234
357 281 475 337 LIBER
493 280 566 351 1111,
583 280 625 334 43.
638 278 681 336 44.
697 283 775 345 [au.
787 279 970 349 osae-336]

97 442 259 514 remediis
287 442 469 528 copularent
491 437 703 516 concordiam,
730 447 835 523 patres
863 437 1013 523 patiendo
1040 436 1155 503 tribunos

146 538 280 602 militum
306 558 363 621 pro
390 533 571 600 consuhbus
599 534 680 611 lieri,
707 533 824 598 tribuni
849 533 937 619 plebi
961 556 1026 599 non
1052 533 1155 597 interce

147 633 264 708 dendo,
304 629 472 714 quominus
491 638 638 712 quattuor
654 639 838 713 quaestores
857 622 1016 715 promisce
1033 628 1073 693 de
1088 627 1155 714 plebe

147 749 185 792 ae
201 723 344 811 patribus
361 723 460 788 libero
479 722 630 809 suffragio
648 723 757 809 populi
775 723 893 788 fierent.

114 843 128 890 1
211 817 440 884 XXXXIIII.
473 817 656 882 Tribunicia
673 819 809 904 primum
827 818 955 883 comitia
973 830 1046 884 sunt
1063 817 1153 882 habita

148 915 244 979 creati
262 913 378 977 tribuni
392 911 549 977 consulari
562 922 717 997 potestate
731 934 840 978 omnes
854 912 991 997 patricii:
1009 914 1050 977 L.
1062 911 1153 995 Quina

148 1009 210 1073 tius
230 1006 436 1073 Cincinnatus
454 1007 559 1084 terti0‚
577 1007 619 1072 L.
638 1007 754 1072 Furius
772 1007 969 1072 Medullinus
988 1008 1106 1082 iterum,
1121 1002 1152 1068 bl.

112 1125 129 1173 2
147 1103 304 1181 Manlius,
332 1101 375 1167 A.
397 1100 602 1187 Sempronius
621 1101 796 1167 Atratinus.
832 1101 894 1167 hoc
912 1102 1038 1168 tribuno
1056 1099 1152 1167 comitis

147 1208 349 1282 quaestorum
372 1196 507 1261 habente
529 1196 771 1280 petentibusque
792 1197 874 1261 inter
896 1196 1015 1281 aliquot
1041 1193 1152 1282 plebeios

148 1292 212 1358 filio
229 1290 351 1357 Antisti
369 1291 485 1356 tribuni
502 1290 604 1376 plebis
627 1301 658 1355 et
679 1291 775 1355 fratre
798 1291 924 1356 alterius
948 1287 1153 1376 tribuniplebis

151 1384 242 1452 Sexti
259 1385 411 1471 Pompili,
431 1407 489 1450 neo
507 1395 646 1470 potestas
664 1407 723 1449 nec
741 1384 926 1472 suffragatio
944 1386 1057 1450 horum
1073 1383 1155 1455 valuit,

148 1483 234 1566 quin,
253 1504 386 1564 quorum
404 1492 508 1566 patres
527 1502 667 1565 avosque
685 1481 830 1546 consules
849 1481 1002 1560 viderant,
1022 1504 1074 1546 eos
1090 1477 1155 1544 nobi-

113 1598 130 1644 3
149 1575 236 1640 litate
254 1576 455 1660 praeferrent.
483 1575 587 1640 furere
606 1598 715 1641 omnes
734 1575 850 1640 tribuni
868 1575 963 1662 plebi,
983 1586 1055 1641 ante
1073 1592 1155 1640 omres

114 1691 131 1737 4
149 1669 325 1757 Pompilius
344 1669 565 1754 Antistiusque
583 1671 709 1756 repulsa
727 1693 856 1735 suorum
874 1673 1014 1736 accensit
1034 1671 1155 1755 quidnam

148 1764 182 1830 id
199 1766 245 1831 rei
262 1775 355 1843 esset,
375 1766 460 1849 quod
477 1788 541 1829 non
560 1766 625 1830 suis
645 1765 813 1843 beneficiis,
832 1788 896 1830 non
913 1776 1039 1852 patrum
1053 1764 1155 1836 iniuriis

149 1883 212 1924 non
230 1861 365 1944 denique
382 1860 554 1946 usurpandi
572 1860 711 1937 libidine,
730 1882 802 1924 oum
820 1859 913 1924 liceat
930 1862 1015 1944 quod
1031 1872 1100 1925 ante
1113 1856 1155 1922 noi

149 1953 280 2030 licuerit,
300 1954 328 2018 si
341 1976 405 2017 non
418 1953 578 2018 tribunum
592 1954 766 2031 militarem,
786 1993 828 2001 —
846 1977 886 2018 ne
901 1965 1097 2038 quaestorem
1109 1951 1155 2036 qui

115 2067 131 2114 5
150 2046 223 2110 dem
241 2068 430 2131 quemquam
449 2070 489 2111 ex
506 2047 597 2133 plebe
615 2047 748 2112 factumi
773 2071 836 2113 non
854 2049 992 2114 valuisse
1011 2050 1104 2134 patris
1118 2066 1155 2132 pre

149 2141 223 2220 filio,
242 2142 347 2207 fratris
365 2165 422 2229 pro
440 2143 536 2207 fratre
554 2164 677 2228 preces,
697 2143 892 2208 tribunorum
910 2144 1027 2229 plebis,
1047 2152 1155 2230 potesta

150 2236 190 2302 tis
214 2249 433 2303 sacrosanctae
455 2239 497 2302 ad
519 2238 669 2302 auxilium
692 2237 843 2303 libertatis
871 2249 1003 2302 creatae.
1040 2236 1155 2303 fraudet

149 2332 291 2416 profecto
309 2332 343 2396 in
360 2355 394 2397 re
413 2355 484 2398 esse
503 2342 534 2396 et
550 2332 594 2397 A.
614 2329 838 2417 Sempronium
860 2333 994 2397 comitiis
1019 2333 1088 2418 plus
1104 2326 1155 2395 arti

150 2426 331 2492 adhibuisse
350 2451 446 2512 quam
463 2428 546 2492 fidei.
582 2427 649 2492 eius
668 2427 780 2491 iniuria
798 2427 886 2511 queri
904 2450 979 2492 suos
998 2427 1111 2492 honore
1122 2423 1155 2488 de

115 2520 257 2588 eiectos.
294 2523 400 2606 itaque
423 2546 495 2587 oum
517 2522 548 2585 in
572 2522 676 2606 ipsum
699 2532 730 2585 et
747 2522 926 2587 innocentia
948 2533 1052 2587 tutum
1070 2533 1098 2587 et
1112 2538 1155 2583 na

149 2616 292 2702 gistratu,
311 2617 345 2679 in
363 2639 425 2700 quo
444 2628 519 2680 tunc
533 2626 608 2692 erat,
627 2617 762 2701 impetus
776 2616 844 2682 lieri
857 2639 918 2680 non
932 2629 1051 2701 posset,
1070 2617 1155 2681 flexas

150 2710 213 2774 iras
231 2710 265 2774 in
280 2709 318 2774 C.
331 2708 562 2796 Sempronium,
581 2712 753 2795 patruelem
766 2710 915 2789 Atratini,
935 2712 1027 2796 eique
1041 2712 1080 2777 ob
1092 2711 1155 2797 igue

150 2804 280 2867 miniam
302 2802 413 2868 Volsci
438 2805 512 2869 belli
535 2805 675 2870 adiutore
703 2806 824 2892 collega
846 2805 893 2870 M.
918 2805 1073 2872 Canuleio
1096 2804 1155 2891 thel]

117 2896 267 2964 edixere.
305 2897 438 2963 subinde
465 2899 505 2964 ab
527 2900 629 2964 isdem
653 2900 783 2965 tribunis
806 2901 923 2965 mentio
950 2902 984 2965 in
1006 2894 1155 2983 senatud

151 2991 235 3077 agris
254 2991 430 3058 dividendis
448 2993 535 3058 illata
553 3005 610 3072 est,
630 2995 680 3059 cui
698 2995 813 3059 actioni
832 3018 957 3080 semper
976 2984 1155 3062 acerrimelb¹

152 3083 358 3173 Sempronius
380 3089 551 3168 rest'terat,
577 3089 667 3166 ratis,
694 3090 728 3154 id
749 3090 834 3174 quod
857 3100 936 3168 erat,
965 3104 1020 3155 aut
1042 3084 1155 3177 deponit

150 3202 247 3246 causa
264 3182 413 3248 leviorem
431 3183 572 3248 futurum
592 3183 677 3268 apud
693 3193 799 3268 patres
813 3207 902 3247 reum
915 3195 968 3248 aut
981 3190 1155 3271 perseverant

114 3297 131 3345 8
149 3286 213 3340 tem
232 3276 291 3341 sub
308 3278 415 3342 iudicii
434 3288 557 3363 tempus
581 3276 705 3363 plebem
724 3277 926 3343 offensurum.
964 3280 1109 3344 adversae
1124 3273 1146 3289 ''

150 3369 252 3433 vidiae
276 3370 358 3436 obici
380 3373 489 3437 maluit
511 3383 542 3436 et
560 3393 636 3436 suae
658 3394 771 3436 nocere
793 3395 907 3437 causae
925 3394 1021 3457 quam
1039 3369 1116 3459 pub'
1141 3376 1144 3381 '

116 3483 131 3531 9
150 3463 275 3540 deesse,
299 3467 445 3549 stetitque
463 3467 496 3530 in
514 3467 624 3530 eadem
643 3467 810 3544 sententia,
833 3490 873 3531 ne
891 3489 955 3551 qua
972 3467 1093 3556 largitio

151 3581 224 3623 sura
241 3558 274 3621 in
292 3558 385 3623 trium
402 3561 536 3646 gratiam
554 3560 750 3625 tribunorum
768 3562 865 3626 fieret.
902 3583 961 3626 nec
984 3573 1049 3626 tam
1069 3586 1103 3649 a„

149 3650 244 3737 plebi,
265 3652 322 3716 sed
340 3653 399 3718 sibi
417 3655 566 3719 invidiam
585 3655 702 3739 quaeri.
731 3678 765 3719 se
778 3677 904 3738 quoque
919 3656 1092 3721 subiturum

150 3756 367 3832 tempestatem
384 3749 459 3814 forti
476 3750 590 3814 animo.
627 3771 686 3814 nec
709 3750 831 3814 senatui
854 3750 933 3823 tanti
951 3773 986 3815 se
1008 3751 1101 3815 civem
1128 3834 1131 3839 Ι

149 3863 340 3926 quemquam
357 3843 452 3908 alium
471 3843 584 3909 debere
603 3866 687 3922 esse,
711 3855 746 3909 ut
764 3847 797 3909 in
814 3845 972 3931 parcendo
990 3847 1044 3910 uni

100 3933 310 4023 republicum
328 3938 392 4002 fiat.
429 3939 525 4002 nihilo
549 3940 732 4004 demissiore
755 3941 874 4017 animo,
902 3962 976 4005 eum
998 3940 1064 4004 dies
1080 3916 1155 4005 aaa

149 4053 245 4098 eausa
272 4032 339 4117 ipse
362 4055 476 4117 prose
500 4034 597 4113 dicta,
625 4035 815 4118 nequiquam
838 4035 944 4100 omnia
967 4033 1096 4122 expertis
1111 4040 1155 4113 β·
