2566 4524
297 243 416 299 nsnna
433 243 504 315 vn,
522 243 547 300 a
561 243 586 300 a
606 243 844 316 [aeaco-ssa]
1023 236 1088 304 353

80 408 127 480 tor,
145 400 271 479 dicitur,
295 423 368 466 cum
387 401 513 487 saepius
532 410 711 480 revocatur,
735 424 846 469 vocem
864 404 1027 472 obtudisse
1045 418 1085 487 et,
1107 428 1121 478 9

80 495 152 562 senia
175 495 275 582 petita
299 517 433 581 puerum
460 497 500 561 ad
527 497 704 562 canendum
731 506 802 562 ante
829 498 989 566 tibicinem
1015 525 1088 568 cum

80 590 233 668 statuisset,
252 589 408 654 canticum
426 590 530 678 egisse
548 590 707 676 aliquanto
724 591 827 678 magis
845 593 972 680 vigente
989 605 1087 676 motu,

78 685 134 770 quia
148 685 226 750 nihil
243 684 331 750 vocis
348 707 426 750 usus
444 685 633 771 inpediebat
669 686 743 751 inde
761 687 802 751 ad
818 708 948 754 manum
970 692 1089 757 cantari
1107 712 1140 760 10

77 779 262 846 histrionibus
293 788 441 866 coeptum
470 779 674 864 diverbiaque
701 789 824 846 tantum
849 782 991 869 ipsorum
1018 785 1090 851 voci

77 874 174 940 relicta
209 882 380 961 postquam
400 873 472 961 lege
494 874 555 939 hac
576 874 755 941 fabularum
777 876 817 941 ab
835 877 903 943 risu
924 900 963 944 ac
984 879 1088 945 soluto
1107 900 1138 949 11

77 966 128 1034 ioco
148 990 199 1034 res
222 966 413 1035 avocabatur
435 978 467 1034 et
486 968 580 1034 ludus
603 969 637 1033 in
658 978 757 1034 artem
773 969 926 1056 paulatim
943 983 1088 1053 verterat,

77 1061 203 1128 iuventus
221 1060 425 1128 histrionibus
442 1061 636 1128 fabellarum
647 1073 720 1128 actu
736 1063 844 1129 relicto
863 1065 933 1151 ipsa
949 1065 1031 1131 inter
1054 1088 1089 1133 se

77 1179 145 1222 nore
175 1157 304 1240 antiquo
334 1157 466 1222 ridicula
490 1157 610 1223 intexta
635 1158 780 1223 versibus
806 1159 947 1225 iactitare
973 1161 1086 1246 coepit,

77 1271 140 1334 quae
158 1251 271 1316 exodia
286 1259 398 1337 postea
415 1251 572 1338 appellata
590 1261 795 1337 consertaque
813 1252 937 1318 fabellis
960 1254 1088 1339 potissi-

77 1366 147 1410 num
163 1344 321 1412 Atellanis
344 1354 425 1410 sunt.
462 1347 548 1430 quod
569 1369 670 1433 genus
692 1346 838 1411 ludorum
860 1347 900 1413 ab
921 1345 1016 1414 Oscis
1035 1371 1088 1415 ao·
1107 1369 1140 1418 12

77 1449 184 1525 ceptum
211 1440 311 1505 tenuit
335 1439 482 1506 iuventus
504 1463 563 1506 nec
584 1441 624 1507 ab
646 1441 850 1508 histrionibus
872 1442 972 1528 pollui
991 1466 1089 1531 passa

77 1543 121 1599 est
158 1557 195 1600 eo
221 1533 399 1599 institutum
424 1544 544 1613 manet,
575 1545 611 1601 ut
637 1544 757 1601 actores
783 1535 1003 1603 Atellanarum
1029 1559 1090 1603 nec

77 1626 144 1693 tribu
160 1624 346 1694 moveantur
363 1638 395 1694 et
412 1629 581 1715 stipendia,
605 1639 766 1714 tamquam
784 1641 928 1718 expertes
946 1631 1022 1698 artis
1040 1632 1090 1697 lu-

77 1718 177 1800 dicrae,
195 1722 322 1788 faciant.
350 1723 431 1788 inter
443 1723 574 1788 aliarum
591 1746 689 1809 parva
705 1724 859 1812 principia
875 1748 981 1790 rerum
997 1724 1089 1791 ludo·
1108 1745 1140 1795 13

77 1835 131 1881 sum
151 1840 276 1902 quoque
297 1818 399 1903 prima
421 1819 509 1906 origo
527 1820 673 1904 ponenda
689 1819 759 1883 visa
777 1831 838 1897 est,
861 1830 897 1885 ut
915 1829 1087 1905 appareret,

77 1929 155 1993 quam
175 1912 216 1978 ab
240 1935 316 1977 sano
338 1911 427 1978 initio
448 1935 499 1978 res
521 1913 555 1978 in
571 1913 654 1979 hanc
670 1913 725 1978 vix
743 1914 898 2000 opulentis
916 1914 1023 2001 regnis
1041 1923 1090 1980 to·

77 2000 220 2072 larabilem
237 2007 392 2072 insaniam
410 2009 538 2073 venerit.

116 2099 186 2165 ΠΙ.
218 2101 286 2166 Nee
303 2111 408 2167 tamen
424 2101 571 2168 ludorum
588 2104 725 2188 primum
742 2103 864 2168 initium
882 2103 1088 2188 procurandis
1108 2123 1122 2171 1

77 2192 262 2281 religionibus
281 2196 388 2261 datum
407 2212 462 2263 aut
478 2197 629 2283 religione
647 2198 768 2261 animos
787 2207 841 2262 aut
859 2219 990 2283 corpora
1006 2221 1091 2263 mor-

77 2283 114 2354 bis
132 2290 261 2371 levavit,
289 2291 366 2374 quin
387 2291 495 2368 etiam,
523 2312 596 2355 cum
617 2291 738 2356 medios
760 2290 842 2355 forte
868 2289 961 2356 ludos
988 2291 1089 2357 circus
1109 2311 1124 2357 2

77 2376 170 2451 Tiberi
187 2385 355 2472 superfuso
371 2386 527 2473 inrigatus
544 2384 730 2470 inpedisset,
753 2384 787 2448 id
804 2406 879 2448 vero
897 2384 984 2449 velut
1001 2408 1091 2451 aver-

77 2476 182 2547 sistam
199 2479 260 2544 diis
279 2480 581 2567 aspernantibusque
598 2479 776 2565 placamina
792 2479 856 2544 irae
875 2487 1026 2549 terrorem
1042 2481 1091 2544 in-

77 2583 186 2660 gentem
207 2574 293 2640 fecit.
328 2575 434 2660 itaque
458 2573 496 2640 Ο.
521 2571 679 2653 Genucio,
702 2572 743 2639 L.
761 2572 901 2640 Aemilio
923 2572 1087 2639 Mamerco
1107 2593 1122 2641 3

77 2669 173 2749 'terrun
190 2667 373 2735 consulibus
392 2692 466 2735 eum
482 2669 679 2756 piaculorum
696 2669 798 2756 magis
817 2667 1005 2752 conquisitio
1023 2667 1091 2732 ani·

77 2784 130 2830 nos
151 2786 248 2849 qnam
271 2787 401 2851 corpora
419 2765 521 2830 morbi
538 2764 721 2843 adficerent,
744 2764 913 2851 repetitum
930 2785 970 2828 ex
989 2761 1092 2828 senio-

77 2880 130 2925 um
147 2860 299 2925 memoria
315 2860 438 2938 dicitur,
457 2859 668 2945 pestilentiam
685 2860 845 2944 quondam
863 2859 952 2924 clavo
971 2857 1012 2925 ab
1026 2858 1092 2924 dic-

77 2963 159 3021 atore
181 2954 245 3019 fixo
265 2955 415 3020 sedatam.
452 2977 490 3019 ea
505 2955 656 3040 religione
673 2955 828 3020 adductus
847 2963 975 3019 senatus
993 2953 1091 3017 dicta-
1108 2973 1126 3019 4

77 3071 161 3116 orem
183 3049 264 3114 clavi
285 3049 404 3138 figendi
427 3071 523 3116 causa
544 3051 607 3115 dici
628 3050 729 3115 iussit
766 3050 869 3114 dictus
887 3050 929 3114 L.
948 3048 1089 3113 Manlius

77 3142 254 3230 inperiosus
271 3143 313 3210 L.
331 3143 495 3210 Pinarium
512 3146 700 3232 magistrum
718 3143 859 3227 equitum
877 3142 964 3206 dixit.

124 3238 199 3305 Lex
219 3248 345 3304 vetusta
367 3248 429 3318 est,
455 3240 567 3326 priscis
590 3239 689 3303 literis
706 3237 875 3320 verbisque
898 3235 1028 3321 scripta,
1056 3242 1091 3297 ut
1109 3254 1125 3302 o

77 3333 115 3418 sui
143 3343 271 3420 praetor
300 3335 457 3400 maximus
488 3334 530 3399 sit
559 3334 664 3399 idibus
696 3329 936 3419 Septembribus
968 3328 1092 3394 clavum

77 3436 189 3515 angat.
224 3427 289 3494 fixa
306 3428 368 3494 suit
384 3429 494 3494 dextro
512 3428 602 3495 lateri
619 3427 706 3505 aedis
719 3426 806 3492 Iovis
825 3424 935 3511 optimi
951 3423 1091 3506 maximi,

77 3542 101 3591 x
117 3542 183 3606 qua
203 3532 293 3608 parte
309 3521 475 3588 Minervae
497 3520 650 3608 templum
671 3531 728 3587 est.
765 3542 838 3585 eum
856 3518 995 3597 clavum,
1018 3517 1093 3603 quia
1111 3538 1126 3586 o

77 3639 149 3683 arae
167 3639 225 3703 per
242 3639 280 3682 ea
302 3626 443 3704 tempora
463 3617 572 3682 literae
594 3624 696 3694 erant,
722 3624 830 3680 notam
851 3613 974 3679 numeri
995 3634 1094 3678 anno-

77 3733 131 3789 usn
147 3710 250 3779 fuisse
267 3711 388 3791 ferunt,
405 3732 506 3796 eoque
519 3709 684 3776 Minervae
698 3709 815 3796 templo
829 3707 965 3774 dicatam
977 3707 1090 3793 legem,
1111 3728 1125 3774 s

77 3804 136 3891 pia
161 3827 313 3876 numerus
334 3805 500 3873 Minervas
521 3805 684 3872 inventum
707 3804 756 3870 sit.
792 3801 945 3871 Volsiniis
967 3821 1093 3886 quoque

77 3899 172 3968 lesos
196 3898 318 3967 indices
343 3900 467 3967 numeri
492 3922 645 3967 annorum
665 3899 748 3965 fixos
769 3898 803 3965 in
826 3897 943 3984 templo
964 3894 1093 3960 Nortiae

77 3992 220 4063 ltruscae
240 3992 319 4064 deae
341 4016 510 4082 conparere
532 3994 666 4082 diligens
688 3993 799 4060 talium
819 3996 1094 4077 monumentorum

112 4112 166 4158 Istat
179 4112 222 4159 sol.
232 4110 251 4157 1.
887 4089 922 4145 23
