2566 4524
136 241 179 307 58
396 249 513 304 nmen
529 248 558 313 1,
576 247 620 303 aa
642 247 907 317 [susem-244]

103 432 173 481 ase
199 409 315 493 templa
341 409 434 471 deum
460 405 665 471 exaedificare
686 404 831 470 manibus
855 405 934 482 suis,
962 426 1060 488 quam
1080 414 1157 491 post

136 527 230 589 quam
253 513 284 567 et
306 500 442 578 adalia,
470 512 505 563 ut
528 499 631 584 specie
652 498 786 575 minora,
809 498 856 564 sic
872 497 989 564 laboris
1007 498 1156 584 aliquanto

136 599 276 674 maioris,
312 594 555 660 traducebantur
580 615 688 678 opera,
724 592 811 657 foros
836 593 870 656 in
896 592 980 658 circo
1004 592 1156 659 faciendos

137 695 338 774 cloacamque
360 690 544 764 maximam,
566 686 799 772 receptaculum
816 687 957 752 omnium
977 710 1158 776 purgamen·

137 800 241 853 torum
262 783 363 861 urbis,
388 782 447 848 sub
465 792 579 846 terram
598 782 767 867 agendam,
791 780 906 865 quibus
923 782 1051 848 duobus
1069 782 1157 869 operi·

138 883 199 949 bus
230 880 285 943 vix
314 901 398 943 nova
427 878 506 942 haec
535 877 768 963 magnificentia
798 877 967 959 quicquam
992 877 1157 961 adaequare

105 976 249 1063 spotuit.
285 973 334 1037 his
357 971 518 1037 laboribus
541 972 676 1035 exercita
696 970 804 1055 plebe,
831 971 906 1052 quia
926 979 959 1035 et
975 969 1049 1035 urbi
1065 970 1157 1035 multi-

139 1071 293 1145 tudinem,
312 1067 367 1131 ubi
384 1089 461 1130 usus
479 1088 542 1129 non
560 1075 657 1140 esset,
681 1065 767 1129 oneri
784 1063 911 1149 rebatur
928 1086 1015 1142 esse,
1039 1074 1072 1129 et
1087 1063 1176 1129 colo.

138 1165 187 1230 nis
202 1161 361 1226 mittendis
376 1160 522 1244 occupari
534 1159 628 1224 latius
640 1159 763 1243 imperii
775 1158 855 1222 fines
869 1156 1005 1237 volebat,
1025 1156 1156 1245 Signiam
1196 1238 1199 1245 Ι

140 1257 343 1341 Circeiosque
361 1254 489 1320 colonos
507 1255 606 1330 misit,
623 1253 780 1339 praesidia
797 1251 868 1317 urbi
885 1251 992 1316 futura
1008 1261 1093 1317 terra
1103 1273 1155 1315 ma·

139 1378 166 1418 rr
189 1374 238 1416 ue.

104 1469 122 1514 4
167 1375 296 1509 qHaec
326 1443 433 1529 agenti
463 1451 642 1526 portentum
673 1440 809 1505 terribile
835 1441 954 1505 visum:
988 1441 1103 1528 anguis
1124 1460 1155 1505 ex

140 1539 286 1605 columna
306 1537 412 1622 lignea
434 1536 559 1619 elapsus
583 1557 655 1598 cum
672 1544 822 1599 terrorem
839 1533 1014 1620 fugamque
1031 1535 1067 1598 in
1082 1533 1156 1620 regis
1196 1558 1199 1567 ·

142 1632 279 1707 fecisset,
298 1630 399 1714 ipsius
411 1628 495 1714 regis
509 1638 650 1692 nontam
665 1627 769 1692 subito
782 1650 899 1712 pavore
907 1627 1044 1712 perculit
1062 1636 1155 1714 pectus

107 1748 236 1809 squam
258 1723 359 1787 anxiis
392 1722 523 1807 inplevit
544 1723 635 1786 curis.
671 1722 777 1804 itaque
800 1744 872 1785 cum
895 1722 936 1785 ad
956 1721 1159 1808 publicaprc·

142 1820 228 1906 digia
236 1818 365 1882 Etrusci
378 1826 500 1880 tantum
514 1828 602 1882 vates
616 1816 848 1895 adhiberentur,
866 1816 926 1880 hoc
942 1817 1031 1880 velut
1050 1818 1160 1882 domes-

142 1916 203 1979 tico
223 1911 389 1975 exterritus
407 1912 478 1975 visu
496 1910 640 1995 Delphos
660 1910 701 1975 ad
717 1911 854 1975 maxime
871 1910 1015 1975 inclitum
1031 1910 1067 1976 in
1083 1909 1160 1975 terris

108 2033 124 2080 s
142 2006 302 2074 oraculum
320 2006 442 2068 mittere
461 2005 578 2068 statuit.
609 2027 711 2087 neque
728 2027 880 2090 responsa
898 2005 1030 2069 sortium
1047 2005 1104 2069 ulli
1118 2000 1162 2068 alii

143 2100 336 2166 committere
359 2120 469 2175 ausus,
497 2100 576 2163 duos
599 2099 679 2163 filios
702 2121 759 2183 per
779 2101 904 2186 ignotas
927 2121 965 2164 ea
987 2106 1162 2185 tempestae

110 2222 125 2267 7
143 2206 255 2271 terras,
277 2193 432 2280 ignotiora
448 2194 560 2271 maria,
583 2194 616 2256 in
635 2191 803 2258 Graeciam
819 2195 913 2259 misit.
950 2193 1044 2260 Titus
1063 2204 1096 2260 et
1110 2192 1163 2257 Ar·

143 2311 220 2354 runs
238 2288 381 2373 profecti.

211 2382 327 2448 Comes
349 2383 388 2447 iis
411 2383 535 2447 additus
557 2383 599 2446 L.
622 2382 733 2445 Iunius
751 2381 884 2460 Brutus,
908 2381 1098 2466 Tarquinia,
1123 2402 1167 2447 so-

143 2500 213 2543 rore
230 2477 329 2562 regis,
348 2486 455 2553 natus,
474 2476 596 2540 iuvenis
614 2476 707 2561 longe
722 2476 801 2540 alius
814 2476 955 2562 ingenio,
974 2498 1075 2560 quam
1086 2477 1166 2542 cuius

144 2572 375 2638 simulationem
393 2571 544 2634 induerat.
580 2571 607 2634 is
627 2592 699 2633 curn
716 2571 867 2654 primores
886 2570 1036 2648 civitatis,
1056 2572 1091 2636 in
1106 2567 1168 2655 qui-

143 2666 203 2732 bus
219 2666 348 2730 fratrem
362 2687 455 2727 suum
469 2663 508 2728 ab
523 2665 678 2729 avunculo
691 2664 889 2729 interfectum
904 2665 1055 2742 audisset,
1073 2682 1167 2751 neque
1183 2664 1186 2673 '

143 2762 177 2825 in
200 2761 304 2824 animo
328 2780 385 2822 suo
408 2759 576 2840 quicquam
597 2759 665 2844 regi
688 2759 860 2823 timendum
877 2781 978 2843 neque
996 2760 1030 2823 in
1048 2760 1166 2825 fortun·

145 2853 431 2937 concupiscendum
445 2853 618 2934 relinquere
629 2854 736 2917 statuit
744 2863 986 2938 contemptuque
995 2863 1084 2919 tutus
1094 2872 1166 2929 esse,

111 2970 128 3018 8
146 2946 201 3011 ubi
218 2947 252 3010 in
269 2946 335 3010 iure
352 2968 463 3030 parum
477 2946 624 3030 praesidii
637 2955 730 3010 esset.
758 2969 834 3032 ergo
848 2969 888 3010 ex
902 2947 1059 3011 industria
1072 2947 1166 3013 factu

145 3041 187 3106 ad
202 3039 406 3104 imitationem
425 3039 572 3104 stultitiae
591 3062 663 3103 curn
682 3062 715 3104 se
735 3062 852 3123 suaque
870 3041 1005 3125 praedae
1023 3063 1097 3107 esse
1108 3034 1167 3125 regi

146 3137 273 3215 sineret,
292 3136 382 3200 Bruti
401 3159 525 3220 quoque
543 3137 619 3200 baut
636 3135 745 3200 abnuit
763 3158 951 3221 cognomen,
974 3146 1011 3200 ut
1029 3137 1090 3203 sub
1108 3136 1165 3201 eim

145 3231 274 3296 obtentu
297 3230 491 3317 cognominis
514 3229 659 3294 liberator
680 3230 732 3294 ille
758 3228 866 3315 populi
887 3229 1025 3294 Romani
1051 3231 1164 3295 animus

111 3324 244 3393 alatens
276 3325 469 3408 opperiretur
499 3335 640 3408 tempora
672 3347 738 3388 sua.
778 3324 805 3388 is
833 3334 900 3387 tum
926 3323 966 3388 ab
994 3322 1164 3409 Tarquiniis

146 3418 259 3482 ductus
277 3417 435 3502 Delphos,
462 3417 632 3481 ludibrium
654 3418 758 3483 verius
780 3441 875 3501 quam
897 3440 1019 3496 comes,
1047 3436 1164 3484 aureum

146 3510 292 3575 baculum
322 3511 479 3575 inclusum
510 3534 622 3576 corneo
655 3522 764 3576 cavato
796 3514 837 3575 ad
866 3513 900 3576 id
925 3512 1040 3578 baculo
1066 3512 1164 3578 tulisse

147 3605 264 3668 donum
278 3603 419 3688 Apollini
437 3605 559 3681 dicitur,
577 3627 633 3690 per
651 3605 801 3693 ambages
821 3606 960 3692 effigiem
976 3607 1098 3695 ingenii
1113 3602 1162 3670 sui·

97 3720 129 3768 10
212 3697 284 3780 Quo
308 3707 474 3782 postquam
497 3710 624 3764 ventum
642 3710 703 3779 est,
726 3701 873 3786 perfectis
891 3702 990 3786 patris
1008 3698 1161 3773 mandatis,

147 3792 260 3876 cupido
290 3793 418 3858 incessit
449 3795 569 3859 animos
600 3797 749 3859 iuvenum
780 3796 974 3874 sciscitandi,
1009 3798 1053 3861 ad
1080 3812 1161 3881 quem

146 3910 256 3952 eorum
268 3910 400 3974 regnum
414 3889 592 3953 Romanum
606 3900 689 3955 esset
702 3899 876 3955 venturum.
904 3913 944 3955 ex
954 3890 1065 3956 infimo
1078 3904 1163 3977 specu

147 4003 257 4046 vocem
269 3983 423 4047 redditam
436 3983 553 4049 ferunt:
573 3985 751 4070 ‘imperium
769 4007 928 4050 summum
940 3985 1063 4051 Romae
1079 3984 1164 4051 habe·
