2566 4524
215 254 280 320 432
470 263 589 319 LIBER
605 261 691 333 VIII,
708 261 750 317 33.
772 263 809 334 [a.
818 278 846 317 u
857 277 881 318 c.
890 260 1000 333 429130]

216 426 399 490 dictatorem
426 443 521 506 quam
547 421 699 508 magistro
727 420 868 504 equitum
892 421 1069 506 placarent,
1104 422 1225 489 inscide

182 520 365 590 abibunsli
394 518 584 585 descendere
614 517 726 603 legati;
760 526 791 582 ct
823 517 947 584 silentio
978 519 1166 604 nequiquam
1188 540 1227 608 per

215 637 402 705 praeconem
425 622 591 700 temptato,
618 636 691 678 cum
712 635 788 699 prae
812 614 944 699 strepitu
966 636 1004 679 ac
1031 616 1165 682 tumultu
1185 636 1229 682 neo

215 711 316 798 ipsius
334 708 494 775 dictatoris
512 729 571 772 nec
584 706 801 794 apparitorum
819 708 887 772 eius
905 730 970 773 vox
990 709 1162 791 audiretur,
1180 730 1229 776 nox

183 828 198 875 a
216 806 303 872 velut
320 805 353 869 in
374 802 492 889 proelio
515 802 678 867 certamini
699 802 794 866 finem
815 801 900 868 fecit
935 803 1092 891 magister
1113 806 1229 891 equitm

216 901 324 967 iussus
349 906 476 984 postero
503 896 553 962 die
580 896 706 974 adesse,
734 918 807 961 cum
829 919 938 962 omnes
960 899 1169 979 adfirmarent,
1192 901 1232 965 in·

216 994 330 1061 festius
356 992 522 1078 Papirium
552 1013 737 1057 exarsmum
767 992 920 1078 agitatum
952 994 1149 1059 contentione
1173 995 1232 1082 ipsa

183 1087 516 1172 rexaoerbatumqua
552 1086 633 1151 clam
664 1109 704 1150 ex
730 1086 841 1152 castris
867 1085 1005 1152 Romam
1032 1089 1181 1176 profugit:
1207 1097 1232 1153 et

217 1193 306 1271 patre
330 1191 457 1248 auctore
478 1179 527 1245 M
549 1180 664 1258 Fabio,
693 1182 748 1265 qui
770 1181 901 1247 teriam
923 1183 1038 1248 consul
1059 1185 1231 1269 dictatorque

217 1280 334 1357 fuerat,
357 1285 469 1343 vocato
487 1275 645 1361 extemplo
664 1285 775 1341 senatu
792 1298 865 1341 curn
885 1277 1026 1343 maxime
1049 1296 1232 1364 conquerere·

219 1385 271 1439 tur
296 1373 381 1460 apud
405 1381 511 1458 patres
537 1371 602 1435 vim
629 1379 723 1455 atque
748 1371 893 1437 iniuriam
920 1372 1099 1453 dictatoris,
1126 1381 1231 1460 reperte

184 1487 201 1536 a
220 1467 368 1554 strepitus
390 1475 463 1531 ante
481 1464 599 1531 curiam
617 1464 762 1530 lictorum
781 1467 1048 1532 summoventium
1066 1468 1191 1548 auditur,
1208 1470 1244 1533 o·

218 1564 288 1649 ipse
317 1561 459 1627 infensus
492 1560 614 1638 aderat,
643 1568 811 1646 postquam
843 1562 984 1647 conperit
1009 1565 1183 1649 profectum
1202 1580 1232 1627 ex

220 1655 345 1734 castris,
378 1678 451 1720 cum
477 1655 623 1740 expedito
651 1654 792 1738 equitatu
818 1665 956 1721 secutus.
1000 1658 1117 1724 iterata
1142 1654 1230 1723 deind·
1270 1700 1275 1711 ·

184 1749 391 1829 coemendo,
424 1760 455 1814 et
479 1749 591 1835 prendi
616 1747 752 1814 Fabium
777 1746 924 1835 Papirius
951 1751 1056 1816 iussit.
1102 1751 1156 1818 ubi
1178 1770 1230 1816 cun

220 1845 459 1933 deprecantibus
481 1844 671 1931 primoribus
692 1853 818 1932 patrum
845 1855 939 1930 atque
965 1846 1117 1914 universo
1144 1856 1230 1914 senatu

186 1964 200 2010 t
218 1950 372 2028 perstaret
388 1941 421 2004 in
439 1941 563 2026 incepto
581 1939 699 2005 inmitis
718 1941 855 2019 animus,
874 1951 941 2005 tnm
955 1951 1048 2028 pater
1059 1941 1110 2008 M.
1119 1942 1230 2009 Fabiu:
1272 1959 1275 1995 ῑ

221 2036 362 2120 ‘quando
383 2033 522 2118 quidem’
544 2034 645 2119 inquit
669 2035 767 2122 ‘apud
790 2044 820 2100 te
841 2057 901 2100 nec
928 2038 1102 2104 auctoritas
1128 2048 1231 2104 senatus

218 2151 278 2194 nec
295 2137 382 2194 aetas
399 2150 485 2206 mea,
507 2129 559 2193 cui
576 2128 742 2195 orbitatem
758 2152 867 2215 paras,
888 2151 948 2195 nee
969 2132 1071 2198 virtus
1094 2132 1231 2198 nobilitat·
1268 2150 1274 2155 ·

219 2246 282 2309 que
299 2223 443 2311 magistri
461 2224 600 2307 equitum
618 2248 638 2289 a
655 2224 774 2310 teipso
792 2224 945 2290 nominati
960 2225 1048 2291 valet
1061 2249 1124 2292 nec
1135 2245 1231 2314 preca

220 2341 302 2403 quae
321 2340 415 2404 saepe
433 2318 555 2384 hostem
574 2317 773 2405 mitigavere,
792 2341 874 2403 quae
893 2320 1024 2385 deorum
1042 2321 1107 2387 iras
1121 2322 1231 2408 pbcant
1269 2370 1275 2377 .

219 2413 361 2479 tribunos
388 2412 490 2499 plebis
518 2413 641 2500 appello
669 2422 700 2478 et
720 2436 858 2500 provoco
880 2415 921 2479 ad
941 2416 1100 2502 populum
1123 2432 1231 2499 eumque

184 2528 200 2576 8
219 2507 276 2573 tibi
293 2508 427 2596 fugienti
446 2509 599 2573 exercitus
619 2509 678 2586 tui,
701 2507 836 2595 fugienti
858 2520 986 2575 senatus
1005 2511 1160 2577 iudicium
1174 2507 1232 2575 iudi·
1266 2528 1275 2587 ς

219 2603 388 2681 temlero,
412 2603 467 2686 qui
485 2613 567 2668 certe
585 2626 667 2668 unus
685 2602 757 2688 plus
780 2626 875 2687 quam
898 2617 953 2669 tua
974 2605 1134 2672 dictatura
1153 2610 1231 2693 potest
1266 2618 1275 2680 ζ

218 2698 386 2784 polletque.
427 2698 549 2776 videro,
578 2720 765 2764 cessurusne
792 2700 1009 2784 provocationi
1036 2702 1097 2782 sis,
1126 2702 1174 2768 cni
1193 2718 1231 2764 rex
1265 2714 1275 2755 '-

185 2813 200 2861 9
220 2793 384 2858 Romanus
404 2792 516 2857 Tullus
536 2794 692 2859 Hostilius
711 2794 825 2859 cessit!
861 2817 902 2858 ex
919 2795 1008 2860 curia
1026 2797 1060 2860 in
1079 2798 1230 2863 contionem
1266 2814 1275 2853 ι

219 2886 292 2951 itur.
329 2907 392 2970 quo
415 2908 487 2950 cum
504 2889 614 2972 paucis
634 2888 775 2966 dictator,
799 2911 871 2953 cum
890 2891 975 2954 omni
994 2891 1127 2977 agmine
1143 2886 1231 2978 prind-
1269 2910 1275 2923 ·

219 3003 295 3067 pum
313 2981 464 3069 magister
482 2984 621 3067 equitum
641 2981 743 3070 [cum]
763 2985 970 3063 escendisset,
990 2987 1111 3053 deduci
1129 2981 1231 3052 eumdt
1271 3036 1275 3045 -

169 3096 201 3145 10
218 3078 328 3143 rostris
345 3076 492 3165 Papirius
515 3080 548 3144 in
569 3089 690 3165 partem
712 3079 891 3146 inferiorem
912 3080 1018 3146 iussit.
1056 3094 1181 3149 secutus
1194 3100 1231 3165 pe·
1267 3126 1275 3139 κ

220 3184 280 3239 ter:
301 3173 395 3240 ‘bene
414 3174 508 3262 agis‚'
526 3175 628 3259 inquit
646 3181 734 3240 ‘eum
751 3197 789 3241 eo
806 3198 865 3242 nos
882 3175 999 3242 deduci
1017 3177 1155 3257 iussisti,
1172 3170 1231 3242 uult
1269 3188 1274 3228 ἱ

219 3277 251 3332 et
271 3269 386 3355 privati
407 3267 517 3336 vocem
539 3270 661 3335 mittere
682 3268 868 3356 possemus?
902 3270 948 3336 ibi
973 3272 1082 3356 primo
1109 3295 1169 3339 non
1187 3280 1230 3333 tm

169 3382 199 3428 11
217 3374 388 3448 perpetuae
407 3366 561 3431 orationes
580 3386 675 3449 quam
693 3364 852 3430 altercatio
870 3366 1137 3433 exaudiebantur.
1161 3358 1230 3430 vind
1267 3384 1275 3430 3

219 3456 331 3522 deinde
351 3459 515 3544 strepitum
532 3482 596 3525 vox
618 3470 649 3524 et
670 3460 844 3546 indignatio
860 3458 943 3525 Fabi
966 3462 1070 3542 senis,
1095 3464 1229 3547 increpa

169 3568 200 3616 12
219 3549 259 3614 tis
279 3551 457 3637 superbiam
475 3554 751 3639 crudelitatemque
769 3553 891 3641 Papiria
919 3577 954 3621 se
977 3577 1111 3643 quoque
1128 3557 1229 3624 diona
1267 3568 1275 3617 ·-;

219 3666 286 3709 rem
299 3645 420 3713 Romae
437 3648 537 3715 fuisse
555 3671 650 3715 neca
668 3671 703 3714 se
720 3671 926 3734 quemquam,
944 3672 985 3715 ne
1005 3651 1111 3738 plebis
1128 3648 1227 3737 quidem
1269 3698 1275 3712 ,

169 3759 200 3807 13
218 3738 391 3822 hominem,
409 3767 473 3809 non
491 3743 717 3823 centurionem,
736 3767 800 3810 non
817 3744 949 3809 militem
966 3745 1137 3811 violatum:
1157 3735 1227 3824 Papi·
1267 3760 1275 3827 ς

218 3836 301 3901 rium
323 3845 484 3922 tamquam
507 3861 547 3902 ex
568 3837 707 3905 hostium
729 3838 879 3917 ducibus,
903 3839 950 3904 sic
968 3861 1010 3904 ex
1028 3841 1170 3906 Romano
1185 3835 1226 3899 im·

217 3939 361 4014 peratore
374 3932 536 3998 victoriam
551 3942 581 3997 et
595 3933 789 4020 triumphum
797 3944 913 4020 petere.
932 3945 1088 4019 quantum
1101 3936 1223 3999 interese
1265 3944 1275 3991 ³:

207 4024 299 4093 ,inter
316 4027 560 4093 moderationem
579 4029 778 4114 antiquorum
795 4039 828 4094 et
843 4052 960 4096 novam
978 4028 1154 4116 superbiam
1173 4039 1221 4088 ent·
1266 4047 1275 4079 -·
