2566 4524
331 275 451 331 Lunna
467 278 538 350 vn,
556 279 581 334 ⁷.
594 279 620 336 a
640 281 792 353 [aanor]
1013 279 1077 348 357

111 435 189 503 VII.
217 434 407 519 Priusquam
417 436 1110 527 dictatorlegionesquenovaeinHernicos1

57 533 203 611 uenirent,
223 530 319 598 ductu
333 529 371 597 O.
388 529 509 618 Sulpici
521 533 618 621 legati
630 558 681 600 res
698 559 755 622 per
773 541 969 610 occasionem
985 559 1078 634 gesta

58 627 175 717 egregie
196 635 256 692 est,
291 626 325 690 in
341 624 513 706 Hernicos,
536 638 636 694 morte
658 633 796 698 consulis
815 639 1019 725 contemptim
1036 643 1076 708 ad
1094 663 1109 710 2

58 733 149 790 astra
158 721 305 788 Romana
316 742 389 786 cum
402 720 488 787 haud
501 722 598 789 dubia
611 728 813 811 expugnandi
831 752 887 815 spe
906 735 1076 801 succeden-

58 841 108 898 ea,
128 817 276 884 hortante
293 815 397 904 legato
415 826 447 882 et
463 817 564 903 plenis
582 818 646 885 irae
664 829 758 904 atque
779 822 972 912 indignitatis
995 831 1077 896 mili-

58 939 112 983 um
140 912 257 980 animis
284 912 405 998 eruptio
432 923 480 979 est
507 914 600 979 facta.
640 915 774 981 multum
796 918 837 984 ab
860 942 916 1007 spe
938 924 1076 990 adcundi

58 1009 119 1077 ulli
134 1031 188 1075 res
200 1006 350 1074 Hernicis
368 1007 461 1073 afuitz
484 1009 564 1074 adeo
581 1009 713 1076 turbatis
730 1012 803 1076 inde
822 1015 983 1082 ordinibus
1002 1018 1075 1084 abs-

58 1124 179 1171 :essere
215 1100 375 1168 dictatoris
399 1102 511 1167 deinde
529 1103 667 1169 adventu
683 1128 784 1171 novus
802 1109 900 1172 veteri
919 1113 1073 1177 exercitus
1092 1135 1107 1183 a

58 1199 187 1286 ungitur
213 1206 244 1262 et
259 1197 379 1291 ‚copiae
401 1197 612 1282 duplicantur;
639 1208 670 1264 et
691 1222 749 1284 pro
772 1202 915 1268 contione
942 1205 1074 1273 dictator

58 1290 192 1359 audibus
209 1290 306 1378 legati
324 1291 533 1375 militumque,
552 1315 686 1377 quorum
699 1295 812 1361 virtute
826 1308 928 1363 castra
942 1299 1074 1366 defensa

58 1397 148 1466 erant,
172 1385 266 1453 simul
284 1386 483 1452 audientibus
500 1387 610 1453 laudes
627 1389 755 1454 meritas
774 1391 853 1455 tollit
871 1392 1006 1472 animos,
1032 1395 1074 1460 si·

58 1481 110 1547 nul
128 1489 248 1546 ceteros
267 1481 308 1546 ad
325 1480 527 1546 aemulandas
546 1482 676 1548 virtutes
694 1484 787 1549 acuit.
823 1508 925 1570 neque
944 1489 1071 1575 segnius
1090 1510 1107 1557 4

58 1577 85 1643 ul
102 1575 211 1641 hostes
228 1574 346 1640 bellum
364 1586 540 1662 apparatur,
560 1578 614 1661 qui
631 1587 662 1642 et
679 1579 760 1663 parti
778 1589 849 1645 ante
868 1581 989 1649 decoris
1007 1606 1073 1652 me.-

58 1693 149 1738 nores
173 1691 275 1754 neque
296 1668 399 1755 ignari
421 1680 582 1736 auctarum
604 1672 717 1737 virium
735 1674 835 1740 hostis
854 1698 928 1741 suas
947 1699 1072 1761 quoquc

59 1765 126 1831 ires
153 1772 280 1851 augent.
321 1786 413 1829 omne
439 1763 614 1830 Hernicum
639 1790 769 1845 nomen,
802 1770 902 1835 omnis
929 1772 1071 1836 militaris

59 1871 132 1927 etas
147 1859 281 1925 excitur:
299 1859 580 1946 quadringenariae
595 1871 666 1926 octo
684 1861 842 1941 cohortes,
861 1863 942 1929 lecta
958 1864 1072 1930 robora
1140 1844 1152 1869 ⁸

59 1955 196 2031 uorum,
220 1952 406 2018 scribuntur.
441 1953 525 2018 hunc
547 1954 697 2019 eximium
718 1955 827 2022 florem
844 1958 1015 2024 iuventutis
1033 1981 1071 2025 eo
1090 1980 1111 2040 5¹

59 2047 152 2127 tiam,
172 2047 258 2132 quod
271 2055 306 2111 ut
323 2046 440 2133 duplex
457 2047 633 2133 acciperent
651 2049 841 2134 stipendium
859 2051 1070 2132 decreverant,

59 2142 111 2229 pei
138 2142 377 2225 animorumque
402 2142 569 2226 inplevere.
615 2143 759 2209 inmunes
791 2166 914 2229 quoque
942 2168 1071 2232 operum

59 2235 226 2301 uilitarium
248 2244 348 2313 erant,
376 2244 411 2300 ut
431 2235 464 2299 in
487 2258 586 2300 unum
607 2258 733 2322 pugnae
754 2236 894 2303 laborem
919 2241 1071 2304 reservati

59 2329 114 2396 lus
134 2329 197 2395 sibi
215 2351 309 2413 quam
326 2352 383 2415 pro
400 2329 482 2394 virili
499 2338 587 2414 parte
605 2330 809 2394 adnitendum
827 2332 950 2397 scirent
983 2342 1070 2396 extra
1088 2352 1102 2398 6

59 2425 185 2493 rdinem
203 2424 296 2489 etiam
314 2424 346 2488 in
364 2424 430 2490 acie
448 2423 555 2502 locati,
575 2446 637 2508 quo
656 2425 851 2511 conspectior
863 2425 961 2491 virtus
977 2437 1069 2492 esset,

105 2517 221 2585 Duum
246 2518 368 2583 milium
393 2518 537 2606 planities
565 2528 667 2584 castra
688 2519 833 2585 Romana
859 2520 898 2584 ab
920 2520 1070 2586 Hernicis

59 2612 224 2680 irimebat:
243 2612 287 2678 ibi
300 2613 368 2699 pari
382 2613 481 2679 ferme
493 2613 649 2698 utrimque
664 2614 764 2699 spatio
778 2615 811 2678 in
828 2615 931 2680 medio
948 2638 1072 2701 pugna-
1108 2693 1111 2699 .

59 2733 109 2777 nm
132 2716 196 2774 est.
231 2708 332 2794 primo
359 2709 444 2774 stetit
470 2709 618 2796 ambigua
645 2731 702 2793 spe
727 2732 848 2796 pugna,
881 2711 1104 2795 nequiquamt

59 2826 138 2892 aepe
161 2803 282 2868 conatis
305 2803 462 2887 equitibus
480 2803 631 2869 Romanis
653 2804 774 2890 impetu
791 2804 916 2871 turbare
932 2804 1072 2870 hostium

59 2901 153 2968 ciem.
180 2907 348 2985 postquam
367 2899 519 2983 equestris
536 2921 645 2986 pugna
662 2899 777 2964 effectu
794 2921 889 2983 quam
907 2900 1070 2966 conatibus
1088 2919 1105 2968 8

60 2994 155 3063 anion
181 3003 261 3071 erat,
293 2992 437 3060 consulto
466 2993 554 3079 prius
584 2993 733 3059 dictatore
764 2996 884 3077 equites
915 2993 1072 3078 permissu

60 3088 158 3156 einde
180 3087 249 3154 eius
272 3087 388 3155 relictis
411 3089 500 3173 equis
522 3088 658 3155 clamore
675 3088 795 3174 ingenti
811 3087 975 3173 provolant
997 3097 1070 3152 ante

59 3183 140 3272 igne
159 3191 191 3249 et
207 3205 323 3248 novam
341 3183 497 3270 integrant
514 3205 663 3270 pugnam.
699 3204 802 3266 neque
820 3181 966 3246 sustineri
983 3189 1103 3265 pote-e

60 3287 127 3358 ant,
143 3277 180 3344 ni
191 3278 453 3344 extraordinariae
467 3279 609 3344 cohortes
622 3277 691 3366 pari
704 3299 868 3363 corporum
882 3275 1071 3341 animorum·

60 3397 103 3443 ne
122 3370 238 3440 robore
255 3394 290 3439 se
308 3371 506 3440 obiecissent.

102 3466 202 3535 vm
248 3466 340 3534 Tunc
364 3468 445 3533 inter
470 3467 622 3554 primores
649 3467 781 3532 duorum
807 3464 994 3552 populorum
1019 3486 1103 3533 res1

60 3563 170 3631 utimr.
211 3561 365 3648 quidquid
390 3561 464 3628 hinc
489 3571 544 3627 aut
568 3561 654 3626 illinc
680 3560 854 3626 communis
880 3557 970 3625 Mars
997 3557 1071 3625 belli

60 3656 158 3735 ufert,
178 3654 343 3743 multiplex
361 3678 456 3742 quarn
472 3679 530 3743 pro
548 3678 678 3722 numero
697 3657 847 3721 damnum
865 3663 922 3721 est.
955 3653 1069 3742 vulgus

60 3751 128 3819 tud
142 3760 351 3829 armatorum,
369 3751 455 3817 velut
472 3750 617 3839 delegata
633 3749 822 3837 primoribus
835 3772 957 3837 pugna,
976 3770 1070 3813 even·

60 3870 106 3915 n
125 3867 223 3913 enum
239 3845 274 3912 in
290 3845 403 3912 virtute
421 3846 523 3913 aliena
539 3845 637 3933 ponit.
672 3844 763 3911 multi
775 3845 931 3928 utrimque
944 3840 1067 3915 cadunt,

60 3939 147 4007 lutea
169 3939 302 4008 vulnera
323 3940 488 4026 accipiunt
524 3941 652 4006 tandem
674 3940 794 4024 equites
812 3939 891 4004 alius
909 3935 1004 4002 alium
1020 3932 1101 3999 ima

60 4043 223 4123 reputes,
244 4034 322 4121 quid
338 4035 452 4103 deinde
469 4043 614 4115 restaret,
637 4033 828 4122 quaerendo,
855 4031 883 4096 si
904 4046 1005 4111 noque
1028 4047 1069 4091 ex
