<?xml version="1.0" encoding="UTF-8"?>
<!DOCTYPE html PUBLIC "-//W3C//DTD XHTML 1.0 Transitional//EN"
    "http://www.w3.org/TR/xhtml1/DTD/xhtml1-transitional.dtd">
<html xmlns="http://www.w3.org/1999/xhtml" xml:lang="en" lang="en">
 <head>
  <title>
</title>
<meta http-equiv="Content-Type" content="text/html;charset=utf-8" />
  <meta name='ocr-system' content='tesseract 3.04.00' />
  <meta name='ocr-capabilities' content='ocr_page ocr_carea ocr_par ocr_line ocrx_word'/>
</head>
<body>
  <div class='ocr_page' id='page_1' title='image "./titiliviaburbec01weisgoog_0336.png"; bbox 0 0 2566 4524; ppageno 0'>
   <div class='ocr_carea' id='block_1_1' title="bbox 337 208 1104 331">
    <p class='ocr_par' dir='ltr' id='par_1_1' title="bbox 337 208 1104 331">
     <span class='ocr_line' id='line_1_1' title="bbox 337 208 1104 331; baseline 0.007 -18"><span class='ocrx_word' id='word_1_1' title='bbox 337 208 455 314; x_wconf 74' lang='lat' dir='ltr'><strong>rnna</strong></span> <span class='ocrx_word' id='word_1_2' title='bbox 470 258 544 331; x_wconf 91' lang='lat'><strong>1111,</strong></span> <span class='ocrx_word' id='word_1_3' title='bbox 561 257 604 315; x_wconf 76' lang='lat' dir='ltr'><strong>a.</strong></span> <span class='ocrx_word' id='word_1_4' title='bbox 618 260 659 314; x_wconf 78' lang='lat' dir='ltr'><strong>a.</strong></span> <span class='ocrx_word' id='word_1_5' title='bbox 679 259 830 331; x_wconf 67' lang='lat' dir='ltr'><strong>[anan</strong></span> <span class='ocrx_word' id='word_1_6' title='bbox 1037 250 1104 318; x_wconf 81' lang='lat'><strong>249</strong></span> 
     </span>
    </p>
   </div>
   <div class='ocr_carea' id='block_1_2' title="bbox 77 415 1217 4098">
    <p class='ocr_par' dir='ltr' id='par_1_2' title="bbox 77 415 1217 4098">
     <span class='ocr_line' id='line_1_2' title="bbox 86 415 1103 503; baseline 0.005 -20"><span class='ocrx_word' id='word_1_7' title='bbox 86 415 182 483; x_wconf 78' lang='lat' dir='ltr'><strong>datum</strong></span> <span class='ocrx_word' id='word_1_8' title='bbox 198 424 343 502; x_wconf 90' lang='lat' dir='ltr'><strong>repente,</strong></span> <span class='ocrx_word' id='word_1_9' title='bbox 371 418 499 502; x_wconf 90' lang='lat' dir='ltr'><strong>nequis</strong></span> <span class='ocrx_word' id='word_1_10' title='bbox 517 427 641 503; x_wconf 89' lang='lat' dir='ltr'><strong>praeter</strong></span> <span class='ocrx_word' id='word_1_11' title='bbox 662 432 800 484; x_wconf 86' lang='lat' dir='ltr'><strong>armatus</strong></span> <span class='ocrx_word' id='word_1_12' title='bbox 822 419 1003 500; x_wconf 82' lang='lat' dir='ltr'><strong>violaretur,</strong></span> <span class='ocrx_word' id='word_1_13' title='bbox 1029 422 1103 488; x_wconf 85' lang='lat' dir='ltr'><strong>reli-</strong></span> 
     </span>
     <span class='ocr_line' id='line_1_3' title="bbox 87 512 1102 602; baseline 0.008 -26"><span class='ocrx_word' id='word_1_14' title='bbox 87 535 165 596; x_wconf 89' lang='lat' dir='ltr'><strong>quam</strong></span> <span class='ocrx_word' id='word_1_15' title='bbox 184 534 311 577; x_wconf 93' lang='lat' dir='ltr'><strong>omnem</strong></span> <span class='ocrx_word' id='word_1_16' title='bbox 326 512 558 587; x_wconf 81' lang='lat' dir='ltr'>multitudinem</span> <span class='ocrx_word' id='word_1_17' title='bbox 575 513 783 581; x_wconf 83' lang='lat' dir='ltr'><strong>voluntariam</strong></span> <span class='ocrx_word' id='word_1_18' title='bbox 797 515 883 579; x_wconf 90' lang='lat' dir='ltr'><strong>exuit</strong></span> <span class='ocrx_word' id='word_1_19' title='bbox 896 516 1005 596; x_wconf 88' lang='lat' dir='ltr'><strong>armis;</strong></span> <span class='ocrx_word' id='word_1_20' title='bbox 1024 539 1102 602; x_wconf 90' lang='lat' dir='ltr'><strong>quo-</strong></span> 
     </span>
     <span class='ocr_line' id='line_1_4' title="bbox 85 607 1134 695; baseline 0.006 -23"><span class='ocrx_word' id='word_1_21' title='bbox 85 631 141 672; x_wconf 91' lang='lat' dir='ltr'><strong>rum</strong></span> <span class='ocrx_word' id='word_1_22' title='bbox 158 608 199 672; x_wconf 88' lang='lat' dir='ltr'><strong>ad</strong></span> <span class='ocrx_word' id='word_1_23' title='bbox 221 607 286 673; x_wconf 93' lang='lat' dir='ltr'><strong>duo</strong></span> <span class='ocrx_word' id='word_1_24' title='bbox 306 607 394 671; x_wconf 88' lang='lat' dir='ltr'><strong>milia</strong></span> <span class='ocrx_word' id='word_1_25' title='bbox 416 617 447 671; x_wconf 88' lang='lat' dir='ltr'><strong>et</strong></span> <span class='ocrx_word' id='word_1_26' title='bbox 469 608 632 695; x_wconf 84' lang='lat' dir='ltr'><strong>quingenti</strong></span> <span class='ocrx_word' id='word_1_27' title='bbox 654 609 719 673; x_wconf 86' lang='lat' dir='ltr'><strong>vivi</strong></span> <span class='ocrx_word' id='word_1_28' title='bbox 741 609 915 695; x_wconf 90' lang='lat' dir='ltr'><strong>capiuntur.</strong></span> <span class='ocrx_word' id='word_1_29' title='bbox 956 634 976 676; x_wconf 89' lang='lat' dir='ltr'><strong>a</strong></span> <span class='ocrx_word' id='word_1_30' title='bbox 997 621 1134 684; x_wconf 86' lang='lat' dir='ltr'><strong>ceteras</strong></span> 
     </span>
     <span class='ocr_line' id='line_1_5' title="bbox 84 701 1098 792; baseline 0.006 -26"><span class='ocrx_word' id='word_1_31' title='bbox 84 703 187 787; x_wconf 81' lang='lat' dir='ltr'><strong>praeda</strong></span> <span class='ocrx_word' id='word_1_32' title='bbox 202 701 324 766; x_wconf 80' lang='lat' dir='ltr'><strong>Fabius</strong></span> <span class='ocrx_word' id='word_1_33' title='bbox 341 701 472 767; x_wconf 91' lang='lat' dir='ltr'><strong>militem</strong></span> <span class='ocrx_word' id='word_1_34' title='bbox 490 702 651 781; x_wconf 79' lang='lat' dir='ltr'><strong>abstinuit,</strong></span> <span class='ocrx_word' id='word_1_35' title='bbox 671 703 771 768; x_wconf 90' lang='lat' dir='ltr'><strong>donec</strong></span> <span class='ocrx_word' id='word_1_36' title='bbox 790 704 929 792; x_wconf 82' lang='lat' dir='ltr'>collegae</span> <span class='ocrx_word' id='word_1_37' title='bbox 947 706 1098 787; x_wconf 90' lang='lat' dir='ltr'><strong>venirent,</strong></span> 
     </span>
     <span class='ocr_line' id='line_1_6' title="bbox 83 796 1132 884; baseline 0.009 -23"><span class='ocrx_word' id='word_1_38' title='bbox 83 796 117 862; x_wconf 90' lang='lat' dir='ltr'><strong>ab</strong></span> <span class='ocrx_word' id='word_1_39' title='bbox 130 797 189 861; x_wconf 91' lang='lat' dir='ltr'><strong>illis</strong></span> <span class='ocrx_word' id='word_1_40' title='bbox 208 818 336 880; x_wconf 93' lang='lat' dir='ltr'><strong>quoque</strong></span> <span class='ocrx_word' id='word_1_41' title='bbox 358 797 547 862; x_wconf 84' lang='lat' dir='ltr'><strong>exercitibus</strong></span> <span class='ocrx_word' id='word_1_42' title='bbox 570 809 698 884; x_wconf 85' lang='lat' dir='ltr'><strong>captum</strong></span> <span class='ocrx_word' id='word_1_43' title='bbox 715 797 831 864; x_wconf 84' lang='lat' dir='ltr'><strong>Anxur</strong></span> <span class='ocrx_word' id='word_1_44' title='bbox 852 800 998 866; x_wconf 89' lang='lat' dir='ltr'><strong>dictitans</strong></span> <span class='ocrx_word' id='word_1_45' title='bbox 1017 824 1098 880; x_wconf 90' lang='lat' dir='ltr'><strong>esse,</strong></span> <span class='ocrx_word' id='word_1_46' title='bbox 1117 821 1132 871; x_wconf 85' lang='lat' dir='ltr'><strong>s</strong></span> 
     </span>
     <span class='ocr_line' id='line_1_7' title="bbox 83 889 1153 980; baseline 0.007 -24"><span class='ocrx_word' id='word_1_47' title='bbox 83 891 126 975; x_wconf 91' lang='lat' dir='ltr'><strong>qui</strong></span> <span class='ocrx_word' id='word_1_48' title='bbox 142 903 263 956; x_wconf 90' lang='lat' dir='ltr'><strong>ceteros</strong></span> <span class='ocrx_word' id='word_1_49' title='bbox 282 889 418 956; x_wconf 83' lang='lat' dir='ltr'><strong>Volscos</strong></span> <span class='ocrx_word' id='word_1_50' title='bbox 438 914 458 956; x_wconf 89' lang='lat' dir='ltr'><strong>a</strong></span> <span class='ocrx_word' id='word_1_51' title='bbox 473 892 632 977; x_wconf 86' lang='lat' dir='ltr'><strong>praesidio</strong></span> <span class='ocrx_word' id='word_1_52' title='bbox 650 892 717 957; x_wconf 89' lang='lat' dir='ltr'><strong>eius</strong></span> <span class='ocrx_word' id='word_1_53' title='bbox 735 891 797 957; x_wconf 90' lang='lat' dir='ltr'><strong>loci</strong></span> <span class='ocrx_word' id='word_1_54' title='bbox 815 895 1009 961; x_wconf 86' lang='lat' dir='ltr'><strong>avertissent.</strong></span> <span class='ocrx_word' id='word_1_55' title='bbox 1046 896 1100 980; x_wconf 92' lang='lat' dir='ltr'><strong>qui</strong></span> <span class='ocrx_word' id='word_1_56' title='bbox 1119 917 1153 964; x_wconf 92' lang='lat' dir='ltr'><strong>1o</strong></span> 
     </span>
     <span class='ocr_line' id='line_1_8' title="bbox 81 984 1100 1072; baseline 0.008 -23"><span class='ocrx_word' id='word_1_57' title='bbox 81 984 125 1050; x_wconf 90' lang='lat' dir='ltr'><strong>ubi</strong></span> <span class='ocrx_word' id='word_1_58' title='bbox 138 994 302 1062; x_wconf 87' lang='lat' dir='ltr'><strong>venerunt,</strong></span> <span class='ocrx_word' id='word_1_59' title='bbox 321 985 472 1071; x_wconf 93' lang='lat' dir='ltr'><strong>oppidum</strong></span> <span class='ocrx_word' id='word_1_60' title='bbox 484 996 590 1051; x_wconf 87' lang='lat' dir='ltr'><strong>vetere</strong></span> <span class='ocrx_word' id='word_1_61' title='bbox 603 985 730 1052; x_wconf 88' lang='lat' dir='ltr'><strong>fortuna</strong></span> <span class='ocrx_word' id='word_1_62' title='bbox 744 986 926 1072; x_wconf 87' lang='lat' dir='ltr'><strong>opulentum</strong></span> <span class='ocrx_word' id='word_1_63' title='bbox 939 999 1002 1055; x_wconf 90' lang='lat' dir='ltr'><strong>tres</strong></span> <span class='ocrx_word' id='word_1_64' title='bbox 1012 1013 1100 1057; x_wconf 91' lang='lat' dir='ltr'><strong>exer-</strong></span> 
     </span>
     <span class='ocr_line' id='line_1_9' title="bbox 79 1080 1099 1169; baseline 0.003 -24"><span class='ocrx_word' id='word_1_65' title='bbox 79 1080 149 1146; x_wconf 86' lang='lat' dir='ltr'><strong>citus</strong></span> <span class='ocrx_word' id='word_1_66' title='bbox 172 1081 339 1166; x_wconf 83' lang='lat' dir='ltr'><strong>diripuere.</strong></span> <span class='ocrx_word' id='word_1_67' title='bbox 384 1102 484 1163; x_wconf 86' lang='lat' dir='ltr'><strong>eaque</strong></span> <span class='ocrx_word' id='word_1_68' title='bbox 509 1082 645 1166; x_wconf 90' lang='lat' dir='ltr'><strong>primum</strong></span> <span class='ocrx_word' id='word_1_69' title='bbox 676 1081 851 1169; x_wconf 84' lang='lat' dir='ltr'><strong>benignitas</strong></span> <span class='ocrx_word' id='word_1_70' title='bbox 877 1084 1099 1169; x_wconf 83' lang='lat' dir='ltr'><strong>imperatorum</strong></span> 
     </span>
     <span class='ocr_line' id='line_1_10' title="bbox 77 1173 1147 1261; baseline 0.008 -22"><span class='ocrx_word' id='word_1_71' title='bbox 77 1174 194 1260; x_wconf 81' lang='lat' dir='ltr'>plebem</span> <span class='ocrx_word' id='word_1_72' title='bbox 210 1173 354 1261; x_wconf 88' lang='lat' dir='ltr'><strong>patribus</strong></span> <span class='ocrx_word' id='word_1_73' title='bbox 371 1174 558 1240; x_wconf 88' lang='lat' dir='ltr'><strong>conciliavit.</strong></span> <span class='ocrx_word' id='word_1_74' title='bbox 585 1175 726 1241; x_wconf 87' lang='lat' dir='ltr'><strong>additum</strong></span> <span class='ocrx_word' id='word_1_75' title='bbox 744 1177 857 1241; x_wconf 90' lang='lat' dir='ltr'><strong>deinde</strong></span> <span class='ocrx_word' id='word_1_76' title='bbox 875 1178 1015 1242; x_wconf 91' lang='lat' dir='ltr'><strong>omnium</strong></span> <span class='ocrx_word' id='word_1_77' title='bbox 1033 1203 1099 1243; x_wconf 89' lang='lat' dir='ltr'><strong>ma·</strong></span> <span class='ocrx_word' id='word_1_78' title='bbox 1118 1201 1147 1248; x_wconf 91' lang='lat'><strong>11</strong></span> 
     </span>
     <span class='ocr_line' id='line_1_11' title="bbox 77 1269 1217 1355; baseline 0.004 -22"><span class='ocrx_word' id='word_1_79' title='bbox 77 1271 156 1334; x_wconf 89' lang='lat' dir='ltr'><strong>xime</strong></span> <span class='ocrx_word' id='word_1_80' title='bbox 180 1269 366 1355; x_wconf 87' lang='lat' dir='ltr'><strong>tempestivo</strong></span> <span class='ocrx_word' id='word_1_81' title='bbox 388 1269 566 1355; x_wconf 88' lang='lat' dir='ltr'><strong>principum</strong></span> <span class='ocrx_word' id='word_1_82' title='bbox 588 1270 622 1334; x_wconf 92' lang='lat' dir='ltr'><strong>in</strong></span> <span class='ocrx_word' id='word_1_83' title='bbox 643 1270 873 1336; x_wconf 88' lang='lat' dir='ltr'><strong>multitudinem</strong></span> <span class='ocrx_word' id='word_1_84' title='bbox 895 1295 1037 1350; x_wconf 91' lang='lat' dir='ltr'><strong>munere,</strong></span> <span class='ocrx_word' id='word_1_85' title='bbox 1064 1283 1099 1338; x_wconf 87' lang='lat' dir='ltr'><strong>ut</strong></span> <span class='ocrx_word' id='word_1_86' title='bbox 1212 1289 1217 1301; x_wconf 90' lang='grc'><strong>’</strong></span> 
     </span>
     <span class='ocr_line' id='line_1_12' title="bbox 77 1363 1098 1450; baseline 0.006 -24"><span class='ocrx_word' id='word_1_87' title='bbox 77 1372 144 1430; x_wconf 87' lang='lat' dir='ltr'><strong>ante</strong></span> <span class='ocrx_word' id='word_1_88' title='bbox 167 1364 358 1429; x_wconf 89' lang='lat' dir='ltr'><strong>mentionem</strong></span> <span class='ocrx_word' id='word_1_89' title='bbox 384 1363 480 1428; x_wconf 88' lang='lat' dir='ltr'><strong>ullam</strong></span> <span class='ocrx_word' id='word_1_90' title='bbox 506 1363 609 1450; x_wconf 92' lang='lat' dir='ltr'><strong>plebis</strong></span> <span class='ocrx_word' id='word_1_91' title='bbox 636 1364 892 1448; x_wconf 91' lang='lat' dir='ltr'><strong>tribunorumque</strong></span> <span class='ocrx_word' id='word_1_92' title='bbox 919 1367 1098 1433; x_wconf 82' lang='lat' dir='ltr'><strong>decerneret</strong></span> 
     </span>
     <span class='ocr_line' id='line_1_13' title="bbox 77 1457 1099 1546; baseline 0.004 -23"><span class='ocrx_word' id='word_1_93' title='bbox 77 1468 212 1536; x_wconf 87' lang='lat' dir='ltr'><strong>senatus,</strong></span> <span class='ocrx_word' id='word_1_94' title='bbox 237 1466 273 1522; x_wconf 90' lang='lat' dir='ltr'><strong>ut</strong></span> <span class='ocrx_word' id='word_1_95' title='bbox 297 1458 487 1544; x_wconf 89' lang='lat' dir='ltr'><strong>stipendium</strong></span> <span class='ocrx_word' id='word_1_96' title='bbox 509 1457 599 1522; x_wconf 91' lang='lat' dir='ltr'><strong>miles</strong></span> <span class='ocrx_word' id='word_1_97' title='bbox 622 1459 661 1523; x_wconf 91' lang='lat' dir='ltr'><strong>de</strong></span> <span class='ocrx_word' id='word_1_98' title='bbox 678 1458 805 1544; x_wconf 88' lang='lat' dir='ltr'><strong>publico</strong></span> <span class='ocrx_word' id='word_1_99' title='bbox 831 1460 998 1546; x_wconf 88' lang='lat' dir='ltr'><strong>acciperet,</strong></span> <span class='ocrx_word' id='word_1_100' title='bbox 1026 1483 1099 1527; x_wconf 92' lang='lat' dir='ltr'><strong>cum</strong></span> 
     </span>
     <span class='ocr_line' id='line_1_14' title="bbox 77 1553 1080 1637; baseline 0.003 -19"><span class='ocrx_word' id='word_1_101' title='bbox 77 1561 141 1618; x_wconf 88' lang='lat' dir='ltr'><strong>ante</strong></span> <span class='ocrx_word' id='word_1_102' title='bbox 156 1553 191 1618; x_wconf 93' lang='lat' dir='ltr'><strong>id</strong></span> <span class='ocrx_word' id='word_1_103' title='bbox 208 1562 334 1637; x_wconf 90' lang='lat' dir='ltr'><strong>tempus</strong></span> <span class='ocrx_word' id='word_1_104' title='bbox 353 1553 393 1618; x_wconf 87' lang='lat' dir='ltr'><strong>de</strong></span> <span class='ocrx_word' id='word_1_105' title='bbox 411 1576 469 1619; x_wconf 91' lang='lat' dir='ltr'><strong>suo</strong></span> <span class='ocrx_word' id='word_1_106' title='bbox 486 1553 620 1637; x_wconf 92' lang='lat' dir='ltr'><strong>quisque</strong></span> <span class='ocrx_word' id='word_1_107' title='bbox 638 1553 766 1618; x_wconf 86' lang='lat' dir='ltr'><strong>functus</strong></span> <span class='ocrx_word' id='word_1_108' title='bbox 785 1576 822 1618; x_wconf 93' lang='lat' dir='ltr'><strong>eo</strong></span> <span class='ocrx_word' id='word_1_109' title='bbox 840 1577 968 1620; x_wconf 90' lang='lat' dir='ltr'><strong>munere</strong></span> <span class='ocrx_word' id='word_1_110' title='bbox 987 1566 1080 1621; x_wconf 81' lang='lat' dir='ltr'><strong>esset</strong></span> 
     </span>
     <span class='ocr_line' id='line_1_15' title="bbox 130 1646 1130 1736; baseline 0.007 -25"><span class='ocrx_word' id='word_1_111' title='bbox 130 1646 211 1712; x_wconf 83' lang='lat' dir='ltr'><strong>Lx.</strong></span> <span class='ocrx_word' id='word_1_112' title='bbox 248 1646 334 1712; x_wconf 90' lang='lat' dir='ltr'><strong>Nihil</strong></span> <span class='ocrx_word' id='word_1_113' title='bbox 356 1656 520 1733; x_wconf 89' lang='lat' dir='ltr'><strong>acceptum</strong></span> <span class='ocrx_word' id='word_1_114' title='bbox 541 1670 692 1730; x_wconf 89' lang='lat' dir='ltr'><strong>umquam</strong></span> <span class='ocrx_word' id='word_1_115' title='bbox 714 1671 733 1712; x_wconf 90' lang='lat' dir='ltr'><strong>a</strong></span> <span class='ocrx_word' id='word_1_116' title='bbox 758 1647 850 1733; x_wconf 89' lang='lat' dir='ltr'><strong>plebe</strong></span> <span class='ocrx_word' id='word_1_117' title='bbox 872 1659 958 1715; x_wconf 87' lang='lat' dir='ltr'><strong>tanto</strong></span> <span class='ocrx_word' id='word_1_118' title='bbox 980 1650 1130 1736; x_wconf 78' lang='lat' dir='ltr'><strong>gaudini</strong></span> 
     </span>
     <span class='ocr_line' id='line_1_16' title="bbox 77 1743 1097 1828; baseline 0.003 -22"><span class='ocrx_word' id='word_1_119' title='bbox 77 1743 208 1807; x_wconf 78' lang='lat' dir='ltr'><strong>raditur.</strong></span> <span class='ocrx_word' id='word_1_120' title='bbox 239 1762 427 1808; x_wconf 90' lang='lat' dir='ltr'><strong>concursum</strong></span> <span class='ocrx_word' id='word_1_121' title='bbox 447 1743 553 1825; x_wconf 83' lang='lat' dir='ltr'><strong>itaque</strong></span> <span class='ocrx_word' id='word_1_122' title='bbox 576 1743 616 1806; x_wconf 90' lang='lat' dir='ltr'><strong>ad</strong></span> <span class='ocrx_word' id='word_1_123' title='bbox 638 1743 757 1807; x_wconf 91' lang='lat' dir='ltr'><strong>curiam</strong></span> <span class='ocrx_word' id='word_1_124' title='bbox 780 1765 850 1807; x_wconf 89' lang='lat' dir='ltr'><strong>esse</strong></span> <span class='ocrx_word' id='word_1_125' title='bbox 872 1753 1097 1828; x_wconf 82' lang='lat' dir='ltr'><strong>prensatasque</strong></span> 
     </span>
     <span class='ocr_line' id='line_1_17' title="bbox 77 1835 1097 1921; baseline 0.001 -20"><span class='ocrx_word' id='word_1_126' title='bbox 77 1837 249 1903; x_wconf 72' lang='lat' dir='ltr'><strong>exeuntium</strong></span> <span class='ocrx_word' id='word_1_127' title='bbox 265 1859 379 1902; x_wconf 90' lang='lat' dir='ltr'><strong>manus</strong></span> <span class='ocrx_word' id='word_1_128' title='bbox 397 1846 428 1900; x_wconf 88' lang='lat' dir='ltr'><strong>et</strong></span> <span class='ocrx_word' id='word_1_129' title='bbox 444 1847 549 1921; x_wconf 90' lang='lat' dir='ltr'><strong>patres</strong></span> <span class='ocrx_word' id='word_1_130' title='bbox 568 1859 641 1901; x_wconf 83' lang='lat' dir='ltr'><strong>vere</strong></span> <span class='ocrx_word' id='word_1_131' title='bbox 660 1835 842 1921; x_wconf 89' lang='lat' dir='ltr'><strong>appellatos,</strong></span> <span class='ocrx_word' id='word_1_132' title='bbox 862 1837 1010 1906; x_wconf 89' lang='lat' dir='ltr'><strong>effectum</strong></span> <span class='ocrx_word' id='word_1_133' title='bbox 1027 1860 1097 1902; x_wconf 90' lang='lat' dir='ltr'><strong>esse</strong></span> 
     </span>
     <span class='ocr_line' id='line_1_18' title="bbox 77 1931 1099 2016; baseline 0 -20"><span class='ocrx_word' id='word_1_134' title='bbox 77 1931 255 2009; x_wconf 73' lang='lat' dir='ltr'><strong>latentibus,</strong></span> <span class='ocrx_word' id='word_1_135' title='bbox 273 1940 310 1996; x_wconf 92' lang='lat' dir='ltr'><strong>ut</strong></span> <span class='ocrx_word' id='word_1_136' title='bbox 326 1953 419 1996; x_wconf 91' lang='lat' dir='ltr'><strong>nemo</strong></span> <span class='ocrx_word' id='word_1_137' title='bbox 436 1953 493 2016; x_wconf 90' lang='lat' dir='ltr'><strong>pro</strong></span> <span class='ocrx_word' id='word_1_138' title='bbox 511 1939 575 1995; x_wconf 86' lang='lat' dir='ltr'><strong>tam</strong></span> <span class='ocrx_word' id='word_1_139' title='bbox 593 1931 741 1996; x_wconf 85' lang='lat' dir='ltr'><strong>munifica</strong></span> <span class='ocrx_word' id='word_1_140' title='bbox 757 1931 871 2015; x_wconf 83' lang='lat' dir='ltr'><strong>patria,</strong></span> <span class='ocrx_word' id='word_1_141' title='bbox 894 1932 993 1996; x_wconf 90' lang='lat' dir='ltr'><strong>donec</strong></span> <span class='ocrx_word' id='word_1_142' title='bbox 1011 1932 1099 2015; x_wconf 88' lang='lat' dir='ltr'><strong>quie-</strong></span> 
     </span>
     <span class='ocr_line' id='line_1_19' title="bbox 77 2025 1096 2112; baseline -0.001 -21"><span class='ocrx_word' id='word_1_143' title='bbox 77 2048 162 2110; x_wconf 72' lang='lat' dir='ltr'><strong>quam</strong></span> <span class='ocrx_word' id='word_1_144' title='bbox 174 2026 291 2091; x_wconf 90' lang='lat' dir='ltr'><strong>virium</strong></span> <span class='ocrx_word' id='word_1_145' title='bbox 306 2035 494 2111; x_wconf 87' lang='lat' dir='ltr'><strong>superesset,</strong></span> <span class='ocrx_word' id='word_1_146' title='bbox 513 2026 635 2110; x_wconf 89' lang='lat' dir='ltr'><strong>corpori</strong></span> <span class='ocrx_word' id='word_1_147' title='bbox 649 2035 703 2090; x_wconf 89' lang='lat' dir='ltr'><strong>aut</strong></span> <span class='ocrx_word' id='word_1_148' title='bbox 717 2025 863 2111; x_wconf 85' lang='lat' dir='ltr'><strong>sanguini</strong></span> <span class='ocrx_word' id='word_1_149' title='bbox 876 2048 933 2091; x_wconf 91' lang='lat' dir='ltr'><strong>suo</strong></span> <span class='ocrx_word' id='word_1_150' title='bbox 946 2035 1096 2112; x_wconf 81' lang='lat' dir='ltr'><strong>parceret.</strong></span> 
     </span>
     <span class='ocr_line' id='line_1_20' title="bbox 77 2118 1132 2205; baseline 0.002 -20"><span class='ocrx_word' id='word_1_151' title='bbox 77 2142 138 2185; x_wconf 72' lang='lat' dir='ltr'><strong>aum</strong></span> <span class='ocrx_word' id='word_1_152' title='bbox 156 2120 363 2186; x_wconf 86' lang='lat' dir='ltr'><strong>commoditas</strong></span> <span class='ocrx_word' id='word_1_153' title='bbox 380 2118 521 2197; x_wconf 87' lang='lat' dir='ltr'><strong>iuvabat,</strong></span> <span class='ocrx_word' id='word_1_154' title='bbox 548 2142 615 2184; x_wconf 91' lang='lat' dir='ltr'><strong>rem</strong></span> <span class='ocrx_word' id='word_1_155' title='bbox 632 2119 819 2184; x_wconf 86' lang='lat' dir='ltr'><strong>familiarem</strong></span> <span class='ocrx_word' id='word_1_156' title='bbox 837 2120 948 2185; x_wconf 89' lang='lat' dir='ltr'><strong>saltem</strong></span> <span class='ocrx_word' id='word_1_157' title='bbox 970 2122 1098 2205; x_wconf 89' lang='lat' dir='ltr'><strong>adquie·</strong></span> <span class='ocrx_word' id='word_1_158' title='bbox 1116 2141 1132 2187; x_wconf 82' lang='lat'><strong>2</strong></span> 
     </span>
     <span class='ocr_line' id='line_1_21' title="bbox 77 2215 1097 2299; baseline -0.002 -18"><span class='ocrx_word' id='word_1_159' title='bbox 77 2238 152 2281; x_wconf 77' lang='lat' dir='ltr'><strong>rcere</strong></span> <span class='ocrx_word' id='word_1_160' title='bbox 175 2238 214 2280; x_wconf 94' lang='lat' dir='ltr'><strong>eo</strong></span> <span class='ocrx_word' id='word_1_161' title='bbox 237 2225 391 2299; x_wconf 90' lang='lat' dir='ltr'><strong>tempore,</strong></span> <span class='ocrx_word' id='word_1_162' title='bbox 419 2236 482 2299; x_wconf 93' lang='lat' dir='ltr'><strong>quo</strong></span> <span class='ocrx_word' id='word_1_163' title='bbox 505 2237 618 2299; x_wconf 90' lang='lat' dir='ltr'><strong>corpus</strong></span> <span class='ocrx_word' id='word_1_164' title='bbox 642 2215 802 2278; x_wconf 88' lang='lat' dir='ltr'><strong>addictum</strong></span> <span class='ocrx_word' id='word_1_165' title='bbox 824 2224 917 2298; x_wconf 91' lang='lat' dir='ltr'><strong>atque</strong></span> <span class='ocrx_word' id='word_1_166' title='bbox 935 2226 1097 2299; x_wconf 90' lang='lat' dir='ltr'><strong>operatum</strong></span> 
     </span>
     <span class='ocr_line' id='line_1_22' title="bbox 77 2307 1098 2396; baseline -0.005 -20"><span class='ocrx_word' id='word_1_167' title='bbox 77 2310 110 2376; x_wconf 79' lang='lat' dir='ltr'><strong>ei</strong></span> <span class='ocrx_word' id='word_1_168' title='bbox 122 2309 270 2396; x_wconf 88' lang='lat' dir='ltr'><strong>publicae</strong></span> <span class='ocrx_word' id='word_1_169' title='bbox 283 2318 376 2387; x_wconf 88' lang='lat' dir='ltr'><strong>esset,</strong></span> <span class='ocrx_word' id='word_1_170' title='bbox 396 2318 472 2386; x_wconf 93' lang='lat' dir='ltr'><strong>tum,</strong></span> <span class='ocrx_word' id='word_1_171' title='bbox 491 2309 577 2392; x_wconf 93' lang='lat' dir='ltr'><strong>quod</strong></span> <span class='ocrx_word' id='word_1_172' title='bbox 594 2307 675 2372; x_wconf 89' lang='lat' dir='ltr'><strong>ultro</strong></span> <span class='ocrx_word' id='word_1_173' title='bbox 695 2307 755 2373; x_wconf 92' lang='lat' dir='ltr'><strong>sibi</strong></span> <span class='ocrx_word' id='word_1_174' title='bbox 768 2307 908 2372; x_wconf 87' lang='lat' dir='ltr'><strong>oblatum</strong></span> <span class='ocrx_word' id='word_1_175' title='bbox 923 2317 1015 2386; x_wconf 86' lang='lat' dir='ltr'><strong>esset,</strong></span> <span class='ocrx_word' id='word_1_176' title='bbox 1033 2330 1098 2372; x_wconf 90' lang='lat' dir='ltr'><strong>non</strong></span> 
     </span>
     <span class='ocr_line' id='line_1_23' title="bbox 77 2400 1096 2488; baseline 0 -20"><span class='ocrx_word' id='word_1_177' title='bbox 77 2427 86 2468; x_wconf 87' lang='grc' dir='ltr'>ι</span> <span class='ocrx_word' id='word_1_178' title='bbox 101 2403 236 2469; x_wconf 83' lang='lat' dir='ltr'><strong>tribunis</strong></span> <span class='ocrx_word' id='word_1_179' title='bbox 254 2401 356 2487; x_wconf 91' lang='lat' dir='ltr'><strong>plebis</strong></span> <span class='ocrx_word' id='word_1_180' title='bbox 374 2424 523 2485; x_wconf 84' lang='lat' dir='ltr'><strong>umquam</strong></span> <span class='ocrx_word' id='word_1_181' title='bbox 541 2402 708 2488; x_wconf 87' lang='lat' dir='ltr'><strong>agitatum,</strong></span> <span class='ocrx_word' id='word_1_182' title='bbox 731 2423 794 2466; x_wconf 91' lang='lat' dir='ltr'><strong>non</strong></span> <span class='ocrx_word' id='word_1_183' title='bbox 812 2401 877 2466; x_wconf 91' lang='lat' dir='ltr'><strong>suis</strong></span> <span class='ocrx_word' id='word_1_184' title='bbox 902 2400 1096 2468; x_wconf 83' lang='lat' dir='ltr'><strong>sermonibus</strong></span> 
     </span>
     <span class='ocr_line' id='line_1_24' title="bbox 77 2495 1099 2585; baseline -0.002 -23"><span class='ocrx_word' id='word_1_185' title='bbox 77 2497 288 2585; x_wconf 67' lang='lat' dir='ltr'><strong>efflagitatum,</strong></span> <span class='ocrx_word' id='word_1_186' title='bbox 314 2497 348 2561; x_wconf 95' lang='lat' dir='ltr'><strong>id</strong></span> <span class='ocrx_word' id='word_1_187' title='bbox 368 2496 526 2562; x_wconf 87' lang='lat' dir='ltr'><strong>efficiebat</strong></span> <span class='ocrx_word' id='word_1_188' title='bbox 551 2496 715 2581; x_wconf 87' lang='lat' dir='ltr'><strong>multiplex</strong></span> <span class='ocrx_word' id='word_1_189' title='bbox 736 2495 888 2582; x_wconf 86' lang='lat' dir='ltr'><strong>gaudium</strong></span> <span class='ocrx_word' id='word_1_190' title='bbox 914 2495 1099 2560; x_wconf 89' lang='lat' dir='ltr'><strong>cumulatio·</strong></span> 
     </span>
     <span class='ocr_line' id='line_1_25' title="bbox 77 2589 1132 2679; baseline 0.002 -23"><span class='ocrx_word' id='word_1_191' title='bbox 77 2613 193 2677; x_wconf 82' lang='lat' dir='ltr'><strong>remque</strong></span> <span class='ocrx_word' id='word_1_192' title='bbox 215 2592 350 2679; x_wconf 87' lang='lat' dir='ltr'><strong>gratiam</strong></span> <span class='ocrx_word' id='word_1_193' title='bbox 371 2591 425 2656; x_wconf 91' lang='lat' dir='ltr'><strong>rei.</strong></span> <span class='ocrx_word' id='word_1_194' title='bbox 466 2590 582 2655; x_wconf 84' lang='lat' dir='ltr'><strong>tribuni</strong></span> <span class='ocrx_word' id='word_1_195' title='bbox 607 2589 723 2676; x_wconf 90' lang='lat' dir='ltr'><strong>plebis,</strong></span> <span class='ocrx_word' id='word_1_196' title='bbox 751 2590 925 2654; x_wconf 91' lang='lat' dir='ltr'><strong>communis</strong></span> <span class='ocrx_word' id='word_1_197' title='bbox 953 2589 1132 2658; x_wconf 76' lang='lat' dir='ltr'><strong>ordinums</strong></span> 
     </span>
     <span class='ocr_line' id='line_1_26' title="bbox 77 2682 1097 2770; baseline -0.005 -18"><span class='ocrx_word' id='word_1_198' title='bbox 77 2687 199 2752; x_wconf 82' lang='lat' dir='ltr'><strong>aetitiae</strong></span> <span class='ocrx_word' id='word_1_199' title='bbox 210 2685 457 2770; x_wconf 86' lang='lat' dir='ltr'><strong>concordiaeque</strong></span> <span class='ocrx_word' id='word_1_200' title='bbox 467 2684 527 2750; x_wconf 90' lang='lat' dir='ltr'><strong>soli</strong></span> <span class='ocrx_word' id='word_1_201' title='bbox 540 2694 693 2770; x_wconf 89' lang='lat' dir='ltr'><strong>expertes,</strong></span> <span class='ocrx_word' id='word_1_202' title='bbox 713 2705 838 2770; x_wconf 85' lang='lat' dir='ltr'><strong>negare,</strong></span> <span class='ocrx_word' id='word_1_203' title='bbox 857 2693 921 2748; x_wconf 87' lang='lat' dir='ltr'><strong>tam</strong></span> <span class='ocrx_word' id='word_1_204' title='bbox 934 2682 967 2747; x_wconf 93' lang='lat' dir='ltr'><strong>id</strong></span> <span class='ocrx_word' id='word_1_205' title='bbox 980 2682 1097 2748; x_wconf 89' lang='lat' dir='ltr'><strong>laetum</strong></span> 
     </span>
     <span class='ocr_line' id='line_1_27' title="bbox 77 2778 1097 2867; baseline -0.006 -18"><span class='ocrx_word' id='word_1_206' title='bbox 77 2782 216 2867; x_wconf 65' lang='lat' dir='ltr'><strong>ratribus,</strong></span> <span class='ocrx_word' id='word_1_207' title='bbox 235 2779 392 2857; x_wconf 89' lang='lat' dir='ltr'><strong>universis</strong></span> <span class='ocrx_word' id='word_1_208' title='bbox 410 2778 497 2864; x_wconf 90' lang='lat' dir='ltr'><strong>(nec)</strong></span> <span class='ocrx_word' id='word_1_209' title='bbox 514 2801 701 2865; x_wconf 92' lang='lat' dir='ltr'><strong>prosperum</strong></span> <span class='ocrx_word' id='word_1_210' title='bbox 718 2778 786 2843; x_wconf 82' lang='lat' dir='ltr'><strong>fore</strong></span> <span class='ocrx_word' id='word_1_211' title='bbox 804 2800 900 2862; x_wconf 87' lang='lat' dir='ltr'><strong>quam</strong></span> <span class='ocrx_word' id='word_1_212' title='bbox 915 2778 977 2864; x_wconf 92' lang='lat' dir='ltr'><strong>ipsi</strong></span> <span class='ocrx_word' id='word_1_213' title='bbox 991 2778 1097 2843; x_wconf 87' lang='lat' dir='ltr'><strong>crede·</strong></span> 
     </span>
     <span class='ocr_line' id='line_1_28' title="bbox 77 2873 1097 2961; baseline -0.004 -19"><span class='ocrx_word' id='word_1_214' title='bbox 77 2887 143 2942; x_wconf 82' lang='lat' dir='ltr'><strong>ent</strong></span> <span class='ocrx_word' id='word_1_215' title='bbox 178 2875 346 2942; x_wconf 90' lang='lat' dir='ltr'><strong>consilium</strong></span> <span class='ocrx_word' id='word_1_216' title='bbox 364 2874 468 2961; x_wconf 90' lang='lat' dir='ltr'><strong>specie</strong></span> <span class='ocrx_word' id='word_1_217' title='bbox 485 2874 587 2959; x_wconf 89' lang='lat' dir='ltr'><strong>prima</strong></span> <span class='ocrx_word' id='word_1_218' title='bbox 604 2873 715 2938; x_wconf 92' lang='lat' dir='ltr'><strong>melius</strong></span> <span class='ocrx_word' id='word_1_219' title='bbox 733 2873 833 2939; x_wconf 90' lang='lat' dir='ltr'><strong>fuisse</strong></span> <span class='ocrx_word' id='word_1_220' title='bbox 851 2896 946 2958; x_wconf 88' lang='lat' dir='ltr'><strong>quam</strong></span> <span class='ocrx_word' id='word_1_221' title='bbox 963 2896 1025 2938; x_wconf 90' lang='lat' dir='ltr'><strong>usu</strong></span> <span class='ocrx_word' id='word_1_222' title='bbox 1041 2897 1097 2960; x_wconf 91' lang='lat' dir='ltr'><strong>ap-</strong></span> 
     </span>
     <span class='ocr_line' id='line_1_29' title="bbox 77 2968 1130 3053; baseline 0 -18"><span class='ocrx_word' id='word_1_223' title='bbox 77 2970 249 3037; x_wconf 80' lang='lat' dir='ltr'><strong>tariturum.</strong></span> <span class='ocrx_word' id='word_1_224' title='bbox 285 2970 370 3034; x_wconf 90' lang='lat' dir='ltr'><strong>unde</strong></span> <span class='ocrx_word' id='word_1_225' title='bbox 392 2969 476 3034; x_wconf 91' lang='lat' dir='ltr'><strong>enim</strong></span> <span class='ocrx_word' id='word_1_226' title='bbox 498 2991 568 3033; x_wconf 93' lang='lat' dir='ltr'><strong>eam</strong></span> <span class='ocrx_word' id='word_1_227' title='bbox 590 2968 755 3053; x_wconf 91' lang='lat' dir='ltr'><strong>pecuniam</strong></span> <span class='ocrx_word' id='word_1_228' title='bbox 778 2968 890 3033; x_wconf 87' lang='lat' dir='ltr'><strong>confici</strong></span> <span class='ocrx_word' id='word_1_229' title='bbox 916 2990 1010 3053; x_wconf 89' lang='lat' dir='ltr'><strong>posse</strong></span> <span class='ocrx_word' id='word_1_230' title='bbox 1036 2968 1130 3036; x_wconf 71' lang='lat' dir='ltr'><strong>nisis</strong></span> 
     </span>
     <span class='ocr_line' id='line_1_30' title="bbox 77 3062 1096 3151; baseline -0.003 -21"><span class='ocrx_word' id='word_1_231' title='bbox 77 3065 182 3130; x_wconf 88' lang='lat' dir='ltr'><strong>ributo</strong></span> <span class='ocrx_word' id='word_1_232' title='bbox 192 3065 312 3151; x_wconf 89' lang='lat' dir='ltr'><strong>populo</strong></span> <span class='ocrx_word' id='word_1_233' title='bbox 324 3063 461 3129; x_wconf 87' lang='lat' dir='ltr'><strong>indicto?</strong></span> <span class='ocrx_word' id='word_1_234' title='bbox 478 3085 518 3128; x_wconf 91' lang='lat' dir='ltr'><strong>ex</strong></span> <span class='ocrx_word' id='word_1_235' title='bbox 531 3063 632 3128; x_wconf 88' lang='lat' dir='ltr'><strong>alieno</strong></span> <span class='ocrx_word' id='word_1_236' title='bbox 645 3062 740 3150; x_wconf 83' lang='lat' dir='ltr'><strong>igitur</strong></span> <span class='ocrx_word' id='word_1_237' title='bbox 750 3063 818 3126; x_wconf 90' lang='lat' dir='ltr'><strong>aliis</strong></span> <span class='ocrx_word' id='word_1_238' title='bbox 828 3062 967 3148; x_wconf 83' lang='lat' dir='ltr'><strong>largitos.</strong></span> <span class='ocrx_word' id='word_1_239' title='bbox 994 3084 1096 3146; x_wconf 92' lang='lat' dir='ltr'><strong>neque</strong></span> 
     </span>
     <span class='ocr_line' id='line_1_31' title="bbox 79 3156 1097 3243; baseline -0.003 -20"><span class='ocrx_word' id='word_1_240' title='bbox 79 3159 112 3238; x_wconf 94' lang='lat' dir='ltr'><strong>d,</strong></span> <span class='ocrx_word' id='word_1_241' title='bbox 131 3158 221 3224; x_wconf 85' lang='lat' dir='ltr'><strong>etiam</strong></span> <span class='ocrx_word' id='word_1_242' title='bbox 234 3159 263 3224; x_wconf 89' lang='lat' dir='ltr'><strong>si</strong></span> <span class='ocrx_word' id='word_1_243' title='bbox 276 3159 370 3224; x_wconf 87' lang='lat' dir='ltr'><strong>ceteri</strong></span> <span class='ocrx_word' id='word_1_244' title='bbox 382 3158 493 3236; x_wconf 82' lang='lat' dir='ltr'><strong>ferant,</strong></span> <span class='ocrx_word' id='word_1_245' title='bbox 511 3180 661 3243; x_wconf 89' lang='lat' dir='ltr'><strong>passuros</strong></span> <span class='ocrx_word' id='word_1_246' title='bbox 676 3179 740 3233; x_wconf 91' lang='lat' dir='ltr'><strong>eos,</strong></span> <span class='ocrx_word' id='word_1_247' title='bbox 759 3156 873 3240; x_wconf 91' lang='lat' dir='ltr'><strong>quibus</strong></span> <span class='ocrx_word' id='word_1_248' title='bbox 891 3156 954 3220; x_wconf 91' lang='lat' dir='ltr'><strong>iam</strong></span> <span class='ocrx_word' id='word_1_249' title='bbox 968 3157 1097 3220; x_wconf 89' lang='lat' dir='ltr'><strong>emerita</strong></span> 
     </span>
     <span class='ocr_line' id='line_1_32' title="bbox 77 3251 1094 3342; baseline -0.004 -25"><span class='ocrx_word' id='word_1_250' title='bbox 77 3254 221 3342; x_wconf 63' lang='lat' dir='ltr'><strong>stipendia</strong></span> <span class='ocrx_word' id='word_1_251' title='bbox 242 3263 363 3333; x_wconf 90' lang='lat' dir='ltr'><strong>essent,</strong></span> <span class='ocrx_word' id='word_1_252' title='bbox 390 3254 517 3319; x_wconf 90' lang='lat' dir='ltr'><strong>meliore</strong></span> <span class='ocrx_word' id='word_1_253' title='bbox 540 3253 723 3320; x_wconf 88' lang='lat' dir='ltr'><strong>condicione</strong></span> <span class='ocrx_word' id='word_1_254' title='bbox 745 3251 823 3317; x_wconf 89' lang='lat' dir='ltr'><strong>alios</strong></span> <span class='ocrx_word' id='word_1_255' title='bbox 846 3251 977 3315; x_wconf 86' lang='lat' dir='ltr'><strong>militare</strong></span> <span class='ocrx_word' id='word_1_256' title='bbox 1000 3271 1094 3333; x_wconf 86' lang='lat' dir='ltr'><strong>quam</strong></span> 
     </span>
     <span class='ocr_line' id='line_1_33' title="bbox 77 3344 1096 3436; baseline -0.006 -21"><span class='ocrx_word' id='word_1_257' title='bbox 77 3351 126 3436; x_wconf 89' lang='lat' dir='ltr'><strong>psi</strong></span> <span class='ocrx_word' id='word_1_258' title='bbox 142 3349 345 3428; x_wconf 87' lang='lat' dir='ltr'><strong>militassent,</strong></span> <span class='ocrx_word' id='word_1_259' title='bbox 373 3357 404 3413; x_wconf 91' lang='lat' dir='ltr'><strong>et</strong></span> <span class='ocrx_word' id='word_1_260' title='bbox 422 3349 550 3413; x_wconf 90' lang='lat' dir='ltr'><strong>eosdem</strong></span> <span class='ocrx_word' id='word_1_261' title='bbox 567 3349 601 3412; x_wconf 90' lang='lat' dir='ltr'><strong>in</strong></span> <span class='ocrx_word' id='word_1_262' title='bbox 619 3371 677 3412; x_wconf 87' lang='lat' dir='ltr'><strong>sua</strong></span> <span class='ocrx_word' id='word_1_263' title='bbox 704 3346 858 3431; x_wconf 87' lang='lat' dir='ltr'><strong>stipendia</strong></span> <span class='ocrx_word' id='word_1_264' title='bbox 879 3345 1026 3430; x_wconf 90' lang='lat' dir='ltr'><strong>inpensas</strong></span> <span class='ocrx_word' id='word_1_265' title='bbox 1048 3344 1096 3409; x_wconf 86' lang='lat' dir='ltr'><strong>fe-</strong></span> 
     </span>
     <span class='ocr_line' id='line_1_34' title="bbox 77 3438 1129 3525; baseline -0.002 -15"><span class='ocrx_word' id='word_1_266' title='bbox 77 3445 145 3510; x_wconf 83' lang='lat' dir='ltr'><strong>isse</strong></span> <span class='ocrx_word' id='word_1_267' title='bbox 163 3454 196 3510; x_wconf 84' lang='lat' dir='ltr'><strong>et</strong></span> <span class='ocrx_word' id='word_1_268' title='bbox 212 3444 247 3508; x_wconf 89' lang='lat' dir='ltr'><strong>iu</strong></span> <span class='ocrx_word' id='word_1_269' title='bbox 264 3443 396 3509; x_wconf 89' lang='lat' dir='ltr'><strong>aliorum</strong></span> <span class='ocrx_word' id='word_1_270' title='bbox 413 3442 526 3508; x_wconf 83' lang='lat' dir='ltr'><strong>facere.</strong></span> <span class='ocrx_word' id='word_1_271' title='bbox 562 3441 612 3506; x_wconf 89' lang='lat' dir='ltr'><strong>bis</strong></span> <span class='ocrx_word' id='word_1_272' title='bbox 635 3438 766 3507; x_wconf 87' lang='lat' dir='ltr'><strong>vocibus</strong></span> <span class='ocrx_word' id='word_1_273' title='bbox 788 3447 952 3504; x_wconf 88' lang='lat' dir='ltr'><strong>moverunt</strong></span> <span class='ocrx_word' id='word_1_274' title='bbox 973 3449 1095 3525; x_wconf 90' lang='lat' dir='ltr'><strong>partem</strong></span> <span class='ocrx_word' id='word_1_275' title='bbox 1113 3460 1129 3508; x_wconf 84' lang='lat' dir='ltr'><strong>o</strong></span> 
     </span>
     <span class='ocr_line' id='line_1_35' title="bbox 77 3533 1096 3624; baseline -0.007 -20"><span class='ocrx_word' id='word_1_276' title='bbox 77 3538 175 3605; x_wconf 78' lang='lat' dir='ltr'><strong>debis.</strong></span> <span class='ocrx_word' id='word_1_277' title='bbox 211 3547 373 3624; x_wconf 88' lang='lat' dir='ltr'><strong>postremo</strong></span> <span class='ocrx_word' id='word_1_278' title='bbox 389 3538 506 3602; x_wconf 89' lang='lat' dir='ltr'><strong>indicto</strong></span> <span class='ocrx_word' id='word_1_279' title='bbox 524 3537 587 3601; x_wconf 89' lang='lat' dir='ltr'><strong>iam</strong></span> <span class='ocrx_word' id='word_1_280' title='bbox 605 3535 721 3600; x_wconf 86' lang='lat' dir='ltr'><strong>tributo</strong></span> <span class='ocrx_word' id='word_1_281' title='bbox 745 3534 909 3599; x_wconf 85' lang='lat' dir='ltr'><strong>edixerunt</strong></span> <span class='ocrx_word' id='word_1_282' title='bbox 931 3533 1024 3598; x_wconf 91' lang='lat' dir='ltr'><strong>etiam</strong></span> <span class='ocrx_word' id='word_1_283' title='bbox 1043 3534 1096 3597; x_wconf 87' lang='lat' dir='ltr'><strong>tri-</strong></span> 
     </span>
     <span class='ocr_line' id='line_1_36' title="bbox 77 3627 1095 3714; baseline -0.002 -20"><span class='ocrx_word' id='word_1_284' title='bbox 77 3634 150 3712; x_wconf 78' lang='lat' dir='ltr'><strong>nni,</strong></span> <span class='ocrx_word' id='word_1_285' title='bbox 169 3632 288 3699; x_wconf 88' lang='lat' dir='ltr'><strong>auxilio</strong></span> <span class='ocrx_word' id='word_1_286' title='bbox 307 3655 340 3698; x_wconf 94' lang='lat' dir='ltr'><strong>se</strong></span> <span class='ocrx_word' id='word_1_287' title='bbox 358 3631 491 3709; x_wconf 83' lang='lat' dir='ltr'><strong>futuros,</strong></span> <span class='ocrx_word' id='word_1_288' title='bbox 511 3632 538 3696; x_wconf 92' lang='lat' dir='ltr'><strong>si</strong></span> <span class='ocrx_word' id='word_1_289' title='bbox 552 3629 623 3714; x_wconf 88' lang='lat' dir='ltr'><strong>quis</strong></span> <span class='ocrx_word' id='word_1_290' title='bbox 636 3629 669 3693; x_wconf 91' lang='lat' dir='ltr'><strong>in</strong></span> <span class='ocrx_word' id='word_1_291' title='bbox 687 3628 819 3693; x_wconf 88' lang='lat' dir='ltr'><strong>militare</strong></span> <span class='ocrx_word' id='word_1_292' title='bbox 838 3627 1027 3713; x_wconf 86' lang='lat' dir='ltr'><strong>stipendium</strong></span> <span class='ocrx_word' id='word_1_293' title='bbox 1041 3627 1095 3692; x_wconf 80' lang='lat' dir='ltr'><strong>tri-</strong></span> 
     </span>
     <span class='ocr_line' id='line_1_37' title="bbox 77 3724 1129 3811; baseline 0.004 -23"><span class='ocrx_word' id='word_1_294' title='bbox 77 3737 175 3794; x_wconf 80' lang='lat' dir='ltr'><strong>tutum</strong></span> <span class='ocrx_word' id='word_1_295' title='bbox 191 3750 258 3792; x_wconf 90' lang='lat' dir='ltr'><strong>non</strong></span> <span class='ocrx_word' id='word_1_296' title='bbox 280 3727 471 3792; x_wconf 85' lang='lat' dir='ltr'><strong>contulisset.</strong></span> <span class='ocrx_word' id='word_1_297' title='bbox 507 3735 612 3811; x_wconf 85' lang='lat' dir='ltr'><strong>patres</strong></span> <span class='ocrx_word' id='word_1_298' title='bbox 634 3724 714 3789; x_wconf 90' lang='lat' dir='ltr'><strong>bene</strong></span> <span class='ocrx_word' id='word_1_299' title='bbox 736 3734 880 3809; x_wconf 90' lang='lat' dir='ltr'><strong>coeptam</strong></span> <span class='ocrx_word' id='word_1_300' title='bbox 901 3746 967 3789; x_wconf 92' lang='lat' dir='ltr'><strong>rem</strong></span> <span class='ocrx_word' id='word_1_301' title='bbox 988 3744 1095 3808; x_wconf 90' lang='lat' dir='ltr'><strong>perse·</strong></span> <span class='ocrx_word' id='word_1_302' title='bbox 1112 3743 1129 3792; x_wconf 83' lang='grc'>6</span> 
     </span>
     <span class='ocr_line' id='line_1_38' title="bbox 77 3819 1095 3907; baseline -0.007 -19"><span class='ocrx_word' id='word_1_303' title='bbox 77 3832 208 3889; x_wconf 72' lang='lat' dir='ltr'><strong>crantor</strong></span> <span class='ocrx_word' id='word_1_304' title='bbox 216 3821 311 3901; x_wconf 86' lang='lat' dir='ltr'><strong>tueri3</strong></span> <span class='ocrx_word' id='word_1_305' title='bbox 330 3822 470 3886; x_wconf 88' lang='lat' dir='ltr'><strong>conferre</strong></span> <span class='ocrx_word' id='word_1_306' title='bbox 478 3819 540 3907; x_wconf 91' lang='lat' dir='ltr'><strong>ipsi</strong></span> <span class='ocrx_word' id='word_1_307' title='bbox 548 3819 649 3905; x_wconf 89' lang='lat' dir='ltr'><strong>primi,</strong></span> <span class='ocrx_word' id='word_1_308' title='bbox 660 3828 691 3883; x_wconf 92' lang='lat' dir='ltr'><strong>et</strong></span> <span class='ocrx_word' id='word_1_309' title='bbox 699 3819 773 3902; x_wconf 90' lang='lat' dir='ltr'><strong>quia</strong></span> <span class='ocrx_word' id='word_1_310' title='bbox 782 3819 921 3883; x_wconf 89' lang='lat' dir='ltr'><strong>nondum</strong></span> <span class='ocrx_word' id='word_1_311' title='bbox 931 3826 1095 3903; x_wconf 84' lang='lat' dir='ltr'><strong>argentum</strong></span> 
     </span>
     <span class='ocr_line' id='line_1_39' title="bbox 77 3914 1095 4006; baseline -0.009 -21"><span class='ocrx_word' id='word_1_312' title='bbox 77 3915 224 4006; x_wconf 83' lang='lat' dir='ltr'><strong>dgnatum</strong></span> <span class='ocrx_word' id='word_1_313' title='bbox 233 3927 309 3996; x_wconf 85' lang='lat' dir='ltr'><strong>erat,</strong></span> <span class='ocrx_word' id='word_1_314' title='bbox 328 3940 381 3997; x_wconf 83' lang='lat' dir='ltr'><strong>aes</strong></span> <span class='ocrx_word' id='word_1_315' title='bbox 391 3939 488 4004; x_wconf 85' lang='lat' dir='ltr'><strong>grave</strong></span> <span class='ocrx_word' id='word_1_316' title='bbox 500 3915 648 4003; x_wconf 88' lang='lat' dir='ltr'><strong>plaustris</strong></span> <span class='ocrx_word' id='word_1_317' title='bbox 662 3915 790 4000; x_wconf 87' lang='lat' dir='ltr'><strong>quidam</strong></span> <span class='ocrx_word' id='word_1_318' title='bbox 805 3916 846 3980; x_wconf 86' lang='lat' dir='ltr'><strong>ad</strong></span> <span class='ocrx_word' id='word_1_319' title='bbox 858 3914 1011 3980; x_wconf 87' lang='lat' dir='ltr'><strong>aerarium</strong></span> <span class='ocrx_word' id='word_1_320' title='bbox 1021 3935 1095 3977; x_wconf 89' lang='lat' dir='ltr'><strong>con·</strong></span> 
     </span>
     <span class='ocr_line' id='line_1_40' title="bbox 77 4008 1124 4098; baseline -0.005 -19"><span class='ocrx_word' id='word_1_321' title='bbox 77 4013 216 4079; x_wconf 70' lang='lat' dir='ltr'><strong>retentes</strong></span> <span class='ocrx_word' id='word_1_322' title='bbox 235 4011 411 4098; x_wconf 85' lang='lat' dir='ltr'><strong>speciosam</strong></span> <span class='ocrx_word' id='word_1_323' title='bbox 428 4011 523 4077; x_wconf 87' lang='lat' dir='ltr'><strong>etiam</strong></span> <span class='ocrx_word' id='word_1_324' title='bbox 540 4010 747 4076; x_wconf 90' lang='lat' dir='ltr'><strong>conlationem</strong></span> <span class='ocrx_word' id='word_1_325' title='bbox 764 4008 930 4074; x_wconf 83' lang='lat' dir='ltr'><strong>faciebant.</strong></span> <span class='ocrx_word' id='word_1_326' title='bbox 954 4029 1026 4072; x_wconf 90' lang='lat' dir='ltr'><strong>cum</strong></span> <span class='ocrx_word' id='word_1_327' title='bbox 1044 4027 1094 4072; x_wconf 88' lang='lat' dir='ltr'><strong>se·</strong></span> <span class='ocrx_word' id='word_1_328' title='bbox 1111 4023 1124 4074; x_wconf 75' lang='lat' dir='ltr'><strong>t</strong></span> 
     </span>
    </p>
   </div>
   <div class='ocr_carea' id='block_1_3' title="bbox 0 0 1288 4524">
    <p class='ocr_par' dir='ltr' id='par_1_3' title="bbox 0 0 1288 4524">
     <span class='ocr_line' id='line_1_41' title="bbox 0 0 1288 4524; baseline 0 2"><span class='ocrx_word' id='word_1_329' title='bbox 0 0 1288 4524; x_wconf 95' lang='lat' dir='ltr'><strong> </strong></span> 
     </span>
    </p>
   </div>
  </div>
 </body>
</html>
