2566 4524
148 279 191 343 70
430 289 550 343 creua
566 290 608 358 11,
628 290 687 343 er.
707 288 891 358 [susara]

98 472 128 520 11
148 456 303 535 superata.
339 445 504 525 Veientes,
523 446 607 510 vinci
623 444 663 510 ab
681 445 826 511 Romano
843 445 941 510 milite
959 447 1100 526 adsueti,
1118 446 1179 514 fusi

147 542 326 630 fugatique,
354 540 591 624 Tarquiniensis
618 561 720 604 novus
747 540 848 605 bostis
869 562 933 606 non
955 541 1043 606 stetit
1070 542 1178 620 solum,

148 639 206 704 sed
223 637 318 702 etiam
336 635 376 700 ab
395 658 454 699 sua
470 645 559 721 parte
576 634 758 699 Romanum
774 633 905 720 pepulit.

114 753 128 801 1
207 730 284 796 VH.
319 729 371 794 Ita
388 751 461 794 cum
478 739 654 814 pugnatum
677 737 774 806 esset,
802 738 907 794 tantus
929 738 1030 794 terror
1047 728 1179 816 Tarqui·

147 826 235 890 nium
254 833 347 906 atque
364 821 518 887 Etruscos
536 823 678 901 incessit,
701 831 750 900 ut,
773 823 892 888 omissa
908 823 1001 887 inrita
1016 845 1067 901 re,
1090 833 1178 890 nocte

148 918 242 985 ambo
269 917 439 996 exercitus,
462 916 580 982 Veiens
604 917 917 1002 Tarquiniensisque,
946 939 1021 983 suas
1048 918 1177 1004 quisque

117 1013 269 1079 aabirent
292 1013 413 1078 domos.
450 1013 588 1078 adiciunt
609 1012 761 1077 miracula
786 1012 861 1078 huic
887 1034 1028 1099 pugnae:
1057 1013 1176 1080 silentio

146 1109 310 1195 proximae
336 1108 438 1172 noctis
465 1130 506 1172 ex
528 1108 608 1172 silva
629 1106 728 1172 Arsia
748 1109 908 1194 ingentem
931 1108 1049 1174 editam
1071 1129 1175 1175 vocem

148 1241 189 1250 —
210 1200 332 1268 Silvani
348 1223 460 1266 vocem
478 1224 548 1266 eam
566 1202 716 1266 creditam
734 1240 789 1280 -,
812 1201 891 1267 haec
908 1202 1005 1268 dicta:
1028 1225 1094 1268 uno
1110 1202 1174 1288 plus

114 1316 129 1363 a
148 1296 326 1361 Tuscorum
344 1296 495 1361 cecidisse
513 1296 547 1360 in
565 1296 645 1373 acie,
668 1294 793 1359 vincere
811 1295 894 1360 bello
910 1295 1104 1361 Romanum.
1137 1296 1174 1358 ita

148 1399 231 1455 certe
249 1391 321 1454 inde
340 1390 445 1455 abiere
463 1389 599 1454 Romani
620 1398 655 1452 ut
677 1389 826 1466 victores,
853 1387 983 1454 Etrusci
1003 1413 1062 1475 pro
1080 1389 1171 1455 victis.

147 1506 222 1547 nam
239 1494 407 1568 postquam
425 1483 536 1546 inluxit
554 1505 613 1547 neo
631 1483 798 1566 quisquam
815 1482 953 1548 hostium
965 1483 999 1547 in
1011 1491 1171 1570 conspectu

149 1587 228 1654 erat,
256 1576 294 1640 P.
313 1575 459 1642 Valerius
478 1577 589 1642 consul
607 1577 707 1662 spolia
728 1576 806 1662 legit
828 1577 1089 1661 triumphansque
1107 1576 1170 1642 inde

115 1670 285 1736 aRomam
306 1670 406 1735 rediit.
444 1670 583 1756 collegae
605 1669 701 1735 funus
724 1679 842 1754 quanto
869 1679 936 1734 tum
961 1672 1065 1756 potuit
1087 1690 1168 1757 appa·

148 1775 219 1828 ratu
236 1763 320 1842 fecit,
340 1766 397 1829 sed
414 1765 513 1828 multo
531 1764 632 1828 maius
651 1766 744 1829 morti
761 1765 858 1829 decus
876 1764 1003 1849 publica
1020 1765 1082 1830 fuit
1098 1784 1171 1830 moe·

149 1857 246 1934 stitia,
275 1879 311 1922 eo
334 1866 406 1922 ante
429 1858 533 1922 omnia
555 1858 702 1944 insignis,
730 1859 804 1942 quia
826 1867 985 1923 matronae
1008 1881 1124 1924 annum
1141 1864 1170 1922 ut

148 1962 311 2036 parentem
329 1973 402 2015 eum
418 1951 579 2029 luxerunt,
598 1954 683 2036 quod
701 1962 766 2017 tam
783 1975 855 2018 acer
872 1953 954 2018 ultor
971 1953 1106 2020 violatae
1120 1974 1169 2039 pu-

151 2045 274 2109 dicitiae
292 2045 415 2109 fuisset.

117 2160 132 2208 5
218 2138 350 2204 Considi
377 2139 504 2217 deinde,
532 2142 586 2224 qui
613 2142 823 2227 superfuerat,
852 2151 887 2205 ut
914 2152 987 2206 sunt
1013 2140 1167 2208 mutabiles

150 2233 239 2319 volgi
265 2233 374 2311 animi,
406 2256 446 2298 ex
472 2236 580 2300 favore
602 2258 666 2300 non
688 2235 807 2300 invidia
828 2236 935 2312 modo,
964 2237 1021 2301 sed
1044 2234 1167 2324 suspicio

117 2328 246 2397 aetiam
272 2349 344 2391 cum
371 2328 468 2392 atroci
494 2329 622 2393 crimine
649 2339 725 2393 orta.
765 2352 898 2414 regnum
925 2352 998 2394 eum
1024 2331 1166 2395 adfectae

149 2421 236 2486 fama
258 2420 392 2498 ferebat,
419 2423 494 2505 quia
515 2446 574 2487 neo
596 2424 749 2509 collegam
772 2423 998 2509 subrogaverat
1023 2424 1166 2489 inlocum

149 2516 242 2581 Bruti
264 2525 294 2579 et
317 2515 502 2580 aedificabat
523 2517 556 2580 in
579 2540 702 2581 summa
723 2515 830 2581 Velia:
858 2517 920 2581 alto
942 2525 1036 2601 atque
1062 2515 1166 2582 munito

117 2633 131 2677 7
149 2611 220 2676 loco
239 2631 343 2673 arcem
360 2610 638 2695 inexpugnabilem
655 2611 722 2674 fieri
741 2609 845 2696 (fore).
881 2611 960 2675 haec
981 2611 1066 2675 dicta
1086 2609 1167 2694 vulgo

150 2705 330 2786 creditaque
349 2725 421 2766 cum
438 2704 625 2790 indignitate
643 2716 793 2791 angerent
806 2704 943 2769 consulis
958 2706 1107 2784 animum,
1123 2722 1166 2767 vo·

150 2809 220 2862 cato
238 2798 278 2860 ad
288 2797 455 2861 concilium
467 2799 593 2882 popule,
604 2800 778 2864 summissis
793 2799 933 2865 fascibus
951 2800 984 2863 in
1005 2801 1164 2865 contionem
1190 2846 1193 2851 -

150 2890 300 2954 escendit.
336 2902 461 2976 gratum
486 2892 519 2955 id
545 2892 736 2956 multitudini
764 2893 977 2977 spectaculum
1003 2892 1078 2971 fuit,
1105 2887 1162 2958 sub·

149 2984 248 3049 missa
267 2983 327 3049 sibi
345 3007 414 3050 esse
436 2985 559 3070 imperii
580 2987 717 3072 insignia
739 2986 1032 3070 confessionemque
1054 2987 1161 3055 facua,

129 3119 131 3122 ν
149 3078 258 3165 populi
281 3100 376 3162 quam
399 3080 536 3144 consulis
559 3082 755 3145 maiestatem
777 3081 904 3164 vimque
926 3081 1078 3146 maiorem
1100 3092 1162 3144 esst·

116 3193 132 3241 8
149 3174 195 3239 ibi
212 3174 321 3239 audire
339 3175 433 3240 iussis
452 3175 561 3240 consul
578 3176 706 3241 laudare
724 3174 882 3240 fortunam
904 3176 1058 3262 collegae,
1085 3167 1162 3261 quot

148 3269 280 3335 liberata
296 3272 398 3355 patria
414 3272 447 3334 in
466 3294 588 3336 summo
606 3271 724 3335 honore
741 3293 850 3356 prore
872 3270 1000 3356 publica
1018 3272 1163 3339 dimicant

149 3374 272 3428 matura
292 3364 394 3450 gloria
415 3367 551 3430 necdum
574 3388 608 3430 se
634 3374 773 3430 vertente
796 3366 829 3430 in
854 3366 1020 3445 invidiam,
1049 3373 1166 3430 monem

149 3459 358 3525 occubuisset.
396 3483 429 3524 se
449 3463 648 3546 superstitem
665 3461 784 3548 gloriae
803 3484 878 3526 suae
896 3461 937 3526 ad
956 3461 1075 3526 crimen
1087 3468 1168 3543 atqu

149 3554 300 3618 invidiam
319 3576 499 3639 superesse,
527 3578 567 3619 ex
588 3554 753 3619 liberatore
775 3555 894 3641 patriae
917 3556 958 3619 ad
974 3553 1121 3639 Aquilios
1142 3562 1169 3616 st
1208 3620 1211 3641 1

117 3647 356 3731 oVitelliosque
388 3649 547 3714 recidisse.
597 3656 821 3733 ‘numquamne
852 3647 941 3735 ergo'
970 3648 1073 3733 inquit
1103 3642 1173 3711 ‘ullb

150 3742 228 3805 adeo
260 3765 279 3805 a
309 3742 399 3807 vobis
435 3752 575 3829 spectata
603 3745 702 3808 virtus
734 3743 807 3820 erit,
839 3752 875 3806 ut
906 3742 1086 3828 suspicione
1112 3738 1174 3806 vic

103 3857 105 3863 ·
149 3834 208 3900 lari
232 3837 387 3919 nequeat?
413 3859 473 3924 ego
499 3860 564 3916 me,
591 3838 679 3902 illum
706 3837 892 3902 acerrimum
913 3858 1027 3923 regum
1047 3836 1174 3903 hostem,

100 3948 132 3998 10
150 3930 255 4015 ipsum
277 3931 456 4017 cupiditatis
477 3933 567 4018 regni
589 3932 706 3996 crimen
733 3930 910 3997 subiturum
932 3930 1095 3996 timerem?
1118 3934 1174 4016 egd

151 4025 179 4089 si
194 4025 228 4090 in
244 4025 315 4113 ipsa
328 4048 398 4092 arce
413 4025 631 4114 Capitolioque
645 4025 828 4104 habitarem,
847 4024 944 4090 meari
957 4046 1010 4092 me
1022 4024 1175 4092 crederent
