2566 4524
349 271 466 327 Lmen
482 271 552 343 vn,
569 269 612 326 41.
624 270 667 328 ca.
686 273 725 343 [a.
736 270 839 344 cata]
995 294 997 298 ·
1046 260 1111 330 395

87 431 170 518 primi
185 430 245 518 pili
263 429 429 518 appellant.
456 429 531 494 huic
547 428 664 494 infensi
680 429 794 496 milites
809 440 909 510 erant,
929 432 1015 518 quod
1028 455 1111 499 sem·
1128 455 1146 506 s

90 548 134 613 per
142 527 328 594 adversatus
337 523 428 591 novis
443 522 581 589 consiliis
594 522 709 590 fuisset
722 533 762 603 et,
776 547 817 590 ne
829 525 986 613 particeps
1002 549 1110 594 eorum

91 631 176 702 esset,
195 619 281 707 (qui)
295 619 335 686 ab
348 617 497 684 Lautulis
510 615 706 706 fugisse(n)t.
733 619 839 704 itaque
853 640 925 686 cum
938 620 999 687 hoc
1010 643 1110 688 unum
1127 641 1144 692 o

92 724 205 805 propter
215 713 435 781 Saloniumab
450 721 561 780 senatu
568 735 634 778 non
642 713 869 801 impetraretur,
884 724 951 780 tum
962 712 1109 784 Salonius

93 809 256 878 obtestatus
264 817 370 896 patres
379 808 583 895 conscriptos,
595 830 636 874 ne
645 830 739 874 suum
747 808 898 876 honorem
906 810 1005 898 plmis
1014 833 1111 897 quam

91 904 279 973 concordiam
292 903 426 969 civitatis
441 902 650 982 aestimarent,
663 903 809 991 perpulit,
824 913 859 969 ut
869 904 904 971 id
913 927 1038 991 quoque
1047 905 1111 972 fer·

92 1008 172 1067 retur.
192 1019 294 1086 aeque
307 997 451 1085 inpotens
460 997 654 1084 postulatum
666 996 736 1078 fuit,
751 1007 787 1063 ut
799 997 839 1064 de
853 999 1008 1087 stipendio
1022 1001 1110 1086 equi·
1126 1017 1144 1069 8

90 1103 146 1162 tum
158 1130 202 1143 —
215 1091 379 1159 merebant
395 1101 501 1158 autem
518 1091 632 1178 triplex
650 1114 687 1158 ea
705 1101 892 1179 tempestate
904 1131 946 1142 —
965 1117 1038 1161 aera
1055 1093 1110 1160 de·

90 1197 247 1267 meremur,
265 1187 352 1272 quod
369 1186 526 1253 adversati
543 1186 749 1254 coniurationi
766 1187 910 1255 fuissent.

146 1280 339 1349 XXXXIL
375 1280 506 1347 Praeter
526 1281 605 1347 haec
626 1281 754 1348 invenio
771 1282 856 1369 apud
873 1281 1042 1368 quosdam,
1065 1283 1106 1348 L.
1127 1302 1142 1351 1

90 1373 260 1444 Genucium
271 1373 432 1442 mltunum
444 1374 546 1462 plebis
559 1374 669 1442 tulisse
682 1375 724 1441 ad
735 1375 875 1464 plebem,
894 1400 934 1444 ne
947 1376 1109 1444 faenerare

89 1471 200 1553 liceret3
225 1471 304 1538 item
325 1470 394 1537 aliis
415 1469 503 1557 plebi
524 1469 611 1536 scitis
638 1477 779 1552 cautum,
807 1493 847 1538 ne
874 1472 945 1557 quis
972 1470 1142 1539 eundemo

90 1567 298 1656 magistratum
318 1566 400 1632 intra
422 1565 532 1632 decem
553 1588 651 1632 annos
675 1576 800 1652 caperet
820 1589 883 1633 neu
905 1568 985 1634 duos
1007 1568 1109 1657 magi-

92 1670 196 1728 stratus
217 1683 283 1727 uno
305 1682 387 1726 anno
409 1668 545 1749 gereret,
572 1659 680 1745 utique
701 1660 809 1727 liceret
830 1662 975 1728 consules
998 1661 1109 1729 ambos

93 1754 219 1843 plebeios
238 1757 345 1822 creari.
373 1776 454 1841 quae
473 1755 500 1820 si
517 1756 623 1822 omnia
640 1777 791 1822 concessa
809 1766 882 1822 sunt
893 1755 992 1843 plebi,
1012 1779 1109 1843 appa-

93 1860 142 1931 ret,
162 1850 248 1918 haud
264 1872 379 1938 parvas
397 1850 480 1916 vires
499 1849 708 1916 defectionem
724 1849 883 1917 habuisse.
920 1849 989 1916 aliis
1011 1871 1141 1923 anna-a

94 1942 165 2013 libus
175 1943 334 2033 proditum
347 1954 404 2023 est,
423 1966 527 2030 neque
540 1945 724 2012 dictatorem
732 1943 895 2011 Valerium
908 1945 1036 2024 dictum,
1052 1944 1110 2011 sed

95 2060 144 2127 per
158 2039 298 2107 consules
316 2061 442 2106 omnem
458 2062 526 2106 rem
540 2049 656 2121 actam,
675 2061 777 2125 neque
791 2050 959 2126 antequam
972 2040 1108 2107 Romam
1222 2074 1227 2087 ·

97 2134 248 2213 veniretur,
267 2132 324 2200 sed
340 2132 462 2200 Romae
480 2156 551 2199 eam
567 2133 799 2199 multitudinem
817 2136 1049 2202 coniuratorum
1067 2134 1109 2201 ad

97 2246 170 2295 arma
185 2237 416 2295 consternatam
434 2249 517 2306 esse,
536 2249 596 2292 nec
612 2228 646 2292 in
659 2226 698 2292 T.
714 2225 843 2311 Quincti
859 2228 980 2306 villam,
1001 2229 1058 2294 sed
1074 2229 1107 2292 in
1125 2249 1144 2298 4

99 2323 168 2390 codis
182 2320 220 2390 0.
229 2321 333 2389 Manli
345 2332 436 2389 nocte
449 2323 602 2409 impetum
614 2321 735 2387 factum
748 2343 883 2406 eumque
901 2344 920 2386 a
938 2321 1107 2387 coniuratis

98 2417 344 2505 conprehensum,
370 2426 407 2482 ut
427 2417 493 2482 dux
513 2416 615 2494 fieret,
641 2416 715 2482 inde
737 2415 779 2480 ad
800 2424 946 2500 quartum
970 2414 1108 2502 lapidem

98 2513 237 2597 prolectas
254 2511 325 2579 loco
341 2511 463 2577 munito
481 2511 675 2590 consedisse3
698 2532 757 2575 nec
775 2509 816 2575 ab
828 2509 962 2577 ducibus
975 2509 1108 2574 mentio-
1125 2529 1142 2580 s

98 2624 158 2672 nem
172 2606 356 2676 concordiae
374 2615 488 2685 ortam,
509 2605 566 2671 sed
577 2614 719 2692 repente,
738 2626 812 2670 cum
828 2604 861 2669 in
879 2604 979 2671 aciem
997 2604 1108 2668 armati

99 2702 237 2769 cxoroitus
255 2702 496 2788 processissent,
517 2700 735 2767 salutationem
753 2697 870 2765 factam
888 2707 919 2764 et
935 2699 1107 2785 permixtos
1126 2719 1142 2770 a

94 2790 207 2863 datrae
227 2796 359 2884 iungere
381 2817 419 2861 ac
441 2794 594 2882 conplecti
615 2795 696 2861 inter
718 2816 752 2860 se
774 2793 972 2860 lacrimantes
994 2793 1108 2859 milites

95 2889 237 2978 coepisse,
266 2899 452 2975 coactosque
479 2889 638 2968 eonsules,
670 2911 742 2954 cum
768 2888 910 2955 viderent
935 2910 1063 2954 aversos
1090 2911 1110 2953 a

93 2978 280 3052 dionicatione
303 2985 436 3050 militum
458 2985 593 3065 animos,
615 2983 772 3050 rettulisse
794 2984 836 3050 ad
852 2993 958 3071 patres
976 2984 1015 3049 de
1035 3005 1109 3048 oon-

94 3079 189 3146 oordia
207 3079 446 3147 reconcilianda.
491 3078 569 3146 adeo
591 3078 669 3144 nihil
685 3087 904 3165 praeterquam
923 3077 1108 3143 seditionem
1126 3099 1143 3147 c

96 3168 186 3240 foisse
204 3196 337 3261 eamque
359 3175 553 3261 conpositam
574 3173 655 3240 inter
672 3173 821 3259 antiquos
842 3192 947 3237 rerum
965 3179 1107 3235 auctores

94 3276 214 3336 amnt
241 3279 273 3335 et
285 3269 379 3334 huius
397 3268 483 3334 fama
501 3267 662 3335 seditionis
681 3276 712 3333 et
730 3274 912 3354 susceptum
930 3286 1001 3330 oum
1016 3260 1108 3330 Sam·
1126 3283 1143 3334 8

85 3360 197 3431 mulus
214 3386 312 3453 grave
329 3362 447 3429 bellum
465 3363 583 3449 aliquot
599 3361 734 3450 populos
748 3361 788 3427 ab
802 3361 946 3428 Romana
960 3359 1108 3426 societate

86 3459 205 3540 avertit,
224 3468 256 3525 et
272 3468 396 3545 praeter
409 3459 597 3524 Latinorum
614 3457 747 3522 infidum
763 3457 828 3522 iam
845 3455 899 3521 diu
912 3454 1025 3523 foedus
1039 3453 1110 3520 Pri-

85 3565 224 3622 renata
247 3555 342 3620 etiam
359 3553 499 3620 Norbam
521 3562 615 3638 atque
634 3550 768 3630 Setiam,
791 3551 950 3618 finitumae
969 3550 1108 3619 colonias

82 3642 254 3731 Romanas,
273 3649 452 3716 incursione
470 3647 573 3715 subita
590 3646 771 3734 depopulati
790 3657 871 3712 sunt.

488 3864 703 3877 m
