2566 4524
144 239 210 306 474
383 248 501 305 LIBER
518 245 618 314 VIIII,
635 246 679 303 30.
687 246 730 303 31.
749 250 824 318 [au.
834 244 934 320 affl]

144 412 178 476 in
200 408 319 476 curiam
339 406 456 474 hortati
477 414 564 484 sunt,
586 404 633 471 uti
654 415 883 473 reverterentur
904 405 1060 488 Romam3
1085 415 1156 496 post·

129 500 241 592 *quam
270 503 402 591 perpelli
431 500 616 587 nequibant,
649 501 778 567 oonsilio
804 500 892 567 haud
922 499 1155 570 abhorrenteab

111 619 127 668 e
146 599 281 688 ingeniis
302 597 466 664 hominum
489 618 544 662 eos
566 596 800 684 adgrediuntur.
840 594 892 662 die
913 595 999 664 festo
1020 597 1073 664 alii
1095 596 1155 663 alios

144 717 202 781 per
219 692 357 780 speciem
375 691 631 758 celebrandarum
648 699 742 758 cantu
760 689 923 777 epularum
935 713 1037 758 causa
1046 690 1154 758 invitant

146 801 177 855 et
194 789 278 867 vino,
296 787 388 854 cuius
407 785 534 851 avidum
552 785 651 852 ferme
668 807 770 874 genus
789 793 850 864 est,
874 796 1023 854 oneratos
1041 787 1154 874 sopimt,

112 904 127 952 a
146 893 240 968 atque
261 883 306 948 ita
326 881 361 947 in
380 879 522 969 plaustra
539 902 651 949 somno
668 880 791 946 vinctos
809 879 969 947 coniciunt
988 903 1027 948 ac
1042 880 1154 948 Roman

146 978 321 1065 deportant.
357 997 416 1043 neo
436 976 524 1062 prius
547 997 674 1042 sensere
695 996 792 1060 quarn
812 974 962 1060 plaustris
985 977 1020 1042 in
1041 975 1104 1043 foro
1120 995 1154 1040 re

97 1091 129 1140 ro
146 1072 228 1137 lictis
250 1072 361 1159 plenos
384 1069 530 1156 crapulae
552 1092 607 1136 eos
628 1069 684 1134 lux
706 1069 871 1156 oppressit.
908 1079 987 1137 tunc
1008 1091 1156 1138 concursus

145 1166 255 1253 populi
276 1165 393 1244 factus,
416 1164 644 1252 impetratoque
665 1172 701 1229 ut
722 1173 897 1243 manerent,
920 1165 1048 1244 datum,
1071 1175 1104 1231 ut
1119 1163 1157 1229 tn‘·

48 1255 50 1260 ’
147 1262 246 1325 duum
263 1259 431 1344 quotannis
449 1259 550 1325 ornati
572 1281 646 1325 cum
663 1268 759 1325 cantu
775 1268 870 1345 atque
891 1259 967 1339 hac,
991 1275 1075 1346 quae
1093 1279 1159 1326 nunc

148 1355 308 1422 sollemnis
327 1363 388 1432 est,
410 1352 537 1420 licentia
557 1376 614 1441 per
634 1352 746 1419 urbem
763 1363 963 1440 vagarentur,
986 1356 1161 1422 restitutum·

147 1472 208 1534 que
225 1450 259 1515 in
272 1449 350 1515 aede
363 1448 512 1515 vescendi
528 1448 578 1515 ius
595 1449 644 1527 iis,
659 1449 715 1535 qui
732 1449 828 1514 sacris
846 1450 1075 1536 praecinerent.
1100 1450 1162 1516 hac
1205 1504 1208 1539 ἱ

146 1545 227 1610 inter
243 1544 377 1610 duorum
393 1543 568 1630 ingentium
586 1542 740 1612 bellorum
759 1565 865 1609 curam
882 1543 1085 1631 gerebantur.

115 1657 128 1704 r
211 1637 349 1704 XXXL
382 1636 539 1704 Consules
565 1639 646 1704 inter
668 1660 703 1705 se
724 1637 902 1724 provincias
928 1640 1058 1725 partiti:
1087 1639 1174 1707 Iunio'

150 1730 323 1812 Samnites,
342 1732 480 1798 Aemilio
501 1754 620 1798 novum
642 1731 761 1799 bellum
783 1731 911 1798 Etruria
933 1744 1020 1800 sorte
1043 1734 1166 1802 obvenit

114 1846 130 1895 2
147 1827 181 1893 in
192 1826 322 1894 Samnio
333 1826 480 1895 Cluviam
497 1827 691 1914 praesidium
698 1827 889 1909 Romanum,
902 1828 980 1912 quia
996 1830 1168 1916 nequiverat

148 1923 181 1988 vi
199 1924 283 2009 oapi,
302 1923 469 1988 obsessum
486 1923 572 1988 fame
589 1923 622 1987 in
639 1921 830 1990 deditionem
848 1934 1038 2010 acceperant
1058 1923 1171 1994 Samni·

148 2024 207 2094 tes,
224 2017 470 2101 verberibusque
488 2016 617 2082 foedum
634 2016 668 2081 in
680 2018 810 2082 modum
827 2014 982 2084 laceratos
1001 2019 1171 2087 occiderant

114 2128 131 2176 s
150 2111 282 2176 deditos.
318 2110 392 2176 huic
409 2110 553 2176 infensus
575 2110 751 2176 crudelitati
768 2110 894 2190 Iunius,
915 2111 996 2178 nihil
1020 2114 1172 2200 antiquius

148 2204 382 2291 oppugnatione
401 2200 557 2272 Cluviana
573 2215 671 2284 ratus,
689 2227 754 2295 quo
771 2205 821 2271 die
839 2205 1011 2292 adgressus
1030 2217 1082 2275 est
1096 2228 1174 2274 moe·

113 2316 131 2364 4
148 2300 214 2379 nia,
237 2300 270 2365 vi
287 2300 370 2386 cepit
387 2309 480 2386 atque
498 2323 607 2366 omnes
628 2298 765 2386 puberes
786 2299 952 2366 interfecit
988 2302 1067 2369 inde
1083 2302 1174 2368 victor

148 2395 303 2461 exercitus
324 2395 503 2461 Bovianum
529 2395 653 2460 ductus.
695 2403 790 2480 caput
814 2393 876 2460 hoc
901 2405 969 2460 erat
990 2394 1174 2464 Pentrorum

150 2486 340 2554 Samnitium
360 2489 455 2576 longe
473 2488 663 2555 ditissimum
680 2499 774 2574 atque
792 2488 1069 2575 opulentissimum
1087 2490 1173 2557 armis

114 2600 130 2649 a
148 2583 296 2668 virisque.
330 2581 376 2649 ibi
393 2585 467 2667 quia
484 2584 569 2648 haud
586 2592 708 2649 tantum
725 2584 841 2649 irarum
859 2593 940 2662 erat,
965 2606 1024 2672 spe
1047 2586 1175 2672 praedas

148 2678 262 2744 milites
285 2679 409 2744 accensi
431 2679 546 2765 oppido
568 2680 737 2765 potiuntur.
773 2678 876 2744 minus
898 2679 1007 2763 itaque
1027 2681 1175 2747 saevitum

148 2772 182 2835 in
199 2773 306 2838 hostes
325 2781 386 2850 est,
408 2772 543 2857 praedae
565 2772 636 2858 plus
654 2794 756 2859 paene
773 2794 867 2857 quam
886 2794 926 2837 ex
945 2774 1034 2839 omni
1054 2772 1174 2841 Samnio

114 2882 130 2929 o
148 2887 300 2948 umquam
318 2876 476 2951 egestum,
498 2866 696 2953 benigneque
719 2867 820 2933 omnis
842 2867 934 2932 militi
953 2890 1115 2935 concessa.
1148 2875 1175 2932 et

148 2969 316 3044 postquam
338 2970 573 3046 praepotentem
596 2962 691 3026 armis
713 2960 894 3027 Romanum
915 2984 977 3028 nec
999 2964 1086 3029 acies
1109 2961 1175 3028 sub·

150 3055 260 3120 sistere
278 3055 359 3120 ullae
376 3077 435 3121 nec
453 3066 555 3122 castra
572 3077 631 3121 nec
647 3056 742 3121 urbes
760 3065 917 3142 poterant,
936 3058 1083 3124 omnium
1099 3056 1175 3144 prin·

149 3151 255 3236 cipum
272 3151 306 3215 in
321 3149 451 3217 Samnio
469 3174 507 3217 eo
525 3173 618 3216 curae
637 3161 709 3217 sunt
726 3152 872 3231 intentae,
891 3163 928 3216 ut
943 3153 1072 3220 insidiis
1090 3173 1176 3239 quao-

148 3255 268 3309 reretur
284 3244 387 3324 locus,
411 3245 438 3310 si
456 3267 519 3330 qua
535 3245 660 3310 licentia
682 3245 861 3332 populando
884 3245 1007 3312 effusus
1027 3247 1174 3314 exercitus

117 3355 131 3401 7
151 3339 252 3425 excipi
261 3360 298 3404 ac
307 3339 523 3407 circumveniri
535 3349 652 3425 posset.
679 3337 1175 3428 transfirgaeagrestesetcaptiri

150 3433 287 3515 quidam,
302 3455 375 3518 pars
388 3434 468 3499 forte
481 3456 554 3520 pars
569 3433 698 3499 consilio
712 3433 817 3511 oblati,
832 3437 1044 3521 congruentia
1057 3439 1099 3503 ad
1111 3456 1176 3503 con·

151 3519 251 3590 sulem
269 3527 459 3607 adferentes,
482 3550 563 3613 quae
581 3538 612 3595 et
629 3551 704 3594 vera
722 3537 822 3606 erant,
845 3530 969 3613 pecoris
988 3531 1059 3596 vim
1076 3532 1175 3618 ingen-

150 3629 214 3684 tem
241 3620 274 3683 in
300 3621 415 3686 saltum
445 3623 551 3689 avium
578 3623 762 3710 conpulsam
778 3632 872 3701 esse,
899 3625 1122 3711 perpulerunt,
1145 3630 1174 3688 ut

115 3729 132 3780 8
150 3713 335 3799 praedatum
358 3738 395 3781 eo
418 3718 582 3803 expeditae
604 3719 791 3783 ducerentur
812 3715 966 3803 legiones.
1002 3718 1052 3785 ibi
1072 3720 1172 3807 ingens

150 3809 289 3875 hostium
307 3811 462 3876 exercitus
480 3813 591 3879 itinera
608 3813 749 3879 occultus
767 3812 939 3891 insederat,
965 3822 998 3878 et
1013 3824 1173 3901 postquam

149 3901 282 3969 intrasse
300 3904 461 3970 Romanos
479 3907 557 3971 vidit
575 3907 704 3985 saltum,
726 3914 854 3992 repente
876 3916 1007 3975 exortus
1031 3931 1106 3976 cum
1121 3905 1175 3972 clr-

116 4002 134 4059 θ’
150 4017 237 4061 more
255 4020 292 4063 ac
310 3999 445 4065 tumultu
461 4000 604 4066 incautos
621 4001 750 4067 invadit.
782 4008 814 4064 et
829 4001 932 4087 primo
950 4024 1038 4070 nova
1054 4024 1106 4069 res
1121 4010 1175 4066 tro-
