2566 4524
313 256 431 312 amau
447 255 491 327 11,
504 238 607 310 'ram
628 253 847 326 [astratus]
1034 245 1094 310 111

77 413 258 502 quibuslibet
275 413 468 500 temporibus
489 424 631 492 senatus,
654 413 756 493 ibant,
780 415 873 479 unius
895 415 1032 480 familiae
1050 417 1097 480 vi-

77 513 149 578 ibus
164 509 294 575 Veienti
306 508 423 595 populo
435 519 559 593 pestem
571 510 760 574 minitantes.
794 510 982 594 sequebatur
995 512 1095 590 turba,
1115 533 1130 581 5

77 605 188 692 ›mpria
206 604 270 668 alia
287 612 492 689 cognatorum
510 603 740 687 sodaliumque,
763 604 842 669 nihil
858 606 1011 683 medium,
1037 629 1097 672 nee

77 723 153 787 pem
174 720 235 763 nec
257 719 379 774 curam,
407 697 463 762 sed
479 697 623 762 inmensa
645 698 750 763 omnia
770 699 964 764 volventium
981 701 1095 779 animo,

77 796 125 861 dia
144 793 275 881 publica
297 791 505 857 sollicitudine
527 792 676 870 excitata,
704 792 812 859 favore
838 802 870 858 et
892 794 1095 861 admiratione

77 900 203 975 tupens.
244 887 291 950 ire
312 886 425 963 fortes,
452 886 497 950 ire
524 885 632 950 felices
658 885 781 964 iubent,
808 887 941 974 inceptis
963 899 1129 958 eventuse

77 1005 152 1048 ares
169 980 319 1058 reddere;
337 979 518 1044 consulatus
536 981 610 1045 inde
628 1002 666 1044 ac
683 980 867 1066 triumphos,
887 982 992 1046 omnia
1004 1005 1095 1068 prae-

77 1077 124 1141 nia
141 1075 184 1140 ab
204 1097 249 1152 se,
268 1096 377 1138 omnes
395 1073 530 1138 honores
549 1096 683 1158 sperare.
714 1075 984 1160 praetereuntibus
999 1075 1128 1162 Capi-r

77 1171 171 1236 olium
194 1190 362 1251 arcemque
379 1178 410 1232 et
428 1169 489 1233 alia
507 1169 637 1254 templa,
665 1170 818 1252 quidquid
836 1171 965 1235 deorum
984 1172 1092 1249 oculis,

77 1264 215 1348 quidquid
233 1263 338 1327 animo
362 1264 508 1340 occurrit,
530 1273 711 1348 precantur,
734 1265 867 1329 utillud
889 1288 1004 1351 agmen
1025 1266 1096 1330 fau-

77 1368 146 1422 tum
165 1370 260 1441 atque
277 1357 355 1420 felix
371 1357 505 1434 mittant,
525 1359 659 1443 sospites
678 1358 766 1422 brevi
783 1359 816 1422 in
832 1360 966 1444 patriam
984 1361 1025 1424 ad
1037 1383 1094 1445 pa*

77 1464 165 1519 entes
193 1453 367 1518 restituant.
407 1453 569 1517 ineassum
594 1455 710 1518 missae
735 1476 855 1539 preces.
891 1455 1009 1520 infelici
1031 1456 1091 1533 via,
1111 1473 1127 1520 8

77 1548 171 1612 lextra
189 1544 269 1611 Iano
291 1556 399 1631 portae
423 1545 645 1626 Carmentalis,
672 1549 819 1633 profecti,
846 1550 888 1614 ad
910 1548 1094 1615 Cremeram

77 1642 178 1706 lumen
195 1642 391 1726 perveniunt.
419 1642 446 1706 is
461 1652 634 1728 oportunus
648 1643 735 1709 visus
749 1643 838 1708 locus
853 1643 1092 1709 communiendo

77 1736 228 1800 »raesidio

123 1830 166 1894 L.
190 1829 349 1893 Aemilius
372 1829 446 1893 inde
472 1838 504 1894 et
527 1828 565 1894 C.
591 1827 743 1895 Servilius
767 1830 912 1896 consules
935 1831 1019 1895 facti.
1061 1841 1125 1898 eta

77 1924 161 1988 lonec
178 1923 258 1986 nihil
276 1923 361 1988 aliud
378 1946 473 2007 quam
490 1924 524 1986 in
540 1924 795 2009 populationibus
812 1948 863 1990 res
881 1925 951 2003 fuit,
969 1947 1034 1990 non
1051 1926 1093 1990 ad

77 2018 252 2082 ›raesidium
270 2017 364 2082 modo
383 2019 548 2081 tutandum
564 2017 657 2082 Fabii
676 2020 751 2083 satis
771 2029 867 2097 erant,
888 2020 945 2085 sed
962 2028 1027 2084 tota
1044 2042 1093 2084 re-

77 2112 166 2197 gione,
183 2133 246 2195 qua
264 2112 390 2177 Tuscus
408 2134 485 2199 ager
501 2112 645 2176 Romano
664 2114 797 2191 adiacet,
817 2137 875 2179 sua
891 2123 960 2178 tuta
976 2115 1090 2192 omnia,

77 2206 176 2270 nfesta
188 2207 337 2285 hostium,
357 2217 508 2293 vagantes
520 2230 577 2293 per
595 2218 762 2290 utrumque
780 2209 885 2285 finem,
904 2208 1016 2273 fecere.
1043 2210 1091 2273 in-
1111 2229 1143 2277 10

77 2302 227 2367 ervallum
245 2302 358 2366 deinde
375 2301 461 2366 haud
478 2325 629 2388 magnum
646 2302 900 2387 populationibus
918 2303 991 2381 fuit,
1015 2303 1092 2367 dum

77 2406 95 2461 rt
102 2396 252 2461 Veientes
266 2398 367 2461 accito
381 2419 421 2462 ex
429 2397 557 2462 Etruria
571 2398 709 2462 exercitu
721 2397 912 2482 praesidium
924 2396 1091 2463 Cremerae

77 2501 247 2578 >ppugnant
265 2501 296 2555 et
313 2491 434 2556 Romae
450 2492 601 2578 legiones,
621 2491 660 2555 ab
677 2491 720 2555 L.
734 2490 872 2555 Aemilio
891 2491 1018 2556 consule
1037 2491 1092 2554 ad-

77 2584 183 2664 laetae,
204 2587 380 2650 comminus
393 2609 465 2650 cum
474 2585 618 2650 Etruscis
633 2585 782 2649 dimicant
796 2585 872 2649 acie.
900 2606 1092 2668 quamquam

77 2679 118 2744 rix
136 2682 293 2768 dirigendi
315 2682 415 2745 aciem
436 2682 572 2766 spatium
595 2680 781 2746 Veientibus
803 2680 878 2744 fuit:
905 2681 984 2746 adeo
1009 2680 1091 2744 inter
1110 2700 1139 2746 11

77 2774 194 2857 primam
219 2776 472 2860 trepidationem,
500 2776 576 2839 dum
593 2785 665 2860 post
683 2775 775 2861 signa
792 2775 916 2840 ordines
934 2775 1092 2841 introeunt

77 2870 265 2955 subsidiaque
283 2872 396 2950 locant,
413 2872 538 2936 invecta
556 2872 659 2936 subito
677 2871 717 2936 ab
734 2871 830 2936 latere
842 2871 988 2937 Romana
1005 2870 1093 2954 equi-

77 2969 129 3029 tum
150 2967 201 3031 ala
221 2989 286 3054 non
307 2989 434 3053 pugnae
459 2967 554 3032 modo
579 2967 788 3051 incipiendae,
817 2967 874 3030 sed
900 2964 1091 3030 consistendi

77 3058 179 3123 ademit
194 3061 309 3126 locum.
344 3062 389 3126 ita
405 3061 470 3125 fusi
487 3070 570 3125 retro
592 3062 634 3125 ad
656 3084 734 3127 saxa
749 3060 845 3126 rubra
862 3059 966 3124 -ibi
988 3069 1091 3124 castra
1110 3077 1141 3123 12

77 3147 220 3220 habebant
239 3193 283 3203 -
305 3177 416 3240 pacem
444 3155 601 3240 supplices
627 3164 746 3241 petunt.
791 3155 881 3218 cuius
906 3153 1090 3237 impetratae

77 3244 218 3314 abinrita
239 3249 353 3314 animis
375 3249 501 3314 levitate
525 3260 596 3314 ante
618 3250 788 3314 deductum
808 3245 956 3313 Cremera
973 3244 1091 3310 Roma-

77 3359 135 3406 num
151 3343 346 3428 praesidium
362 3343 524 3428 paenituit.

123 3437 163 3501 L.
201 3436 326 3502 Rursus
350 3460 422 3502 cum
438 3437 546 3502 Fabiis
569 3446 636 3502 erat
652 3436 779 3502 Veienti
800 3435 1003 3522 populosius
1024 3433 1123 3500 ullor

77 3530 185 3596 naioria
199 3531 277 3596 belli
289 3542 442 3618 apparatu
453 3542 611 3597 certamen
623 3539 780 3596 necarant
792 3530 985 3605 incursiones
995 3529 1089 3594 modo

77 3645 203 3713 ungros
222 3636 279 3691 aut
296 3627 391 3692 subiti
407 3628 542 3713 impetus
560 3628 594 3691 in
609 3628 814 3704 incursantes,
833 3626 891 3690 sed
904 3624 1089 3708 aliquotiens

77 3739 158 3804 equo
172 3743 288 3806 eampo
302 3721 497 3806 conlatisque
513 3721 612 3808 signis
631 3730 782 3785 certatum
800 3736 940 3806 gensque
958 3739 1022 3782 una
1033 3738 1091 3803 po·
1108 3733 1124 3783 a

77 3815 124 3879 nti
144 3815 285 3880 Romani
307 3837 403 3901 saepa
425 3837 465 3880 ex
487 3815 739 3901 opulentissima,
767 3823 802 3878 ut
824 3823 891 3879 tum
916 3819 1087 3886 reserant,

77 3904 195 3974 luusca
212 3909 341 3974 civitate
362 3910 524 3976 victoriam
546 3911 625 3974 tulit.
661 3908 695 3975 id
715 3908 816 3994 primo
839 3906 988 3973 acerbum
1008 3902 1088 3967 iudi·
1107 3920 1121 3966 3

77 4020 218 4089 ‚urumque
227 4002 416 4072 Veientibus
426 4005 595 4084 estvisum,
614 4004 686 4069 inde
700 4003 865 4070 consilium
879 4024 919 4066 ex
931 4023 965 4065 re
978 4006 1087 4065 natum

1062 4214 1217 4258 ἡ.
