2566 4524
136 259 157 322 6
519 268 638 323 eman
651 270 678 338 1,
698 269 774 322 1-3.

136 429 379 512 condendaeque
405 426 491 491 urbis
518 425 623 491 locum
649 447 812 510 quaerere,
839 436 871 491 et
892 426 1090 492 nobilitatem
1118 427 1175 492 ad-

136 525 282 588 miratum
300 522 403 609 gentis
421 521 542 604 virique
560 529 592 584 et
609 521 747 585 animum
765 521 817 587 vel
834 520 917 587 bello
930 522 981 587 vel
994 522 1066 607 paci
1079 544 1175 608 para-

103 635 118 682 9
137 629 218 695 tum,
246 619 356 681 dextra
377 616 451 679 data
472 615 569 679 fidem
590 613 715 679 futurae
733 615 888 680 amicitiae
907 617 1060 680 sanxisse.
1097 616 1173 680 inde

136 713 249 777 foedus
276 711 374 774 ictum
399 709 479 773 inter
505 710 616 786 duces,
651 709 733 773 inter
762 710 917 774 exercitus
949 711 1173 775 salutationem

137 807 262 882 factam,
281 803 426 868 Aeneam
439 805 524 889 apud
535 803 689 867 Latinum
703 802 803 868 fuisse
816 805 849 868 in
863 804 1009 890 hospitio.
1034 805 1091 870 ubi
1105 805 1174 870 La-

137 902 237 964 tinum
260 900 345 984 apud
365 908 496 984 penates
518 900 593 963 deos
616 898 824 964 domesticum
841 898 968 985 publico
987 900 1172 965 adiunxisse

88 1012 120 1059 10
139 996 251 1060 foedus
269 995 334 1059 filia
350 994 481 1059 Aeneae
498 995 532 1058 in
549 993 783 1059 matrimonium
805 995 886 1059 data.
927 1018 966 1061 ea
986 995 1096 1079 utique
1120 1018 1171 1061 res

138 1081 283 1146 Troianis
315 1103 404 1165 spem
435 1080 580 1144 adfirmat
609 1080 737 1144 tandem
772 1080 877 1146 stabili
912 1092 1060 1165 certaque
1096 1082 1172 1146 sede

89 1193 118 1238 11
138 1174 266 1240 finiendi
293 1174 414 1240 erroris.
455 1175 606 1259 oppidum
632 1175 785 1253 condunt,
812 1175 940 1240 Aeneas
973 1176 1013 1240 ab
1044 1176 1172 1240 nomine

137 1270 244 1335 uxoris
262 1266 435 1334 Lavinium
457 1269 602 1354 appellat.
638 1268 728 1334 brevi
750 1270 844 1355 stirps
867 1292 992 1354 quoque
1015 1270 1115 1335 virilis
1133 1292 1172 1335 ex

134 1388 218 1430 novo
253 1365 451 1430 matrimonio
486 1364 560 1442 fuit,
600 1364 652 1429 cui
681 1362 857 1428 Ascanium
886 1373 1032 1450 parentes
1064 1364 1171 1429 dixere

139 1481 263 1524 nomen.

110 1572 123 1615 1
206 1553 250 1615 H.
282 1552 373 1616 Bello
395 1552 508 1616 deinde
530 1551 724 1638 Aborigines
742 1552 934 1636 Troianique
957 1553 1051 1618 simul
1072 1553 1170 1639 petiti.

140 1645 267 1710 Turnus
285 1668 342 1709 rex
354 1645 558 1722 Rutulorum,
578 1644 630 1710 cui
646 1654 740 1732 pacta
756 1645 894 1710 Lavinia
911 1655 983 1711 ante
1001 1647 1171 1711 adventurn

136 1739 266 1804 Aeneae
293 1739 412 1818 fuerat,
448 1738 622 1826 praelatum
650 1739 710 1806 sibi
737 1740 891 1805 advenam
917 1762 1012 1828 aegre
1037 1741 1169 1827 patiens,

104 1852 118 1897 2
140 1834 235 1899 simul
256 1832 387 1899 Aeneae
408 1835 589 1918 Latinoque
615 1833 733 1899 bellum
758 1834 913 1900 intulerat.
949 1844 1062 1899 neutra
1088 1835 1170 1900 acies

136 1929 219 1992 laeta
236 1951 276 1992 ex
294 1951 332 1992 eo
349 1929 517 1993 certamine
539 1927 628 1992 abiit:
655 1929 730 1992 victi
747 1929 872 2006 Rutuli,
905 1929 1039 1994 victores
1057 1928 1172 1994 Abori-

105 2039 119 2085 3
138 2023 229 2109 gines
253 2022 443 2106 Troianique
464 2023 578 2087 ducem
599 2023 752 2088 Latinum
774 2025 916 2089 amisere.
951 2024 1025 2088 inde
1044 2023 1169 2091 Turnus

139 2116 311 2200 Rutulique
329 2116 427 2181 diffisi
443 2116 538 2181 rebus
557 2118 598 2181 ad
615 2117 761 2183 florentes
780 2141 857 2204 opes
874 2119 1084 2184 Etruscorum
1101 2119 1169 2184 Me-

138 2211 339 2296 zentiumque
357 2234 465 2298 regem
479 2234 587 2277 eorum
601 2213 801 2300 confugiunt,
819 2215 874 2298 qui
888 2212 1003 2292 Caere,
1023 2214 1169 2300 opulento

139 2316 206 2369 tum
224 2307 353 2392 oppido,
372 2306 568 2392 imperitans,
587 2309 651 2373 iam
667 2309 741 2374 inde
759 2308 799 2374 ab
816 2310 905 2374 initio
923 2309 1051 2374 minime
1069 2310 1167 2375 laetus

138 2422 239 2464 novae
262 2401 382 2487 origine
403 2401 491 2466 urbis
514 2411 545 2466 et
566 2412 633 2466 tum
655 2403 753 2466 nimio
770 2403 841 2488 plus
860 2426 955 2487 quam
974 2405 1049 2469 satis
1068 2413 1169 2468 tutum

138 2506 222 2561 esset
240 2496 355 2561 accolis
373 2519 441 2561 rem
454 2497 625 2561 Troianam
643 2519 782 2562 crescere
796 2506 897 2576 ratus,
916 2499 1002 2563 haud
1014 2499 1169 2585 gravatim

139 2591 224 2655 socia
242 2615 329 2657 arma
346 2590 473 2655 Rutulis
491 2591 602 2654 iunxit.

104 2708 122 2754 4
202 2684 345 2761 Aeneas,
364 2684 516 2750 adversus
534 2685 612 2748 tanti
629 2684 703 2750 belli
722 2695 870 2751 terrorem
888 2696 923 2750 ut
941 2687 1062 2752 animos
1080 2685 1169 2752 Abo-

134 2778 274 2864 riginum
301 2777 362 2841 sibi
390 2777 568 2843 conciliaret
594 2801 652 2844 nec
680 2779 738 2844 sub
763 2781 874 2845 eodem
894 2781 963 2845 iure
987 2780 1090 2846 solum
1113 2779 1168 2847 sed

138 2872 232 2935 etiarn
258 2871 384 2936 nomine
410 2894 519 2936 omnes
546 2882 664 2950 essent,
691 2874 826 2940 Latinos
852 2884 1017 2959 utramque
1043 2885 1170 2961 gentem

104 2989 119 3036 5
137 2964 316 3050 appellavit.
349 2987 408 3031 nec
425 2965 538 3031 deinde
555 2965 747 3054 Aborigines
767 2968 912 3034 Troianis
931 2968 1034 3034 studio
1053 2991 1091 3034 ac
1108 2968 1169 3034 fide

137 3082 213 3147 erga
233 3082 342 3148 regem
358 3059 502 3126 Aeneam
521 3083 642 3126 cessere
660 3061 821 3148 fretusque
843 3063 892 3128 his
916 3063 1029 3129 animis
1049 3063 1170 3129 coales-

138 3156 274 3220 centium
290 3156 325 3221 in
342 3157 409 3221 dies
427 3157 528 3242 magis
547 3158 680 3221 duorum
697 3158 885 3243 populorum
898 3155 1041 3236 Aeneas,
1060 3181 1169 3242 quam·

137 3273 232 3334 quam
250 3259 337 3317 tanta
353 3250 466 3336 opibus
480 3250 608 3316 Etruria
626 3261 704 3330 erat,
724 3262 759 3315 ut
776 3252 840 3316 iam
856 3274 920 3316 non
937 3260 1035 3316 terras
1055 3251 1167 3330 solum,

138 3346 195 3410 sed
212 3368 299 3410 mare
316 3347 411 3411 etiam
428 3369 485 3433 per
502 3356 599 3413 totam
612 3348 722 3413 Italiae
735 3348 963 3436 longitudinem
977 3349 1017 3415 ab
1029 3348 1169 3436 Alpibus

137 3440 179 3504 ad
199 3439 316 3505 fretum
339 3438 483 3505 Siculum
509 3442 595 3506 sama
616 3443 752 3509 nominis
776 3445 825 3509 sui
846 3444 1023 3531 implesset,
1050 3453 1166 3523 tamen,

137 3556 210 3599 cum
232 3533 395 3600 moenibus
413 3535 531 3600 bellum
548 3539 730 3624 propulsare
747 3551 868 3626 posset,
891 3541 925 3603 in
943 3540 1043 3604 aciem
1060 3542 1168 3627 copias

104 3649 119 3696 6
138 3629 253 3692 eduxit.
293 3631 464 3694 secundum
490 3632 562 3696 inde
584 3634 736 3717 proelium
757 3635 897 3713 Latinis,
921 3633 1051 3700 Aeneae
1074 3635 1169 3701 etiam

137 3720 281 3786 ultimum
302 3725 480 3790 mortalium
503 3748 633 3812 operum
651 3728 719 3793 fuit.
752 3729 830 3794 situs
850 3738 910 3806 est,
936 3750 1167 3814 quemcumque

136 3838 210 3881 eurn
229 3817 291 3882 dici
307 3819 357 3884 ius
375 3819 487 3905 fasque
505 3830 567 3900 est,
591 3845 685 3908 super
701 3823 870 3888 Numicum
887 3824 1032 3902 fluvium,
1055 3824 1167 3890 Iovem

136 3910 313 3998 Indigetem
332 3915 498 4000 appellant.

103 4023 117 4070 1
199 4005 262 4071 III.
293 4006 440 4073 Nondum
458 4019 598 4076 maturus
616 4011 747 4098 imperio
761 4010 921 4077 Ascanius
934 4010 1064 4077 Aeneae
1082 4011 1167 4078 filius
