2566 4524
383 254 500 311 amaa
516 255 636 328 111,1e.
655 255 807 326 [acmo]
1045 246 1106 313 143

77 437 138 479 nm
157 413 245 490 iniit,
269 411 410 478 adsiduis
428 412 624 479 contionibus
641 436 700 500 pro
717 414 866 481 tribunali
881 437 946 485 uon
962 415 996 481 in
1013 415 1106 502 plebe

77 508 251 577 coercenda
268 529 364 591 quam
381 517 492 593 senatu
505 508 689 596 castigando
701 510 915 580 vehementior
926 511 996 589 fuit,
1016 513 1105 577 cuius

77 603 190 672 ›rdinie
209 602 363 688 languore
379 603 523 688 perpetui
539 603 603 667 iam
620 603 869 690 tribuniplebis,
888 627 951 671 non
969 615 1004 670 ut
1021 606 1054 670 in
1071 629 1105 671 re

77 697 201 785 publica
221 695 333 782 populi
353 695 504 775 Romani,
530 696 589 761 sed
610 697 699 765 utin
720 698 842 783 perdita
863 699 970 776 domo,
997 700 1106 786 lingua

77 789 320 874 criminibusque
338 799 517 876 regnarunt:
535 813 608 855 cum
627 791 771 858 Caesone
788 792 853 858 filio
872 816 930 858 suo
947 793 1104 872 virtutem,
1124 815 1139 862 5

77 885 298 960 constantiam,
316 884 422 949 omnia
438 885 608 950 iuventutis
626 883 701 951 belli
718 886 865 970 domique
884 887 997 952 decora
1013 888 1106 974 pulsa

79 1003 109 1045 ex
125 979 207 1044 urbe
226 978 373 1043 Romana
389 988 422 1043 et
436 979 549 1066 fugata
566 1002 646 1045 esse.
678 980 837 1064 loquaces,
858 982 1033 1060 seditiosos,
1053 1006 1103 1048 se-

83 1074 155 1139 mina
177 1074 421 1150 discordiarum,
448 1074 560 1138 iterum
583 1096 620 1139 ac
641 1075 768 1140 tertium
793 1075 934 1141 tribunos
956 1077 1102 1161 pessimis

86 1169 190 1234 atibus
212 1169 303 1255 regia
324 1168 449 1232 licentia
470 1169 584 1234 vivere.
626 1168 758 1234 ‘Aulus’
779 1171 880 1253 inquit
902 1170 968 1238 ‘ille
990 1168 1104 1256 Vergi-
1123 1191 1137 1239 6

87 1263 154 1342 nius,
170 1262 248 1346 quia
264 1262 298 1325 in
312 1261 468 1347 Capitolio
482 1285 545 1327 non
560 1263 629 1340 fuit,
649 1263 751 1328 minus
766 1263 912 1349 supplicii
926 1285 1021 1347 quam
1034 1261 1104 1348 Ap-

89 1356 146 1440 pius
162 1355 345 1420 Herdonius
364 1356 495 1422 meruit?
520 1357 592 1442 plus
610 1357 736 1421 hercrde
758 1357 929 1440 aliquanto,
953 1357 1007 1441 qui
1028 1376 1102 1422 vere

89 1470 140 1514 rem
156 1451 322 1515 aestimare
339 1451 424 1516 velit.
458 1450 652 1528 Herdonius,
672 1452 699 1516 si
717 1451 794 1515 nihil
812 1451 907 1528 aliud,
925 1450 1049 1515 hostem
1067 1473 1102 1515 se

90 1543 198 1609 fatendo
224 1564 323 1630 prope
349 1545 557 1623 denuntiavit,
584 1556 620 1609 ut
646 1568 733 1610 arma
758 1545 925 1631 caperetis,
952 1545 1019 1622 hic,
1045 1567 1101 1611 ne-

90 1639 176 1722 gando
201 1638 286 1704 bella
311 1660 396 1716 esse,
428 1657 515 1703 arma
540 1639 631 1704 vobis
662 1639 779 1703 ademit
809 1639 973 1722 nudosque
1001 1639 1100 1705 servis

90 1734 182 1798 restris
203 1743 238 1797 et
259 1733 403 1800 exulibus
427 1733 550 1798 obiecit.
586 1743 617 1797 et
638 1756 695 1798 vos
714 1771 756 1780 -
775 1732 813 1798 C.
834 1731 948 1797 Claudi
969 1755 1047 1818 pace
1070 1742 1134 1800 ets

89 1821 167 1892 Publi
183 1826 293 1891 Valeri
314 1827 428 1892 mortui
448 1826 560 1911 loquar
581 1865 623 1874 —
645 1828 731 1913 prius
754 1827 788 1890 in
810 1827 925 1891 olivum
949 1825 1101 1911 Capitoli-

89 1938 150 1983 num
170 1921 261 2007 signa
283 1921 431 1985 intulistis
454 1943 550 2005 quam
572 1920 630 1986 hos
652 1921 752 1986 hostis
774 1920 815 1986 de
840 1920 910 1986 foro
932 1919 1100 1985 tolleretis?

88 2014 168 2097 pudet
184 2016 315 2079 deorum
333 2014 566 2099 hominumque.
602 2038 675 2080 cum
695 2016 803 2081 hostes
825 2016 859 2080 in
876 2036 961 2093 arce,
984 2014 1018 2079 in
1037 2011 1100 2079 Ca

88 2106 179 2191 pitolio
200 2120 321 2187 essent,
349 2108 477 2174 exulruu
498 2119 530 2174 et
552 2132 712 2175 servorum
735 2111 814 2189 dux,
836 2109 1009 2196 profanatis
1032 2131 1100 2177 om-

88 2199 174 2279 uibus,
190 2204 223 2266 in
237 2203 316 2268 cella
328 2202 414 2268 Iovis
429 2203 538 2289 optimi
550 2204 679 2267 maximi
695 2203 858 2280 habitaret,
878 2202 1010 2268 Tusculi
1027 2211 1099 2266 ante

89 2312 166 2376 quam
182 2296 304 2361 Romae
323 2307 448 2383 sumpta
465 2306 538 2362 sunt
554 2320 655 2374 arma,
673 2298 707 2360 in
724 2295 820 2360 dubio
837 2297 911 2373 fuit,
930 2306 1036 2361 utrum
1054 2296 1096 2360 L.
1115 2314 1131 2362 8

89 2382 243 2468 Mamilius,
259 2391 460 2456 Tusculanus
473 2392 549 2470 dux,
568 2416 608 2456 an
621 2391 659 2455 P.
670 2389 815 2455 Valerius
834 2400 866 2455 et
880 2390 917 2456 C.
933 2389 1096 2468 Claudius,

90 2485 223 2562 mandes,
242 2485 419 2551 Romanam
436 2508 540 2550 oroem
557 2485 733 2562 liberarent,
753 2494 784 2548 et
801 2484 856 2567 qui
873 2493 944 2549 ante
959 2483 1095 2552 Latinos

88 2594 119 2638 ne
131 2599 182 2663 pro
201 2601 235 2644 se
253 2580 380 2663 quidem
398 2580 489 2665 ipsis,
517 2602 589 2644 cum
606 2580 639 2643 in
656 2579 772 2644 finibus
789 2579 913 2644 hostem
934 2577 1095 2654 haberent,

87 2671 220 2759 attingere
238 2697 326 2739 arma
342 2675 430 2760 passi
448 2697 571 2751 sumus,
589 2697 683 2751 nunc,
702 2673 763 2739 nisi
780 2673 891 2739 Latini
907 2694 967 2738 sua
984 2679 1108 2756 sponta'

84 2783 158 2832 ama
169 2769 388 2854 sumpsissent,
407 2768 491 2854 capti
503 2778 535 2833 et
552 2768 646 2833 deleti
663 2790 797 2833 eramus.
823 2767 950 2844 hocest,
969 2764 1095 2842 tribuni,
1114 2783 1129 2831 9

85 2861 219 2925 auxilium
236 2861 323 2947 plebi
339 2862 430 2939 ferre,
448 2863 599 2927 inermem
617 2885 687 2926 eam
704 2862 788 2927 hosti
800 2861 1016 2930 trucidandam
1029 2859 1097 2927 ebi-

84 2955 159 3018 cere?
183 2956 314 3033 scilicet,
343 2957 462 3040 siquis
484 2956 575 3021 vobis
597 2955 790 3021 humillimus
812 2957 906 3023 homo
928 2956 967 3019 de
990 2963 1096 3024 vestra

81 3042 177 3126 plebe,
200 3072 295 3134 quam
312 3061 432 3136 partem
450 3050 537 3115 velut
554 3050 719 3136 abruptam
737 3075 757 3115 a
777 3060 881 3114 cetero
902 3048 1019 3135 populo
1041 3070 1096 3114 ve-

84 3145 170 3206 stram
192 3145 324 3229 patriam
349 3145 600 3230 peculiaremque
625 3167 693 3209 rem
718 3143 877 3230 publicam
903 3143 1038 3219 fecistis,
1066 3141 1095 3209 si

81 3233 141 3313 quis
158 3259 195 3304 ex
211 3238 260 3304 his
277 3240 408 3304 domum
426 3262 517 3304 suam
533 3239 697 3304 obsessam
714 3263 734 3304 a
750 3238 870 3302 familia
883 3247 1001 3302 armata
1013 3256 1094 3302 nun-

83 3323 165 3409 ines,
184 3331 349 3397 ferendum
366 3333 517 3397 auxilium
534 3333 695 3419 putaretis,
714 3333 856 3418 Iuppiter
873 3331 1009 3416 optimus
1027 3351 1094 3394 mae
1113 3347 1145 3396 10

81 3420 182 3504 ximus,
209 3426 338 3491 exulum
358 3436 453 3512 atque
476 3450 637 3493 servorum
656 3438 782 3513 saeptus
800 3426 909 3504 armis,
931 3424 1018 3489 nulla
1035 3422 1094 3488 hu-

79 3531 159 3584 mana
183 3542 244 3607 ope
269 3521 385 3608 dignus
410 3522 497 3589 erat?
527 3531 558 3586 et
583 3521 616 3585 hi
641 3522 814 3607 postulant,
841 3531 877 3584 ut
903 3517 1094 3586 sacrosancti

77 3601 250 3695 habeantur,
269 3616 384 3701 quibus
401 3617 463 3702 ipsi
481 3617 525 3681 dii
542 3639 643 3701 neque
662 3616 743 3682 sacri
759 3639 864 3699 neque
882 3611 1093 3682 sanctisunt?

77 3712 103 3768 at
120 3709 200 3774 enim
221 3711 337 3776 divinis
359 3710 567 3796 humanisque
589 3711 693 3776 obruti
715 3709 885 3776 sceleribus
906 3709 1011 3796 legem
1031 3727 1090 3775 vos
1108 3724 1140 3773 11

77 3793 125 3867 hoe
139 3826 222 3870 anno
239 3805 413 3890 perlaturos
431 3806 589 3873 dictitatis.
624 3815 692 3870 tum
713 3805 839 3871 hercule
860 3805 914 3871 illo
936 3805 1000 3882 die,
1027 3824 1090 3886 quo

77 3913 124 3980 ego
141 3899 252 3964 consul
270 3920 342 3964 sum
359 3909 492 3979 oreatus,
510 3899 592 3964 male
610 3909 700 3987 gesta
716 3921 767 3964 res
784 3898 911 3985 publica
923 3907 981 3976 est,
999 3898 1089 3981 peius

77 3989 174 4071 nullo,
201 4016 297 4077 quam
316 4015 390 4058 cum
405 3994 444 4059 P.
463 3994 609 4060 Valerius
633 3994 743 4060 consul
765 3994 870 4078 periit,
896 3993 925 4058 si
947 3993 1087 4056 tuleritis.
