2566 4524
335 254 455 312 omno
475 254 515 328 x,
530 254 555 311 1.
574 253 812 328 [scemeca]
1014 241 1086 312 ’495

65 431 106 471 ω
114 408 266 468 victoriam
274 409 335 467 eius
343 427 458 482 pugnae
467 399 577 483 populo
586 409 716 467 Romano
726 405 815 468 dedit.
839 409 972 484 Papirius
980 408 1086 468 Omsor

65 488 225 548 tamnitiurn
244 487 411 558 exercitum,
430 489 480 559 qui
496 488 557 544 iure
575 488 695 544 iurando
715 486 884 560 obstrictus,
921 503 960 546 uo
976 489 1085 546 maiore

65 565 221 628 enatantis
229 564 341 621 virtutis
353 570 505 636 pugnaret,
517 565 547 621 in
561 565 651 621 aciem
660 565 858 638 descenderat,
871 563 905 622 iu
925 565 955 622 't
981 581 1085 624 cenam

65 650 135 700 ‚ctus
154 647 214 714 est,
232 642 352 698 lustrum
369 642 527 699 conditumr
550 659 636 700 censa
649 647 717 699 sunt
729 642 832 701 civium
849 643 945 717 capita
962 642 1086 702 ducenta

65 720 242 795 eptuagtnta
255 720 312 776 dac
326 719 404 778 milia
416 725 446 777 et
458 726 588 778 trecenta
601 721 725 794 viginti]

436 973 554 1058 ΤΙΤΙ
579 975 704 1057 LIVI

297 1128 365 1192 An
402 1129 549 1193 vana
586 1130 847 1195 oounrnn

472 1303 601 1364 LIBER
622 1302 664 1364 X.

114 1453 144 1520 L
182 1452 225 1518 L.
245 1449 403 1531 Genucio,
423 1449 491 1520 Ser.
511 1452 660 1520 Cornelio
682 1453 863 1522 consuhbus
885 1454 926 1523 ab
948 1457 1085 1526 externis
1105 1475 1117 1523 1

65 1569 153 1616 erme
172 1545 264 1613 bellis
281 1547 379 1612 otium
397 1546 467 1613 fuit.
503 1545 618 1614 Soram
635 1557 729 1634 atque
737 1548 856 1615 Albam
873 1549 1014 1618 coloniae
1031 1551 1087 1619 de-

65 1652 183 1721 natae,
206 1639 325 1707 Albam
346 1641 380 1706 in
397 1639 530 1727 Aequos
557 1664 614 1707 sex
639 1642 726 1709 milia
751 1644 933 1712 colonorum
959 1647 1084 1735 scripta

65 1738 136 1805 lora
159 1734 229 1824 agri
250 1733 362 1802 Volsci
388 1735 504 1815 fuerat,
532 1736 589 1802 aed
614 1737 819 1824 possederant
840 1736 1019 1820 Samnites3
1045 1759 1119 1807 eor

64 1841 203 1918 nattuor
218 1829 305 1896 milia
321 1828 485 1896 bominum
502 1830 610 1897 missa

114 1926 245 1993 Eodem
261 1924 572 2013 annoArpinatibus
590 1926 842 2014 Trebulanisque
863 1927 973 1996 uvius
995 1927 1084 2009 data3

65 2021 240 2090 lrusinates
262 2021 353 2087 tertia
373 2029 462 2108 parte
483 2021 553 2108 egri
574 2021 727 2102 damnati,
755 2023 840 2110 quod
860 2021 1017 2090 Hernicos
1042 2022 1119 2091 aba

64 2118 96 2185 is
125 2114 311 2184 sollicitatos
342 2124 540 2203 conpertum,
572 2117 738 2203 capitaque
769 2117 989 2185 coniurationis
1015 2118 1084 2185 eius

65 2208 239 2299 maestione
262 2209 302 2276 ab
320 2209 503 2275 consulibus
521 2230 562 2274 ex
583 2218 712 2276 senatus
736 2210 878 2276 consulto
898 2211 1007 2277 habita
1023 2212 1087 2276 vir-

65 2309 101 2388 ia
126 2304 212 2372 caesi
232 2326 271 2371 oc
293 2305 395 2371 securi
416 2303 567 2392 percussi
603 2313 710 2370 nmen
726 2325 766 2369 ne
787 2325 916 2391 prorsus
935 2304 1121 2373 inbellemc
1250 2316 1253 2321 ’

65 2408 185 2491 gerent
201 2422 328 2480 annum,
346 2422 445 2488 parva
462 2397 619 2486 expeditio
635 2395 813 2467 inUmbria
826 2398 913 2464 facta
930 2400 1086 2484 estquod

65 2494 270 2574 nuntiabatur,
292 2517 334 2560 ex
351 2494 501 2581 spelunca
518 2494 655 2579 quadam
672 2492 873 2560 excursiones
895 2502 1086 2558 armatorum

65 2616 81 2658 r
99 2612 198 2678 agros
215 2589 293 2655 lieri.
327 2588 450 2655 ineam
468 2588 650 2675 speluncam
670 2595 868 2676 penetratum
889 2607 962 2652 cum
982 2585 1084 2674 signis
1102 2607 1119 2656 o

65 2695 99 2752 st
117 2694 152 2751 et
170 2706 211 2750 ex
228 2705 267 2773 eo
282 2683 353 2749 loco
371 2682 506 2749 obscuro
523 2683 624 2750 multa
639 2682 771 2749 vulnera
786 2690 917 2768 accepta
933 2680 1086 2746 maxime·

65 2802 114 2867 με
135 2778 279 2866 lapidum
304 2778 382 2857 ictu,
405 2778 507 2845 donec
527 2779 627 2846 altero
652 2799 767 2866 specus
788 2777 857 2845 eius
879 2798 934 2844 ore
950 2811 992 2826 ·—
1009 2799 1084 2841 nom

65 2873 181 2941 ervius
205 2882 331 2938 erat-
347 2872 475 2939 invento
495 2881 648 2958 utraeque
669 2873 780 2939 fauces
806 2871 964 2960 congestis
988 2870 1084 2959 lignis

65 2989 216 3035 ccensae.
250 2966 295 3032 ita
311 2965 396 3032 intus
414 2965 503 3032 fumo
520 2988 558 3032 ac
574 2987 691 3052 vapore
709 2965 750 3031 ad
767 2965 831 3031 duo
847 2966 935 3031 milia
950 2975 1086 3031 armato-
1102 2984 1119 3036 t

65 3085 122 3129 um
147 3060 273 3126 ruentia
297 3059 469 3127 novissime
494 3061 528 3126 in
552 3059 640 3146 ipsas
665 3057 824 3136 flammas,
851 3058 928 3123 dum
951 3058 1084 3136 evadere

65 3157 196 3233 endunt,
216 3154 394 3244 absumpta.

115 3250 166 3316 M
179 3250 277 3315 Livio
293 3248 425 3328 Dentre,
445 3245 524 3336 [Μ.]
538 3247 677 3313 Aemilio
694 3243 876 3313 consulibus
893 3242 1085 3331 redintegra·
1102 3264 1117 3314 t

65 3369 122 3414 um
143 3342 325 3429 Aequicum
348 3343 477 3410 bellum.
518 3341 673 3408 coloniam
699 3362 794 3429 aegre
818 3337 973 3427 patientes
998 3337 1085 3404 velut
1138 3385 1144 3393 .

65 3462 160 3508 roem
177 3438 244 3505 suis
261 3438 378 3506 linibus
395 3436 574 3526 inpositam,
593 3459 718 3503 summa
734 3435 766 3502 vi
784 3454 966 3523 expugnare
983 3433 1086 3500 adorti

65 3535 91 3603 b
109 3532 192 3622 ipsis
211 3532 329 3600 colonis
350 3532 518 3619 pelluntur.
554 3541 694 3597 ceterum
710 3538 833 3596 tantiam
848 3527 971 3596 Romae
987 3536 1086 3595 terro-
1103 3546 1120 3598 ⁸

65 3653 120 3698 em
142 3627 261 3707 fecere,
287 3627 363 3714 quia
383 3626 439 3692 vix
459 3623 608 3693 credibile
633 3632 715 3703 erat,
740 3632 806 3691 tam
831 3621 965 3691 adfectis
989 3621 1085 3690 rebus

65 3724 139 3792 olos
158 3743 217 3809 per
233 3744 269 3789 se
284 3720 418 3807 Aequos
436 3720 478 3787 ad
494 3719 613 3787 bellum
630 3727 768 3798 coortos,
790 3727 827 3785 ut
846 3717 1000 3786 tumultus
1017 3717 1085 3783 eius

65 3841 153 3886 ansa
170 3817 305 3884 dictator
321 3817 476 3883 diceretur
494 3814 533 3883 Ο.
546 3814 659 3882 Iunius
675 3813 851 3882 Bubulcus.
886 3837 958 3882 cum
971 3811 1020 3878 M.
1030 3810 1086 3875 Ti-
1104 3830 1119 3879 e

65 3915 130 3981 inio
149 3912 303 4001 magistro
321 3912 462 3998 equitum
478 3911 639 3999 profectus
655 3909 758 3999 primo
770 3930 945 3999 congressu
951 3903 1085 3989 Aequos

65 4008 193 4097 ubegit,
211 4030 249 4075 ac
261 4006 313 4074 die
330 4017 443 4074 octavo
459 4005 656 4094 triumphans
672 4006 707 4072 in
723 4004 834 4072 urbem
851 4025 924 4069 cnm
941 3997 1084 4078 redisset,
