2550 4530
189 239 233 306 46
445 250 563 304 amaa
579 249 608 320 1,
626 249 669 305 43.
689 249 962 320 [auant—220]

189 411 352 494 ribusque,
384 407 497 495 viginti
522 407 716 493 conscriptae
743 408 912 473 centiniae.
956 430 1044 474 arma
1069 406 1233 495 imperata

157 529 173 578 5
192 515 316 571 scutum
333 525 390 589 pro
409 503 509 588 clipeo
529 511 560 567 et
572 513 696 587 praeter
707 502 836 569 loric-am
850 502 956 569 omnia
969 502 1093 569 eadem.
1114 504 1232 570 tertiae

191 599 302 665 classis
320 599 354 662 in
375 597 603 684 quinquaginta
620 597 742 662 milium
760 618 890 663 censam
909 620 980 663 esse
1002 597 1113 663 voluit.
1156 598 1232 664 toti-

191 696 264 759 dem
283 693 439 758 centuriae
459 702 491 756 et
503 691 562 756 bae
579 693 751 776 eodemque
766 693 944 757 discrimine
957 693 1108 758 aetatium
1121 690 1229 759 factae

191 811 251 854 nec
264 790 303 852 de
317 787 411 853 armis
425 787 592 871 quicquam
606 797 771 865 mutatum,
789 810 899 853 ocreae
912 798 1033 852 tantum
1047 788 1225 874 ademptae.

159 885 226 954 ain
248 893 358 967 quarta
380 883 481 946 classe
505 904 618 946 census
641 882 779 966 quinque
803 891 834 946 et
855 882 967 968 viginti
989 882 1127 961 milium3
1155 882 1228 948 toti-

193 980 265 1042 dem
284 978 443 1042 centuriae
460 978 577 1054 factae‚
601 999 688 1041 arma
706 986 839 1055 mutata,
862 977 941 1042 nihil
957 988 1082 1062 praeter
1099 977 1226 1042 hastam

159 1098 173 1143 7
194 1084 224 1137 et
242 1082 387 1136 verutum
405 1073 522 1136 datum.
550 1072 658 1154 quinta
676 1070 786 1136 classis
805 1083 906 1150 aucta,
926 1072 1084 1137 centuriae
1098 1072 1227 1159 triginta

193 1169 304 1232 factae.
341 1167 456 1231 fundas
474 1167 657 1252 lapidesque
675 1167 812 1232 missiles
829 1167 863 1231 hi
881 1188 988 1232 secum
1006 1167 1175 1255 gerebant3
1194 1169 1226 1232 in

192 1262 242 1327 bis
261 1262 394 1339 accensi,
414 1262 585 1326 cornicines
604 1260 833 1346 tubicinesque,
852 1261 885 1326 in
904 1272 968 1326 tres
985 1263 1144 1330 centurias
1162 1263 1227 1328 dis·

160 1376 175 1423 8
194 1356 310 1421 tributi.
354 1356 501 1420 undecim
528 1355 655 1420 milibus
681 1356 759 1421 haee
786 1357 897 1422 classis
924 1357 1122 1423 censebatur.
1166 1358 1226 1423 hoc

194 1451 295 1514 minor
312 1473 425 1515 census
439 1451 589 1535 reliquam
603 1451 834 1516 multitudinem
848 1450 971 1517 habuit:
989 1452 1063 1518 inde
1076 1474 1143 1519 una
1156 1474 1226 1518 een·

195 1545 276 1608 turia
292 1545 376 1608 lacta
389 1554 437 1608 est
449 1545 597 1608 immunis
616 1544 735 1610 militia.

259 1639 310 1703 Ita
326 1639 463 1724 pedestri
486 1640 624 1703 exercitu
646 1651 755 1706 ornato
778 1641 1008 1726 distributoque
1027 1643 1170 1726 equitum
1188 1664 1224 1706 ex

161 1755 175 1800 9
194 1734 382 1820 primoribus
401 1735 535 1799 civitatis
554 1735 720 1801 duodecim
738 1737 863 1822 scripsit
880 1738 1046 1803 centurias.
1076 1738 1224 1802 sertitem

196 1829 273 1893 alias
296 1829 465 1906 centurias,
493 1829 593 1894 tribus
616 1829 656 1894 ab
678 1830 815 1895 Romulo
837 1831 1002 1910 institutis,
1030 1830 1091 1896 sub
1115 1831 1223 1908 isdem,

196 1923 310 2006 quibus
320 1924 524 2010 inauguratae
535 1934 631 2001 erant,
651 1924 829 1990 nominibus
838 1925 923 1991 feeit
956 1926 997 1991 ad
1011 1948 1223 2010 equosemen·

195 2020 252 2083 dos
280 2018 361 2083 dena
388 2019 474 2083 milia
500 2019 580 2084 aeris
608 2042 648 2083 ex
673 2019 800 2105 publico
823 2021 896 2085 data
918 2031 962 2098 et,
990 2021 1106 2105 quibus
1130 2042 1222 2106 equos
1265 2026 1267 2047 ²

196 2114 328 2190 alerent,
346 2113 461 2178 uduae
479 2114 660 2192 attributae,
685 2137 766 2198 quae
783 2115 858 2180 bina
875 2116 961 2180 milia
978 2116 1059 2180 aeris
1076 2116 1111 2182 in
1129 2136 1221 2181 annos

196 2208 336 2294 singulos
354 2209 534 2293 penderent.
566 2208 644 2274 haec
662 2210 767 2274 omnia
784 2210 817 2274 in
835 2210 915 2275 dites
934 2234 953 2274 a
969 2211 1162 2296 pauperibus
1179 2210 1221 2274 in-

197 2303 311 2367 clinata
328 2326 432 2369 onera.

146 2419 178 2466 10
259 2396 385 2462 Deinde
406 2409 456 2464 est
477 2399 578 2464 honos
600 2399 740 2466 additus:
768 2400 947 2477 nonenim,
973 2410 1009 2464 ut
1031 2399 1071 2465 ab
1089 2400 1220 2466 Romulo

195 2491 344 2557 traditum
362 2494 456 2558 ceteri
475 2503 676 2559 servaverant
696 2517 803 2581 reges,
831 2495 947 2559 viritim
970 2495 1158 2582 suffragium
1174 2516 1223 2559 ea·

196 2589 268 2653 dem
286 2588 318 2653 vi
336 2589 509 2672 eodemque
527 2589 593 2654 iure
612 2589 767 2674 promisee
785 2589 932 2654 omnibus
954 2590 1063 2654 dabam
1081 2601 1144 2668 est,
1172 2589 1220 2654 sed

196 2686 313 2770 gradm
331 2685 420 2762 facti,
448 2696 483 2748 ut
500 2708 601 2769 neque
620 2686 767 2749 exclusus
786 2686 952 2770 quisquam
971 2685 1124 2773 suffragio
1141 2686 1222 2750 ride-

148 2796 177 2844 11
196 2792 282 2843 retur
299 2789 330 2843 et
346 2779 395 2844 ria
414 2780 515 2844 omnis
534 2802 631 2865 penes
650 2779 804 2866 primores
821 2781 955 2845 civitatis
975 2793 1069 2846 esset.
1105 2781 1221 2866 equites

197 2874 281 2938 enim
299 2873 493 2939 vocabantur
508 2876 609 2960 primi,
629 2875 789 2960 octoginta
804 2875 878 2940 inde
895 2876 1015 2961 primae
1028 2876 1141 2942 classis
1156 2896 1223 2940 cen·

197 2968 297 3032 turiae
314 2968 450 3053 primum
468 2970 608 3054 peditum
625 2970 833 3049 vocabantur3
859 2970 903 3035 ibi
922 2971 948 3035 si
966 2971 1115 3050 variaret,
1143 2968 1222 3055 quod

198 3086 269 3128 raro
290 3063 463 3141 incidebat,
489 3075 523 3129 ut
550 3067 707 3130 secundae
734 3066 845 3130 classis
873 3075 1059 3131 vocarentur
1079 3088 1140 3131 nec
1161 3065 1221 3130 fere

197 3180 346 3242 umquam
364 3159 507 3242 introita
524 3160 759 3239 descenderent,
777 3168 812 3224 ut
825 3161 866 3225 ad
878 3160 1002 3224 infimos
1015 3160 1219 3246 pervenirent

147 3274 178 3321 12
196 3275 255 3318 nee
272 3253 376 3317 mirari
394 3263 524 3339 opertet,
543 3250 628 3320 huno
647 3255 798 3332 ordinem,
817 3255 872 3339 qui
889 3277 973 3318 nuno
994 3264 1068 3340 post
1084 3255 1220 3341 expletas
1263 3292 1267 3345 3

198 3348 334 3430 quinque
353 3357 384 3412 et
401 3350 529 3435 triginta
547 3349 646 3414 tribus
689 3351 848 3436 duplicato
871 3372 978 3413 earum
999 3371 1133 3415 numero
1155 3368 1222 3414 cen·

198 3441 285 3506 turiis
304 3442 460 3507 iuniorum
479 3445 699 3529 seniorumque
728 3455 784 3523 est,
804 3446 845 3509 ad
861 3444 1035 3509 institutam
1054 3444 1095 3510 ab
1116 3443 1222 3512 Servio
1264 3486 1267 3511 ι

147 3558 178 3605 13
199 3535 303 3601 Tullio
322 3558 478 3603 summam
500 3562 563 3605 non
586 3540 760 3604 convenire.
797 3539 1019 3623 quadrifariam
1042 3539 1129 3604 enim
1149 3537 1222 3603 urbe
1265 3586 1267 3613 ,

198 3631 300 3696 divisa
316 3632 508 3720 regionibus,
527 3657 608 3718 quae
623 3635 769 3719 (collibus
785 3636 853 3719 qui)
872 3634 1094 3699 habitabantur
1112 3644 1221 3722 partes,
1265 3706 1267 3711 ¹

199 3748 251 3790 eas
274 3727 373 3793 tribus
396 3729 578 3815 appellavit,
611 3740 646 3794 ut
669 3752 728 3817 ego
752 3729 884 3794 arbitror
910 3728 1068 3796 atributa
1090 3766 1134 3779 -—-
1155 3748 1223 3792 nam

198 3821 265 3886 eius
292 3845 418 3907 quoque
444 3826 616 3908 aequaliter
642 3848 682 3890 ex
709 3847 806 3890 censu
839 3823 1019 3890 auferendi
1045 3823 1086 3889 ab
1118 3824 1223 3889 ecdem

197 3916 274 3981 inita
295 3918 373 3983 ratio
396 3928 445 3984 est
469 3943 522 3984 -ε
549 3942 651 4003 neque
674 3943 729 3985 eae
752 3919 851 3984 tribus
874 3919 914 3983 ad
937 3919 1148 3985 centuriarum
1165 3916 1224 3983 dis·

198 4011 397 4078 tributionem
414 4036 642 4100 numerumque
660 4015 827 4100 quiequam
844 4016 1031 4099 pertinuere.
