2566 4524
331 264 449 320 amaa
465 265 564 336 vnn,
583 264 628 320 ae.
640 264 683 321 ιι.
702 268 741 335 [a
752 263 901 337 carolos]
1064 253 1128 323 481

899 355 921 383 ,

97 434 241 514 paratam
257 421 390 510 imperio
405 421 554 488 futuram.
585 423 665 490 haec
677 445 749 489 cum
760 423 860 490 relata
872 424 994 490 consuli
1010 435 1126 506 essent,
1146 447 1162 499 ι

96 517 320 607 inpedimentis
336 517 439 604 prima
455 516 564 605 vigilia
579 517 777 604 praemissis,
794 518 973 606 legionibus
990 529 1064 607 post
1079 519 1128 586 in-

97 615 279 704 pedimenta
295 611 340 680 ire
361 612 471 693 iussis,
493 613 563 701 ipse
585 613 724 681 substitit
746 637 819 680 curn
841 615 982 699 equitatu
1003 625 1036 682 et
1055 616 1127 683 lnce
1146 639 1181 689 to

95 720 165 778 orta
191 717 320 796 postero
345 707 397 774 dic
422 707 617 793 obequitavit
647 709 834 777 stationibus
864 710 1018 791 hostium,
1044 733 1127 796 quae

96 813 187 871 extra
204 801 321 870 saltum
342 802 513 889 dispositae
535 813 637 883 erant3
664 813 786 871 etcum
804 806 881 872 satis
899 806 953 872 diu
975 806 1128 873 tenuisset

96 899 237 976 hostem,
262 897 297 964 in
322 906 425 964 castra
447 919 518 964 sese
539 898 657 985 recepit
681 908 834 986 portaque
855 900 953 967 altera
979 923 1127 988 egressus

95 1003 170 1061 ante
196 1001 322 1059 noctem
347 1014 462 1080 agmen
484 991 675 1077 adsequitur.
714 1003 840 1080 postero
862 995 913 1060 die
935 994 1005 1061 luce
1026 996 1129 1082 prima
1146 1015 1178 1067 11

95 1088 173 1176 iuga
189 1085 319 1154 Ciminii
335 1087 451 1154 montis
471 1086 606 1153 tenebat.
641 1087 715 1153 inde
732 1088 961 1174 contemplatus
979 1088 1129 1176 opulenta
1176 1091 1179 1100 '

95 1181 245 1248 Etruriae
267 1204 343 1247 arva
364 1181 479 1246 milites
502 1181 624 1247 emittit.
660 1181 780 1270 ingenti
801 1182 864 1247 iam
882 1181 994 1249 abacta
1010 1184 1128 1271 praeda
1145 1198 1178 1248 12

96 1276 318 1344 tumultuariae
341 1277 513 1363 agrestium
534 1276 745 1343 Etruscorum
771 1277 928 1356 cohortes,
955 1287 1083 1364 repente
1108 1302 1129 1344 a

95 1370 293 1462 principibus
318 1372 456 1459 regionis
478 1372 546 1439 eius
573 1372 760 1451 concitatae,
781 1372 934 1438 Romanis
961 1382 1128 1440 occurrunt

96 1468 178 1536 adeo
194 1467 419 1554 inconpositae,
438 1477 472 1532 ut
485 1467 624 1534 vindices
641 1469 828 1555 praedarum
845 1474 942 1554 prope
960 1468 1021 1554 ipsi
1038 1491 1129 1556 prae-

95 1563 158 1630 dae
180 1562 306 1628 fuerint.
346 1561 448 1629 caesis
470 1561 652 1649 fugatisque
673 1562 728 1640 iis,
749 1562 812 1627 late
835 1564 1023 1650 depopulato
1050 1586 1128 1652 agro
1147 1582 1179 1632 ιι

96 1657 201 1726 victor
224 1656 389 1725 Romanus
419 1656 650 1744 opulentusque
680 1678 785 1722 rerum
812 1658 952 1722 omnium
979 1659 1070 1745 eopia
1094 1657 1128 1724 in

95 1764 203 1818 eastra
218 1750 321 1817 rediit.
351 1772 389 1816 eo
402 1749 483 1817 forte
500 1750 637 1836 quinque
654 1750 751 1838 legati
769 1772 841 1815 oum
854 1751 977 1818 duobus
995 1752 1127 1818 tribunis
1147 1773 1181 1823 ιι

86 1844 201 1934 plebis
218 1854 369 1911 venerant
386 1845 604 1912 denuntiatum
613 1844 714 1912 Fabio
729 1856 857 1912 senatus
875 1845 989 1924 verbis,
1008 1869 1048 1912 ne
1066 1846 1129 1911 sal-

95 1951 166 2008 tum
186 1939 357 2007 Ciminium
376 1940 530 2007 transiret.
566 1941 685 2019 laetati,
705 1942 805 2008 serius
824 1965 858 2007 se
876 1965 972 2027 quam
989 1952 1024 2008 ut
1040 1943 1130 2030 inpe-

94 2036 165 2106 dire
184 2033 303 2101 bellum
324 2045 455 2121 possent
471 2035 611 2113 venisse,
634 2036 736 2101 nuntii
756 2037 905 2124 victoriae
922 2038 1058 2103 Romam
1079 2059 1129 2104 re-

95 2137 274 2196 vertamur.

161 2220 352 2293 XXXVII.
371 2223 445 2290 Hac
458 2222 655 2309 expeditione
670 2224 885 2290 consulist
821 2235 885 2290 mot
886 2248 940 2289 um
954 2226 1048 2290 latius
1062 2234 1129 2291 erat
1147 2245 1162 2294 1

95 2341 198 2406 quam
217 2317 419 2406 profligatum
440 2316 577 2384 bellum:
603 2318 811 2383 vastationem
833 2339 969 2401 namque
991 2317 1050 2384 sub
1074 2316 1131 2385 Ci-

95 2411 189 2480 minii
206 2411 321 2478 montis
343 2411 533 2477 radicibus
523 2433 629 2476 iacens
651 2435 707 2477 ora
729 2421 869 2478 senserat
890 2412 1129 2497 conciveratque

96 2507 315 2595 indignatione
341 2527 406 2573 non
426 2505 574 2572 Etmniae
600 2506 695 2572 modo
720 2505 868 2593 populos,
897 2506 953 2571 sed
975 2505 1129 2572 Umbriae

96 2601 300 2670 finitima't
278 2612 383 2686 itaque
401 2610 537 2685 quantus
555 2623 619 2666 non
635 2623 786 2687 umquam
805 2625 845 2666 an
846 2611 897 2666 tea
915 2600 1031 2666 exercit
1032 2623 1069 2666 us
1018 2600 1130 2666 tad
1148 2621 1186 2667 ι·

97 2696 247 2767 Sutrium
259 2696 359 2775 venit3
376 2717 479 2780 neque
492 2717 510 2761 e
524 2694 612 2762 silvis
630 2697 847 2762 tantummodo
859 2704 1004 2781 promota
1016 2704 1129 2774 castra,

96 2791 158 2861 sed
180 2789 276 2857 etiam
298 2789 447 2856 aviditate
472 2789 643 2857 dimicandi
664 2813 759 2876 quam
784 2792 920 2878 primum
945 2790 979 2855 in
1001 2812 1129 2877 campos
1212 2862 1215 2866 ,

95 2885 207 2954 delata
223 2885 318 2952 acies.
340 2884 454 2951 deinde
470 2883 623 2951 instructa
639 2885 744 2971 primo·
759 2909 817 2952 suo
835 2896 917 2953 stare
934 2886 1005 2952 loco
1022 2885 1130 2952 relicto
1150 2904 1165 2952 ι

95 2978 241 3049 hostium
262 2980 304 3044 ad
328 2976 546 3045 instruendum
572 2987 681 3045 contra
706 2980 823 3065 spatio;
850 2980 936 3057 dein,
963 2989 1132 3064 postquam

96 3075 275 3143 detractare
301 3073 425 3140 hostem
452 3095 579 3140 sensere
599 3095 755 3162 pugnam,
783 3074 824 3139 ad
844 3074 962 3140 vallum
985 3072 1129 3137 subeunt.

95 3169 156 3238 ubi
172 3177 343 3256 postquam
360 3169 510 3235 stationes
528 3190 654 3254 quoque
670 3177 812 3257 receptas
834 3169 916 3235 intra
936 3166 1131 3232 munimenta
1148 3189 1166 3235 4

96 3284 243 3341 sensere,
269 3261 388 3331 clamor
411 3273 540 3351 repente
566 3263 649 3329 eirca
670 3263 767 3331 duces
789 3273 890 3342 ortus,
914 3270 949 3326 ut
970 3283 1007 3327 eo
1022 3259 1092 3327 ¹sibi
1113 3282 1131 3327 e

95 3356 214 3426 castris
231 3353 349 3423 cibaria
367 3357 433 3423 eius
452 3357 514 3424 diei
532 3357 647 3424 deferri
663 3357 820 3425 iuberentr
838 3377 1052 3423 mensurasse
1071 3354 1131 3422 sub
1149 3377 1166 3425 a

95 3451 199 3522 armis
220 3459 253 3517 et
273 3462 328 3521 aut
353 3462 445 3519 nocte
467 3462 521 3518 aut
547 3462 630 3519 certe
655 3451 726 3518 luce
746 3454 849 3540 prima
870 3461 973 3518 castra
993 3451 1132 3518 hostium
1155 3534 1158 3539 .

95 3548 278 3614 invasuros.
309 3545 407 3612 nihilo
425 3546 558 3630 quietior
569 3547 734 3613 Romanus
753 3547 907 3613 exercitus
925 3547 1056 3635 imperio
1073 3548 1166 3617 (ιιι-ι

97 3643 148 3709 cis
171 3640 357 3708 continetur.
397 3642 519 3708 decima
540 3652 607 3707 erat
632 3642 698 3708 fere
725 3643 788 3709 diei
812 3644 904 3723 hora,
928 3666 1000 3709 cum
1026 3642 1132 3709 cibum

97 3759 216 3824 capere
242 3736 353 3802 consul
378 3737 492 3803 milites
519 3737 620 3815 iubet,
643 3738 807 3825 praecipit,
830 3751 864 3804 ut
886 3740 919 3805 in
940 3739 1042 3827 armis⁴
1058 3736 1129 3812 sint,

97 3852 301 3918 quacumque
319 3833 383 3900 diei
398 3833 539 3899 noctisve
557 3833 635 3898 hora
648 3835 773 3920 signum
787 3836 916 3900 dederit
946 3832 1056 3919 paucis
1073 3828 1132 3893 mi·
1150 3851 1165 3898 7

97 3926 173 3993 lites
191 3926 379 4012 adloquitur,
396 3927 586 3995 Samnitium
605 3929 686 3994 bella
704 3931 833 4007 extollit,
852 3931 954 3994 elevat
966 3926 1129 3999 Etruscos,

90 4043 162 4097 ‚nec
179 4021 306 4088 hostem
323 4022 407 4088 hosti
424 4046 482 4089 nec
500 4024 730 4089 multitudinem
747 4022 938 4089 multitudini
960 4041 1133 4105 conparan-

136 4128 139 4133 ¹
156 4139 292 4186 harvest.
926 4121 957 4174 31
