2566 4524
350 237 469 294 muns
486 238 529 310 x,
547 238 572 293 a
586 238 611 293 s.
630 235 808 309 [aecem]
1029 222 1094 290 497

59 420 231 489 regemque
255 399 466 484 Cleonymum
492 396 552 461 tria
578 394 664 461 milia
690 394 812 461 abesse.
860 393 934 460 inde
960 394 1093 480 captivis
1114 386 1150 467 ra

58 495 207 584 proximo
223 492 294 559 vico
314 491 350 557 in
367 491 543 557 custodiam
560 490 642 555 datis
659 512 733 575 pars
749 489 916 556 fluviatiles
934 511 1033 555 naves
1051 491 1093 556 ad

59 587 241 677 superanda
261 587 345 653 vada
366 595 551 673 smgnorum
572 593 645 672 apte
666 583 768 670 planis
791 584 889 650 alveis
911 583 1091 664 fabricatas,

57 706 137 774 pars
168 682 293 770 captiva
322 680 448 769 navigia
479 679 608 746 armatis
638 678 800 765 conplent,
830 678 1025 765 profectique
1051 681 1093 746 ad

56 778 198 845 classem
213 775 381 843 inmobiles
397 797 496 842 naves
510 784 542 840 et
558 773 629 841 loca
645 774 755 862 ignota
770 774 952 860 plusquam
969 774 1095 841 hostem

58 874 209 939 timentes
228 871 474 950 circumvadunt,
488 869 709 959 fugientesque
721 870 756 935 in
768 870 867 935 altum
881 870 984 937 acrius
997 891 1094 955 quam
1113 888 1146 939 18

57 977 276 1058 repugnantes
292 988 394 1052 usque
412 967 453 1032 ad
470 966 586 1034 ostium
604 965 705 1031 amnis
726 966 885 1053 persecuti
906 966 1006 1052 captis
1025 966 1096 1050 qui-

58 1064 200 1131 busdam
221 1061 420 1147 incensisque
441 1061 576 1129 navibus
597 1060 749 1139 hostium,
772 1083 851 1146 quas
874 1060 1039 1146 trepidatio
1061 1061 1095 1126 in

57 1159 147 1225 vada
158 1157 315 1237 intulerat,
328 1156 463 1223 victores
476 1166 684 1223 revertuntur.
713 1154 906 1243 Cleonymus
919 1157 974 1221 vix
986 1155 1096 1239 quinta
1115 1173 1148 1222 14

57 1263 153 1344 parte
169 1253 298 1319 navium
314 1251 464 1319 incolumi
481 1251 567 1318 nulla
583 1251 712 1341 regione
729 1251 824 1317 maris
834 1251 1011 1318 Hadriatici
1022 1271 1095 1337 pro-

59 1371 157 1439 spere
178 1349 264 1415 adita
285 1347 439 1414 discessit
474 1357 576 1414 rostra
597 1347 725 1414 navium
748 1347 911 1434 spoliaque
928 1347 1096 1413 Laconum

58 1447 96 1513 in
114 1443 194 1510 aede
210 1442 342 1509 Iunonis
364 1442 464 1508 veteri
485 1443 550 1508 fixa
570 1441 661 1508 multi
684 1451 853 1529 supersunt
873 1442 928 1526 qui
950 1440 1096 1507 videnmt

58 1538 188 1615 Patavi.
223 1546 461 1604 monumentum
479 1537 599 1604 navalis
616 1560 743 1625 pugnae
761 1559 798 1604 eo
814 1536 877 1616 die,
892 1558 956 1622 quo
973 1557 1097 1624 pugua-
1115 1551 1148 1601 15

58 1653 132 1701 tum
150 1642 212 1713 est,
235 1631 402 1719 quotannis
421 1632 565 1699 sollemni
586 1632 754 1699 certamine
772 1633 901 1700 navium
917 1633 950 1698 in
967 1631 1096 1697 flumine

59 1728 174 1817 oppidi
190 1728 294 1795 medio
312 1737 483 1794 exercetur.
1195 1786 1198 1791 ⁴

127 1823 192 1889 ΠΙ.
218 1822 344 1889 Eodem
357 1822 571 1890 annoRomae
585 1845 659 1888 cum
667 1821 809 1889 Vestinis
826 1820 1005 1908 petentibus
1018 1819 1098 1886 ami·
1117 1837 1131 1885 1

60 1919 172 1985 citiam
189 1917 286 1984 ictum
304 1927 352 1984 est
368 1916 491 1984 foedus.
527 1915 692 2004 multiplex
709 1916 823 1983 deinde
841 1925 968 1983 exortus
987 1924 1095 1981 terror.
1115 1930 1132 1980 a

58 2013 227 2083 Etruriam
243 2012 395 2079 rebellare
412 2011 452 2078 ab
461 2011 682 2079 Arretinorum
700 2012 906 2079 seditionibus
923 2020 1012 2078 motu
1029 2018 1098 2077 orto

60 2106 278 2186 nuntiabam,
296 2106 353 2174 ubi
371 2105 511 2175 Cilnium
528 2130 630 2195 genus
648 2118 837 2196 praepotens
854 2106 1034 2174 divitiarum
1050 2104 1100 2171 in-

60 2203 153 2269 vidia
173 2201 250 2288 pelli
269 2202 366 2269 armis
385 2213 546 2289 coeptum,
570 2200 665 2267 simnl
682 2199 809 2268 Marsos
827 2223 940 2288 agrum
956 2200 990 2265 vi
1007 2198 1097 2276 tueri,

60 2299 100 2365 in
120 2318 217 2383 quem
237 2295 359 2363 colonia
382 2295 525 2364 Carseoli
545 2295 681 2361 deducta
706 2302 773 2361 erat
799 2302 946 2379 quattuor
971 2291 1099 2359 milibus

60 2392 230 2461 hominum
247 2393 381 2480 seriptis.
416 2392 523 2476 itaque
539 2400 667 2478 propter
684 2411 739 2457 eos
758 2386 911 2455 tumultus
929 2387 1033 2454 dictus
1049 2384 1098 2453 M
1118 2405 1134 2454 3

60 2486 214 2555 Valerius
232 2485 395 2554 Maximus
414 2487 547 2552 dictator
566 2485 754 2574 magistrum
775 2483 918 2568 equitum
940 2481 1001 2548 sibi
1022 2480 1100 2569 legit

60 2581 115 2651 M.
131 2581 308 2649 Aemilium
324 2581 470 2648 Paulum.
505 2580 540 2646 id
556 2581 659 2669 magis
678 2579 771 2646 oredo
789 2600 885 2664 quam
903 2575 945 2661 Q.
962 2574 1100 2644 Fabium
1118 2593 1135 2641 4

61 2702 105 2746 ea
126 2687 230 2745 aetate
255 2689 349 2763 atque
375 2677 421 2745 eis
442 2676 614 2744 honoribus
636 2675 763 2742 Valerio
790 2673 977 2741 subiectum.
1018 2679 1102 2738 cete·

60 2796 139 2843 rum
152 2794 193 2839 ex
204 2771 341 2839 Maximi
357 2772 545 2860 cognomine
558 2781 662 2843 ortum
675 2793 811 2838 errorem
827 2769 914 2837 haud
926 2766 1101 2836 abnuerim.

60 2866 228 2957 profectus
246 2867 379 2934 dictator
392 2888 466 2933 cum
478 2867 618 2933 exercitu
633 2866 753 2954 proelio
772 2889 834 2932 uno
846 2864 974 2932 Marsos
987 2861 1101 2929 fundit.
1120 2871 1136 2920 5

62 2961 229 3048 conpulsis
247 2961 361 3028 deinde
376 2961 410 3027 in
431 2961 526 3028 urbes
548 2962 686 3027 munitas
704 2960 896 3039 Milioniam,
914 2959 1100 3037 Plestinam,

61 3054 235 3125 Fresiliam
259 3057 343 3122 intra
364 3056 432 3122 dies
454 3078 573 3143 paucos
596 3056 679 3142 cepit
700 3064 732 3120 et
757 3063 846 3140 parte
867 3053 936 3140 agri
962 3050 1102 3118 multatis

63 3149 192 3218 Marsis
209 3149 323 3217 foedus
338 3151 485 3217 restitnit
521 3161 588 3217 tum
605 3150 640 3216 in
655 3149 810 3216 Etruscos
828 3169 955 3214 versum
972 3144 1101 3212 bellum.
1120 3157 1136 3206 6

63 3256 193 3313 etcum
210 3245 345 3313 dictator
366 3246 578 3334 auspiciorum
599 3246 840 3333 repetendorum
862 3265 958 3311 causa
978 3239 1102 3327 profec-

62 3353 120 3409 tus
138 3341 276 3409 Romam
297 3352 395 3422 esset,
418 3343 569 3431 magister
586 3342 727 3427 equitum
748 3337 932 3426 pabulatum
955 3355 1102 3424 egressus

64 3461 110 3505 ex
126 3436 252 3505 insidiis
271 3437 526 3516 circumvenitur,
550 3437 712 3526 signisque
729 3435 848 3520 aliquot
866 3432 991 3500 amissis
1009 3431 1103 3498 foeda

63 3531 206 3600 militnm
224 3532 321 3599 caede
338 3555 376 3598 sc
393 3533 471 3621 fuga
487 3532 521 3597 in
534 3541 637 3599 castra
655 3540 704 3598 est
721 3529 902 3616 conpulsus.
933 3527 989 3614 qui
1005 3535 1104 3593 terror
1122 3546 1136 3593 n

63 3649 136 3695 non
156 3649 196 3694 eo
217 3635 339 3693 tantum
361 3651 381 3693 a
401 3627 504 3695 Fabio
526 3625 688 3705 abhorret,
711 3626 797 3711 quod
819 3625 847 3692 si
869 3646 933 3710 qua
954 3622 1016 3690 alia
1037 3630 1103 3686 arte

63 3743 248 3811 cognomen
270 3746 363 3789 suum
385 3722 532 3808 aequavit
549 3732 617 3788 tum
634 3743 784 3788 maxume
801 3720 922 3787 bellicis
944 3715 1101 3791 laudibus,

65 3819 129 3885 sed
147 3816 243 3884 etiam
260 3819 346 3903 quod
363 3841 485 3886 memor
496 3817 683 3905 Papirianae
702 3817 850 3883 saevitiae
868 3832 1049 3896 numquam,
1067 3816 1136 3874 uta

64 3911 231 3981 dictatoris
248 3912 373 3985 iniussu
390 3914 561 3993 dimicaret,
581 3912 695 3980 adduci
712 3912 875 4000 potuisset.

121 4041 176 4087 laici
189 4041 232 4087 vol·
242 4039 261 4085 1.
897 4018 932 4074 32
1005 4055 1007 4061 ›

967 4186 1127 4256 ‘x
