2566 4524
210 251 275 318 436
399 258 730 332 manuducens.
750 261 826 328 [au.
838 256 1070 332 amasae-aaa]

178 445 195 495 c
211 420 350 491 Romani
366 419 521 485 vulnerati
540 426 621 485 sunt.
650 417 748 484 sensit
765 416 884 503 peritus
899 417 975 497 dux,
989 438 1072 503 quae
1085 440 1135 485 res
1146 418 1223 486 victo·

211 518 278 584 riae
296 515 449 595 obstaret3
468 513 707 600 temperandum
723 511 888 601 ingenium
906 534 1002 578 suum
1020 534 1092 579 esse
1110 523 1141 580 et
1157 535 1225 581 sera-

179 635 194 683 c
212 613 337 678 ritatem
354 608 548 675 miscendam
571 607 719 674 comitati.
754 607 860 692 itaque
879 605 1031 673 adhibitis
1048 606 1158 695 legatis
1174 609 1227 695 ipse

213 708 331 773 circum
349 703 472 771 saucios
490 703 604 768 milites
622 702 762 768 inserens
780 703 815 768 in
831 703 964 769 tentoria
977 713 1076 791 caput
1094 704 1228 792 singulos·
1270 762 1273 771 .

213 822 288 884 que,
311 808 347 863 ut
365 820 435 864 sese
453 797 618 877 haberent,
641 798 781 884 rogitans
805 819 912 863 curam
934 819 1048 864 eorum
1064 799 1227 865 nominatim
1271 790 1273 861 s

180 911 194 958 t
213 894 327 982 legatis
344 892 541 977 tribunisque
559 902 590 958 et
611 892 779 979 praefectis
797 891 1019 959 demandabat.
1056 917 1122 960 rem
1136 916 1228 980 perse
1270 886 1273 931 ²

212 987 398 1074 popularem
415 989 460 1053 ita
477 988 586 1053 dexter
604 987 682 1074 egit,
705 996 741 1052 ut
758 986 920 1053 medendis
944 988 1128 1075 corporibus
1147 986 1228 1054 animi

212 1082 312 1148 multo
329 1083 417 1169 prius
435 1081 570 1147 militum
586 1081 765 1168 imperatori
782 1082 1069 1162 reconciliarentur,
1085 1105 1142 1150 nec
1157 1082 1229 1167 quic·

213 1201 310 1264 quarn
327 1179 368 1243 ad
390 1176 604 1243 salubritatem
627 1177 786 1243 efficacius
809 1177 904 1243 fuerit
929 1199 1029 1262 quam
1050 1181 1137 1265 quod
1156 1187 1230 1267 grato

181 1287 198 1336 8
218 1273 323 1338 animo
347 1295 385 1338 ea
408 1296 483 1338 cura
504 1281 634 1359 accepta
656 1283 712 1339 est.
748 1271 867 1338 refecto
890 1273 1033 1338 exercitu
1058 1296 1132 1340 cum
1155 1275 1230 1340 hoste

214 1388 403 1454 congressus
421 1366 507 1432 haud
525 1367 621 1433 dubia
635 1388 691 1453 spe
706 1390 764 1432 sua
780 1366 976 1452 militumque
995 1367 1040 1434 ita
1057 1368 1141 1434 fudit
1155 1368 1231 1455 fuga·

213 1461 322 1545 vitque
342 1459 515 1541 Samnites,
534 1471 570 1526 ut
586 1461 640 1526 ille
656 1460 785 1527 ultimus
805 1461 850 1527 eis
869 1461 935 1527 dies
955 1462 1140 1529 conferendi
1156 1463 1232 1550 signa

181 1572 195 1620 9
214 1577 287 1620 cum
309 1556 459 1621 dictatore
481 1556 585 1621 fuerit.
620 1556 750 1621 incessit
771 1555 898 1635 deinde,
922 1578 986 1641 qua
1004 1558 1098 1623 duxit
1115 1558 1231 1646 praedae

215 1672 302 1736 spes,
320 1651 421 1716 victor
438 1651 594 1716 exercitus
612 1650 875 1737 perlustravitque
891 1650 1033 1716 hostium
1051 1676 1145 1740 agros
1161 1651 1231 1718 nulla

215 1768 315 1823 arma,
338 1744 457 1810 nullam
475 1746 540 1811 vim
561 1767 621 1811 neo
643 1754 784 1832 apertam
805 1767 865 1810 neo
883 1767 923 1810 ex
940 1746 1066 1812 insidiis
1092 1756 1230 1835 expertus

165 1855 197 1904 10
215 1837 352 1916 addebat
369 1840 570 1918 alacritatem,
585 1841 671 1924 quod
689 1840 821 1905 dictator
837 1841 988 1926 praedam
1002 1864 1132 1907 omnem
1144 1842 1231 1908 edire-

213 1943 263 1997 rat
280 1932 446 2013 militibus,
469 1957 528 1999 nec
545 1936 592 2000 ira
614 1935 717 2023 magis
738 1934 866 2023 publica
883 1959 978 2021 quam
996 1937 1158 2023 privatum
1173 1959 1231 2004 con·

166 2044 196 2090 11
215 2029 366 2113 pendium
383 2030 417 2093 in
434 2028 559 2096 hostem
576 2031 718 2098 acuebat.
749 2032 799 2098 his
818 2032 960 2098 cladibus
980 2032 1108 2100 subacti
1126 2032 1232 2102 Samni·

215 2130 264 2186 tes
281 2145 394 2208 pacem
412 2147 431 2189 a
448 2124 600 2192 dictatore
617 2127 749 2212 petiere3
778 2149 849 2191 cum
867 2149 930 2211 quo
948 2128 1047 2214 pacti,
1072 2139 1110 2196 ut
1127 2126 1232 2216 singula

167 2233 198 2280 12
217 2217 406 2284 vestimenta
426 2219 578 2286 militibus
602 2230 634 2285 et
655 2244 795 2286 annuum
817 2221 1009 2308 stipendium
1027 2223 1154 2304 darent,
1176 2242 1233 2288 cun

214 2311 259 2376 ire
282 2312 323 2377 ad
345 2322 489 2378 senatum
510 2314 590 2380 iussi
612 2325 732 2394 essent,
756 2324 917 2382 secuturos
940 2338 975 2381 se
994 2317 1179 2384 dictatorern
1194 2337 1233 2381 rc·

216 2408 417 2493 sponderant,
436 2409 528 2475 unius
547 2409 615 2474 eius
633 2409 708 2474 fidei
725 2410 893 2494 virtutique
908 2433 1041 2476 causam
1061 2436 1153 2479 suam
1166 2433 1232 2478 con-

214 2503 408 2568 mendantes.
445 2504 489 2568 ita
506 2503 660 2569 deductus
680 2526 720 2568 ex
739 2501 934 2570 Samnitibus
954 2508 1127 2573 exercitus.

182 2621 195 2666 1
279 2596 468 2663 XXXVII.
494 2597 641 2662 Dictator
662 2597 857 2683 triumphans
879 2599 992 2664 urbem
1016 2611 1067 2667 est
1089 2603 1231 2690 ingressus

215 2699 260 2768 et,
280 2712 352 2755 cum
372 2715 405 2756 se
424 2693 579 2756 dictatura
596 2691 741 2757 abdicare
759 2694 867 2771 vellet,
889 2695 981 2759 iussu
1004 2706 1134 2782 patrum
1150 2697 1232 2784 prius·

215 2805 310 2867 quam
337 2785 497 2849 abdicaret
523 2787 668 2852 consules
696 2787 813 2852 creavit
836 2788 874 2853 C.
895 2786 1078 2875 Sulpicium
1101 2794 1231 2878 Longum

183 2877 339 2956 aiterum,
360 2876 401 2961 Q
411 2878 584 2945 Aemilium
595 2881 811 2948 Cerretanum.
845 2880 1007 2950 Samnites
1026 2885 1148 2961 infecta
1163 2903 1229 2972 pace,

216 2972 290 3056 quia
308 2973 348 3039 de
366 2975 603 3041 condicionibus
621 2974 786 3063 agebatur,
810 2977 948 3044 indutias
971 3003 1100 3048 annuns
1120 2983 1157 3048 ab
1173 2976 1230 3045 urbe

214 3067 405 3133 rettulerant.
442 3091 632 3135 neccarum
657 3071 798 3157 ipsarum
821 3083 930 3137 sancta
951 3072 1035 3139 fides
1060 3076 1138 3142 suit:
1162 3073 1229 3146 adeo»

215 3172 384 3248 postquam
402 3164 566 3251 Papirium
585 3165 690 3231 abisse
709 3167 894 3254 magistratu
916 3169 1105 3236 nuntiatum
1123 3181 1178 3250 est,
1196 3188 1229 3232 ar·

214 3258 291 3321 recti
309 3259 349 3322 ad
367 3258 549 3324 bellandum
567 3261 663 3325 animi
681 3272 763 3326 sunt.
1270 3290 1273 3299 ·

181 3371 196 3418 3
280 3350 318 3416 C.
340 3351 494 3439 Sulpicio,
519 3354 559 3437 Q.
578 3353 716 3420 Aemilio
739 3396 781 3405 -
803 3355 936 3421 Aulium
963 3359 1101 3442 quidam
1127 3355 1227 3427 annaltt
1267 3361 1273 3427 Ξ

214 3443 330 3508 habent
348 3485 389 3494 —-
408 3450 588 3515 consulibus
607 3451 648 3520 ad
666 3450 874 3516 defectionem
893 3449 1094 3521 Samnitium
1112 3452 1226 3542 Apum
1267 3479 1273 3522 :

214 3561 331 3603 novum
348 3539 467 3608 bellum
484 3545 626 3611 accessit.
653 3556 786 3631 utroque
804 3546 961 3612 exercitus
976 3550 1083 3617 missi.
1114 3543 1225 3636 Sulpicio
1266 3556 1273 3616 l

180 3629 388 3712 4Samnites‚
412 3636 513 3723 Apuli
529 3637 669 3704 Aemilio
691 3652 775 3707 sorte
797 3650 980 3706 evenenmt
1021 3655 1099 3710 sunt
1115 3647 1166 3730 qui
1181 3655 1225 3706 nm
1266 3668 1273 3711 :

212 3726 291 3812 ipsis
310 3727 424 3815 Apulis
443 3732 561 3797 bellum
578 3734 720 3813 inlatum,
740 3735 797 3800 sod
815 3736 918 3801 socios
937 3735 1011 3804 eius
1029 3741 1136 3825 gentis
1152 3752 1225 3824 pop*P
1266 3742 1273 3806 i

180 3835 195 3882 5
212 3822 260 3888 los
275 3823 314 3889 ab
326 3822 517 3891 Samnitium
530 3826 563 3892 ti
576 3838 669 3913 atque
687 3829 808 3895 iniuriis
823 3830 976 3898 defensos
992 3834 1142 3900 scribant.
1165 3835 1224 3896 cett·
1266 3859 1273 3901 :

213 3941 283 3983 rum
306 3919 431 3986 fortuna
451 3920 654 4004 Samnitium,
679 3926 733 3990 vix
754 3949 773 3990 a
791 3947 825 3990 se
847 3926 927 4011 ipsis
951 3949 992 3994 eo
1017 3938 1157 4016 tempore
1173 3940 1222 4010 put
1266 3954 1273 3994 s

212 4012 405 4098 pulsantium
422 4015 553 4097 bellum,
576 4020 705 4106 propius
724 4030 759 4085 ut
777 4021 817 4086 sit
834 4043 910 4087 vero
933 4021 1028 4104 facit,
1053 4048 1118 4092 non
1133 4013 1220 4108 Apu&
1265 4048 1273 4088 a
