2566 4524
145 212 187 281 66
427 226 544 280 amun
562 226 605 294 11,
623 226 683 281 as.
703 229 777 295 [au.
788 224 885 294 eam]

145 383 315 473 augebunt.
356 383 475 457 amicus
499 382 565 461 abi,
591 404 728 459 exonera
754 381 913 457 civitatem
938 405 1022 453 vano
1049 383 1178 459 forsitan

145 489 241 544 metu.
276 479 321 545 ita
345 501 533 565 persuasum
559 486 607 545 est
633 477 760 555 animis,
787 500 860 553 cum
886 488 981 564 gente
1007 479 1177 565 Tarquinia

146 597 280 662 regnum
297 573 371 638 hinc
388 571 565 647 abiturum?

111 693 128 743 a
212 667 346 734 Oonsuli
372 667 473 752 primo
500 677 565 731 tam
591 689 692 732 novae
723 667 769 733 rei
800 689 837 732 ac
864 667 987 737 subitae
1014 670 1177 741 admiratio

146 764 316 831 incluserat
335 781 453 825 vocem.
490 760 593 825 dicere
611 760 723 824 deinde
741 760 943 846 incipientem
964 762 1121 848 primores
1139 766 1176 831 ci·

113 880 128 930 o
147 857 253 925 vitatis
272 854 513 931 circumsistunt,
532 854 643 919 eadem
661 854 767 919 multis
785 854 931 940 precibus
950 867 1051 925 orant
1083 867 1116 931 et
1132 880 1176 925 oe-

82 988 90 1009 .
149 951 207 1018 teri
228 949 355 1035 quidem
379 947 547 1013 movebant
534 947 687 1013 tminus.
714 959 881 1035 postquam
906 949 1043 1036 spurius
1060 952 1176 1023 Lucre·
1208 964 1210 971 '

148 1048 225 1125 tius,
252 1043 353 1109 maior
378 1052 479 1107 aetate
506 1064 543 1107 ac
570 1042 735 1150 dignitate,
768 1065 857 1108 socer
881 1055 1047 1129 praeterea
1070 1046 1174 1133 ipsius,
1206 1030 1210 1125 ¹,

149 1161 243 1228 agere
260 1136 346 1204 varie
363 1136 506 1223 rogando
524 1136 567 1200 alt
555 1136 651 1201 ternis
670 1137 894 1221 suadendoque
912 1140 1025 1224 coepit,
1045 1150 1084 1204 ut
1099 1139 1175 1209 vinei
1208 1150 1210 1159 '

98 1256 130 1306 1o
150 1257 184 1301 se
206 1254 363 1300 consensu
385 1230 492 1295 civitat
493 1229 520 1294 is
543 1240 597 1316 pat
598 1239 664 1294 eret
665 1253 715 1307 ur,
743 1230 857 1297 timens
880 1232 1005 1310 consul,
1032 1255 1076 1299 ne
1096 1242 1174 1320 post-

148 1329 278 1395 modum
299 1325 422 1413 privato
390 1324 507 1390 tcsibi
529 1325 640 1390 eadem
661 1324 715 1389 illa
737 1347 809 1391 cum
831 1324 986 1391 bonorum
1012 1327 1172 1399 amissione

149 1423 318 1506 additaque
336 1419 398 1484 alia
414 1419 544 1503 insuper
559 1419 733 1505 ignominia
754 1419 942 1497 acciderent,
970 1418 1129 1487 abdicavit
1144 1442 1171 1485 sc

149 1515 328 1591 consulatu,
359 1511 517 1597 rebusque
548 1514 614 1579 suis
646 1512 791 1579 omnibus
817 1514 990 1579 Lavinium
1021 1515 1171 1593 translatis

99 1633 130 1681 11
150 1611 275 1679 civitate
298 1608 402 1673 cessit.
437 1606 557 1672 Brutus
581 1630 621 1672 ex
643 1618 772 1677 senatus
794 1607 938 1681 consulto
960 1608 1001 1675 ad
1028 1609 1168 1696 populum
1196 1638 1199 1645 ·

150 1704 230 1781 tulit,
248 1711 284 1767 ut
302 1723 410 1767 omnes
429 1700 619 1785 Tarquiniae
636 1702 741 1788 gentis
759 1701 867 1768 exules
886 1711 1007 1781 essent,
1026 1703 1167 1791 collegam

151 1797 212 1867 sibi
229 1796 363 1863 comitiis
381 1795 561 1862 centuriatis
580 1796 697 1862 creavit
713 1794 752 1860 P.
766 1794 938 1873 Valerium,
958 1817 1022 1880 quo
1041 1797 1168 1863 adiutore

150 1913 242 1979 reges
261 1892 404 1956 eiecerat

118 2009 130 2056 1
215 1985 278 2051 III.
321 1984 405 2050 Cum
426 1984 512 2050 haud
534 1984 681 2068 cuiquam
702 1985 735 2051 in
753 1984 850 2051 dubio
873 1995 970 2064 esset,
998 1982 1168 2053 bellumrb

152 2081 331 2165 Tarquiniis
353 2080 518 2159 inminere,
545 2081 580 2145 id
601 2081 729 2165 quidem
752 2103 807 2167 spe
830 2082 970 2149 omnium
993 2083 1095 2149 serius
1110 2080 1166 2147 fuit

152 2185 300 2253 ceterum,
319 2175 352 2239 id
370 2175 455 2259 quod
472 2197 535 2240 non
552 2175 713 2253 timebant,
732 2198 789 2262 per
802 2176 909 2241 dolum
923 2198 960 2242 ac
972 2177 1166 2263 proditionem

151 2292 249 2359 prope
267 2268 394 2334 libertas
413 2270 530 2336 amissa
547 2280 606 2335 est.
1209 2261 1210 2269 ἵ

118 2384 133 2433 2
215 2364 317 2431 Erant
338 2364 372 2429 in
393 2364 538 2431 Romana
559 2365 721 2430 iuventute
743 2364 960 2431 adulescentes
982 2366 1102 2450 aliquot
1120 2381 1165 2428 neo

150 2459 174 2525 ii
196 2459 283 2525 tenui
304 2459 374 2524 loco
393 2459 464 2536 orti,
488 2481 622 2543 quorum
638 2459 673 2522 in
689 2480 787 2544 regno
804 2453 901 2523 libido
921 2459 1052 2525 solutior
1069 2459 1165 2531 fuerat,

151 2554 298 2639 aequales
318 2553 503 2637 sodalesque
522 2552 770 2618 adulescentium
788 2552 1040 2636 Tarquiniorum,
1060 2546 1167 2621 adsueti

118 2669 238 2717 umore
255 2646 343 2732 regio
364 2647 480 2711 vivere.
517 2668 587 2711 eam
610 2656 690 2724 tum,
718 2657 852 2730 aequato
874 2647 941 2711 iure
964 2648 1118 2725 omnium,
1137 2642 1167 2709 li-

152 2742 286 2807 centiam
309 2749 518 2823 quaerentes,
535 2738 711 2805 libertatem
733 2739 864 2806 aliorum
885 2741 1028 2807 insuam
1050 2741 1167 2811 vertisse

153 2834 344 2919 servitutem,
363 2833 443 2897 inter
457 2857 491 2899 se
505 2833 788 2917 conquerebantur:
805 2856 913 2920 regem
926 2835 1087 2903 hominem
1100 2852 1167 2909 esst,

152 2948 252 3013 aquo
280 2926 427 3015 inpetres,
447 2926 502 2992 ubi
519 2927 579 3005 ius,
598 2927 654 2993 ubi
671 2928 784 2993 iniuria
801 2950 880 3014 opus
900 2928 954 3007 sit,
973 2951 1044 2996 esse
1061 2927 1167 3017 gratiae

151 3021 269 3099 locum,
294 3044 364 3087 esse
382 3021 548 3101 beneficio,
576 3033 608 3088 et
624 3023 717 3088 irasci
736 3033 767 3089 et
783 3023 947 3110 ignoscere
964 3046 1075 3110 posse,
1100 3025 1167 3097 iulet

117 3136 134 3184 4
152 3116 287 3193 amicum
305 3126 398 3202 atque
416 3117 577 3183 inimicum
595 3117 764 3183 discrimen
781 3140 889 3196 nosse3
913 3118 1000 3207 leges
1022 3141 1091 3185 rem
1112 3136 1165 3189 sua

152 3213 239 3295 darn,
265 3211 491 3279 inexorabilem
510 3235 595 3289 esse,
624 3212 830 3277 salubriorem
850 3212 1076 3297 melioremque
1095 3204 1166 3295 inopl

152 3307 396 3392 omnipotenti,
424 3306 502 3371 nihil
518 3307 690 3373 laxamenti
707 3328 766 3375 nec
783 3306 894 3373 veniae
910 3305 1041 3385 habere,
1069 3306 1098 3373 si
1112 3323 1167 3371 mo·
1188 3332 1195 3339 ·

152 3400 228 3467 dum
246 3401 433 3479 excesserim
459 3400 671 3486 periculosum
694 3423 764 3467 esse
785 3401 819 3467 in
835 3410 882 3466 tot
903 3401 1049 3477 humanis
1073 3394 1170 3475 errori.

152 3491 212 3559 bus
231 3493 298 3559 sola
314 3495 493 3560 innocentia
509 3495 624 3561 vivere.
1190 3538 1197 3553 ·

119 3610 135 3656 s
216 3587 268 3653 Ita
292 3587 356 3652 iam
380 3611 439 3654 sua
460 3598 571 3675 sponte
593 3590 697 3676 aegris
724 3589 836 3655 animis
863 3588 959 3677 legati
985 3588 1025 3655 ab
1052 3586 1168 3677 regibut

154 3681 386 3765 superveniunt,
406 3682 473 3748 sine
491 3684 649 3749 mentione
666 3684 785 3749 reditus
804 3682 887 3749 bona
903 3692 1026 3749 tantum
1038 3693 1170 3771 repeten-

152 3785 210 3840 tes.
247 3797 354 3841 eorum
375 3776 473 3842 verba
493 3788 662 3864 postquam
688 3779 721 3843 in
748 3787 858 3845 senatu
880 3777 988 3842 audita
1013 3788 1100 3856 sunt,
1124 3792 1172 3863 pe

153 3869 271 3954 aliquot
296 3871 363 3937 dies
391 3895 428 3938 ea
455 3873 642 3939 consultatio
668 3873 781 3951 tenuit,
808 3894 849 3938 ne
874 3895 939 3937 non
965 3872 1089 3938 reddita
1108 3866 1175 3939 belli

120 3984 263 4043 acausa,
290 3966 411 4033 reddita
433 3967 507 4034 belli
528 3969 659 4034 materia
681 3978 712 4032 et
737 3968 953 4034 adiumentum
979 3974 1097 4035 esseut.
1134 3963 1178 4030 in·
1208 3990 1210 3995 ·
