2566 4524
142 234 209 303 444
401 246 518 302 aman
534 242 720 317 vumar.
739 243 924 315 [saeos]

145 418 197 474 tus
215 406 255 473 ab
273 405 383 472 nuntio
400 404 458 470 filii
475 404 610 482 censuit,
634 425 744 470 omnes
765 402 839 468 inde
857 423 957 487 quam
978 403 1111 490 primum
1128 405 1164 471 in·

111 528 127 576 ι
144 503 278 571 violatos
296 501 508 567 dimittendos.
535 522 616 584 quae
630 499 687 566 ubi
700 509 805 585 spreta
818 498 978 564 sententia
991 511 1041 565 est
1054 499 1165 566 iterun·
1207 576 1214 583 Ι

144 621 207 685 que
221 598 332 665 eodem
344 603 503 662 remeante
517 594 625 660 nuntio
639 592 870 670 consulebatur,
881 593 1016 672 censuit,
1030 594 1072 661 ad
1083 617 1168 662 unum

110 712 129 764 s
145 715 256 760 omnes
272 688 515 756 interficiendos.
541 711 623 773 quae
635 687 691 754 ubi
704 697 769 753 tam
782 687 942 753 discordia
955 688 1038 754 inter
1050 711 1085 755 se
1096 689 1167 754 velut
1184 756 1189 768 ,
1210 682 1214 763 ’ς

146 809 187 854 ex
204 784 332 871 ancipiti
353 783 479 850 oraculo
500 805 654 871 responsa
675 783 749 848 data
771 791 858 860 sunt,
882 805 1078 869 quamquam
1097 784 1167 850 filius

145 881 267 968 ipsein
288 879 397 965 primis
419 879 484 943 iam
502 879 641 943 animum
659 899 785 963 quoque
806 878 906 964 patris
925 880 1125 946 consenuisse
1138 880 1168 945 in
1211 918 1214 925 ·

146 974 273 1043 adfecto
241 984 421 1060 toorpore
441 972 531 1039 rebat
519 982 582 1051 tur,
606 983 712 1038 tamen
734 993 892 1039 consensu
914 975 1060 1040 omnium
1076 974 1167 1040 victus
1210 962 1214 1045 '3

113 1079 210 1148 sest,
233 1079 269 1146 ut
289 1068 395 1155 ipsum
416 1068 449 1132 in
472 1067 637 1132 consilium
663 1065 788 1133 acciret
823 1088 883 1133 nee
904 1077 1060 1154 gravatus
1085 1090 1169 1134 senex
1206 1050 1214 1165 J

146 1163 310 1276 plaustro'
301 1186 335 1228 ιιι
348 1172 453 1229 castra
465 1161 540 1227 dicit
529 1172 579 1227 tur
591 1162 743 1228 advectus
758 1163 980 1247 vocatusque
969 1186 1004 1228 ιιι
1018 1163 1169 1230 consilium

147 1260 194 1325 ita
215 1259 314 1324 ferme
335 1258 460 1323 locutus
478 1279 563 1334 esse,
586 1266 622 1321 ut
609 1255 718 1321 tnihil
740 1257 913 1323 sententiae
937 1280 1016 1324 suae
1039 1267 1168 1337 mutaret,

96 1367 130 1418 ιο
148 1377 261 1421 causas
279 1363 401 1419 tantum
418 1353 555 1419 adiceret
542 1361 569 1417 tz
586 1351 689 1438 priore
708 1375 742 1418 se
761 1352 902 1430 oonsilio,
921 1353 1010 1437 quod
1028 1353 1170 1441 optimum

147 1450 288 1526 duceret,
312 1470 384 1514 cum
404 1447 624 1535 potentissimo
645 1447 762 1533 populo
784 1468 842 1534 per
861 1446 976 1532 ingens
994 1446 1170 1514 beneficium

146 1553 331 1632 perpetuam
348 1543 472 1608 firmare
489 1564 602 1629 paoem
619 1542 861 1626 amicitiamque,
881 1541 981 1608 altero
999 1542 1170 1609 consilioin

147 1638 262 1703 multas
285 1646 417 1716 aetates,
445 1636 561 1721 quibus
583 1637 709 1703 arnissis
736 1635 860 1702 duobus
888 1637 1080 1704 exercitibus
1104 1637 1169 1702 hant

147 1733 241 1799 facile
257 1742 421 1819 receptura
434 1733 517 1798 vires
526 1731 671 1798 Romana
687 1753 739 1798 res
759 1727 884 1818 [esset],
902 1730 1025 1798 bellurn
1043 1733 1170 1798 differre:

97 1849 128 1898 11
148 1830 274 1895 tertium
296 1828 419 1893 nullum
441 1827 605 1893 consilium
624 1849 704 1892 esse.
741 1849 813 1893 oum
830 1826 913 1892 filius
933 1827 1053 1912 aliique
1070 1825 1171 1914 princi·

147 1948 205 2011 pes
218 1924 452 2011 percunctando
466 1933 720 2007 exsequerentur,
734 1923 820 2006 quid,
835 1923 863 1989 si
874 1924 981 1989 media
994 1925 1050 1990 via
1062 1921 1171 1990 consilii

149 2027 327 2104 caperetur,
350 2028 386 2082 ut
403 2027 435 2082 et
452 2017 681 2084 dimitterentur
701 2017 875 2084 incolumes
897 2028 929 2083 et
950 2018 1043 2106 leges
1061 2020 1099 2086 iis
1114 2019 1172 2084 iure

98 2124 130 2172 ιι
148 2111 223 2178 belli
244 2111 336 2177 victis
364 2111 602 2199 inponerentur:
631 2112 711 2178 ‘ista
733 2111 862 2197 quidem
885 2114 1058 2180 sententia'
1083 2112 1172 2200 inquit

150 2212 202 2272 ‘ea
220 2215 278 2284 est,
292 2227 374 2290 quae
391 2228 494 2292 neque
513 2206 631 2273 amicos
649 2217 739 2292 parat
756 2229 816 2272 nec
832 2207 977 2274 inimicos
996 2209 1089 2275 tollit
1118 2230 1172 2273 ser·

148 2309 220 2367 vate
241 2301 337 2368 modo
359 2323 438 2386 quos
464 2301 638 2388 ignominia
659 2301 877 2368 inritaveritis:
905 2325 944 2368 ea
967 2315 1018 2369 est
1040 2304 1172 2370 Romana

98 2419 130 2467 ιο
147 2420 238 2484 gens,
257 2418 339 2480 quae
351 2397 435 2461 victa
452 2397 613 2480 quiescere
631 2397 760 2462 nesciat.
792 2397 878 2462 vivet
891 2419 1020 2484 semper
1032 2400 1174 2486 in'pecto-

147 2492 235 2557 ribus
253 2491 378 2558 idiosum
396 2492 549 2576 quidquid
569 2491 653 2556 istuc
669 2513 819 2578 praesens
841 2494 1019 2560 necessitas
1038 2492 1173 2560 inusserit

148 2609 208 2652 nec
221 2610 275 2652 eos
289 2597 361 2652 ante
378 2586 566 2673 multiplices
579 2608 699 2672 poenas
714 2587 866 2672 expetitas
881 2610 901 2653 a
913 2588 1009 2655 vobis
1024 2591 1173 2676 quiescere

130 2682 250 2746 'sinet’

116 2799 129 2846 1
213 2776 294 2839 IIII.
324 2775 444 2840 Neutra
467 2776 620 2840 sententia
646 2786 776 2861 accepta
797 2776 981 2844 Herennius
1011 2781 1174 2847 domums

150 2871 260 2934 castris
275 2878 323 2933 est
336 2879 473 2934 avectus.
498 2881 529 2935 et
541 2871 574 2934 in
587 2871 697 2936 castris
707 2871 860 2937 Romanis
875 2893 949 2937 cum
963 2873 1086 2943 frustra
1097 2872 1175 2940 multi

150 2972 281 3029 conatus
296 2964 337 3029 ad
350 2966 578 3050 erumpendum
590 2966 674 3050 capti
687 2975 792 3032 essent
806 2976 837 3032 et
849 2967 913 3032 iam
923 2969 1072 3035 omnium
1084 2990 1174 3037 rerum

116 3079 131 3127 2
150 3060 257 3146 inopia
274 3069 367 3138 esset,
382 3060 457 3125 victi
474 3061 660 3126 necessitate
677 3061 798 3149 legatos
817 3063 954 3141 mittunt,
974 3066 1034 3150 qui
1052 3067 1173 3153 primun

148 3179 260 3243 pacem
274 3179 407 3241 aequam
420 3166 575 3242 peterent3
595 3157 622 3221 si
634 3177 746 3243 pacem
760 3181 823 3223 non
836 3159 1044 3244 inpetrarent,
1059 3163 1104 3228 uti
1115 3182 1174 3249 pro-

115 3270 131 3316 3
149 3260 297 3318 vocarent
311 3253 351 3317 ad
363 3274 513 3338 pugnarn.
541 3261 607 3316 tum
615 3251 748 3317 Pontius
762 3252 955 3319 debellatum
970 3277 1047 3323 esse
1060 3278 1173 3343 respon·

150 3347 196 3410 dit
214 3357 259 3424 et,
283 3347 432 3430 quoniam
450 3368 489 3411 ne
508 3346 583 3411 victi
605 3347 733 3430 quidem
751 3370 788 3413 ιο
806 3348 889 3433 capti
911 3349 1080 3417 fortunam
1097 3347 1173 3417 fateri

150 3441 274 3518 scirent,
293 3441 428 3506 inermes
447 3464 519 3506 oum
538 3441 668 3528 singulis
684 3442 879 3508 vestimentis
898 3443 960 3509 sub
978 3445 1096 3534 iugum
1112 3444 1172 3510 mic·

151 3559 273 3614 surum3
292 3534 369 3601 alias
388 3537 586 3602 condiciones
605 3538 692 3622 pacis
712 3558 829 3619 aequas
846 3535 940 3602 victis
960 3561 1000 3605 ao
1015 3538 1171 3607 victoribus

115 3644 132 3690 4
150 3630 231 3695 fore:
251 3630 278 3695 si
296 3654 372 3717 agro
394 3629 582 3696 Samnitium
599 3631 810 3707 decederetur,
829 3630 974 3698 coloniae
994 3634 1172 3701 abduceren-

100 3724 106 3734 '
149 3736 209 3803 tur,
229 3726 294 3790 suis
312 3725 385 3790 inde
401 3724 527 3811 legibus
545 3725 725 3790 Romanum
743 3747 780 3790 ao
800 3722 982 3792 Samnitem
999 3752 1104 3815 aequo
1118 3727 1170 3792 foo-

80 3890 83 3896 ¹
117 3821 223 3884 odere
241 3819 406 3884 victurum.
438 3820 487 3882 his
507 3819 743 3885 condicionibus
761 3829 908 3906 paratum
928 3844 964 3887 se
983 3845 1058 3890 esse
1074 3821 1169 3889 foedus

150 3937 223 3979 oum
246 3913 427 3979 oonsulibus
451 3913 557 3978 ferire:
586 3914 707 3998 siquid
730 3936 837 3978 eorum
855 3913 1043 4001 displiceat,
1064 3918 1168 4004 legatos

115 4020 132 4069 ο
149 4009 251 4074 redire
265 4008 306 4074 ad
321 4031 354 4074 se
368 4007 476 4073 vetuit.
504 4008 582 4074 haec
596 4031 669 4075 cum
686 4009 802 4096 legatio
819 4011 1066 4094 renuntiaretur,
1080 4018 1167 4078 tantas
