2566 4524
256 242 321 310 272
527 252 645 309 LIBER
658 252 694 323 V,
712 253 757 309 20.
772 251 815 307 21.
836 253 873 323 [a.
882 268 912 307 u.
922 268 945 307 e
954 248 1019 322 868]

255 411 408 502 gitionm
425 427 555 490 noram,
578 411 758 499 prodigam,
776 410 988 495 inaequalem,
1011 410 1186 476 intersunt

255 530 367 597 guens,
386 506 414 573 si
432 505 530 572 semel
546 506 636 571 nefas
654 507 812 583 ducerent,
831 514 956 591 captam
973 524 1014 570 ert
1031 501 1177 572 hostibus

255 601 339 668 tario
361 596 513 667 exhausto
530 599 622 666 bellis
638 599 805 686 pecuniam
822 616 907 678 esse,
929 609 1044 665 aneton
1057 609 1126 665 erut
1144 601 1186 685 sti}

257 718 297 762 ex
315 712 352 762 ca
369 695 502 782 pecnnia
519 693 610 760 milui
626 694 820 772 numerandi,
839 703 875 758 ut
888 708 926 759 en
939 692 1045 759 minus
1058 686 1186 780 tiburi]

223 813 239 862 e
257 790 420 856 conferret.
461 789 530 855 elus
548 788 634 854 enim
649 789 724 854 doni
742 789 923 854 societatem
945 803 1096 854 sensuras
1120 806 1186 874 seqr

257 884 396 950 omnirrm
415 884 540 950 domos:
565 900 630 950 non
647 884 757 949 aridas
774 884 807 948 iu
824 883 1014 969 direptiones
1037 900 1155 950 manus·
1173 907 1186 949 t

255 995 328 1044 rum
343 978 535 1045 tubanorm
551 989 769 1064 praerepturas
790 976 919 1042 fortium
940 976 1130 1044 bellatorum
1151 1000 1186 1065 pr

257 1090 342 1153 esse,
365 1092 437 1139 eum
454 1073 499 1138 ita
515 1073 615 1138 ferme
633 1073 770 1150 eveniat,
794 1081 829 1136 ut
847 1073 974 1159 segnior
992 1073 1033 1138 sit
1049 1075 1186 1159 praedat

257 1166 390 1254 quisque
407 1167 522 1234 laboris
540 1167 731 1255 periculique
749 1167 952 1252 praeeipuam
971 1178 1080 1253 petere
1099 1180 1186 1254 parte

224 1262 328 1331 eleut.
364 1259 510 1328 Licinius
532 1273 641 1327 donna
663 1271 843 1347 suspectam
864 1269 896 1324 et
917 1260 1052 1325 inrisam
1077 1276 1186 1348 sempe:

256 1357 422 1444 pecuniam
441 1358 508 1423 fore
526 1356 629 1422 aiebat
648 1378 824 1439 causasque
847 1355 1015 1420 criminum
1032 1357 1075 1421 ad
1097 1357 1186 1443 plebe

221 1471 238 1519 8
256 1450 409 1518 ditionum
426 1451 500 1516 inde
517 1470 557 1517 ac
571 1451 678 1539 legum
694 1468 848 1515 novarum
865 1449 1089 1536 praebituram.
1114 1452 1186 1517 satir

256 1555 404 1623 teresse,
422 1544 616 1611 reconciliari
634 1568 670 1611 eo
683 1545 772 1611 'dono
788 1544 891 1631 plebis
909 1545 1041 1624 animes,
1061 1546 1186 1611 emaus

256 1660 318 1726 que
344 1641 509 1706 exinanitis
540 1641 656 1706 tributo
687 1648 732 1705 tot
762 1653 914 1704 annorum
940 1641 1083 1705 succurri
1114 1651 1145 1706 et
1174 1664 1186 1704 s

255 1735 390 1820 praedae
408 1734 546 1800 fructum
568 1756 609 1801 ex
631 1757 668 1800 eo
685 1734 782 1811 bello,
809 1735 843 1798 in
860 1756 923 1818 quo
940 1752 1039 1820 prope
1057 1750 1186 1801 consent

255 1827 374 1916 gratius
392 1828 426 1894 id
442 1829 511 1894 fore
524 1829 698 1913 laetiusque
712 1828 799 1913 quod
811 1828 944 1912 quisque
959 1848 1017 1893 sua
1035 1846 1132 1894 mauu
1147 1853 1183 1894 ex

255 1935 382 2008 captum
400 1923 529 1987 domum
545 1923 712 1999 rettulerit,
740 1943 835 2005 quam
858 1923 885 1987 si
907 1921 1073 2008 multiplex
1096 1924 1186 1988 alteri

220 2013 347 2083 abitrio
370 2016 512 2102 accipiat.
548 2017 653 2102 ipsum
676 2016 859 2080 dictatorern
881 2016 992 2102 fugere
1015 2012 1168 2082 invidiam

256 2109 462 2194 criminaque,
491 2130 528 2176 eu
551 2111 716 2198 delegasse
738 2111 780 2175 ad
803 2120 955 2176 senatum.
997 2124 1142 2176 senatum
1164 2135 1186 2195 q

255 2203 370 2270 debere
390 2204 538 2270 reiectam
559 2222 627 2270 rem
648 2206 689 2270 ad
713 2227 747 2270 se
768 2205 947 2291 permittere
969 2205 1055 2291 plebi
1084 2228 1121 2272 ao
1146 2226 1185 2292 pa

205 2316 239 2367 ιο
256 2296 340 2379 bere,
359 2300 444 2385 quod
462 2301 574 2385 cuique
591 2300 657 2365 fors
676 2300 751 2365 belli
768 2300 897 2364 dederit.
925 2299 1003 2365 haec
1021 2302 1119 2367 tutior
1136 2303 1186 2366 vis:

255 2394 351 2460 tentia
369 2406 426 2473 est,
446 2417 526 2480 quae
543 2395 726 2481 popularem
750 2405 894 2459 senatum
911 2394 1039 2459 faceret.
1078 2397 1186 2460 edictus

254 2510 316 2573 que
335 2499 396 2566 est,
416 2489 623 2575 adpraedam
640 2488 806 2553 Veientem
825 2488 940 2572 quibus
959 2489 1120 2554 videretur
1136 2492 1186 2554 ina

255 2584 295 2649 ad
313 2583 496 2648 dictatorem
514 2584 794 2669 proficiscerentur.

222 2699 235 2744 1
319 2676 420 2742 XXI.
447 2677 565 2763 Ingens
584 2678 725 2762 profecta
742 2677 909 2742 multitudo
926 2676 1060 2762 replevit
1078 2689 1185 2743 castra.

255 2771 388 2834 dictator
405 2771 566 2854 auspicato
585 2792 732 2856 egressus
751 2794 823 2834 cum
843 2771 1003 2847 edixisset,
1023 2782 1059 2834 ut
1073 2793 1186 2836 armar

220 2885 236 2930 2
256 2873 416 2948 caperent,
436 2869 504 2927 ‘tuo
523 2865 643 2942 duetu,’
661 2866 761 2949 iuquit
781 2865 928 2950 ‘Pythice
946 2864 1077 2950 Apelle,
1098 2879 1186 2948 tuoqu

256 2956 340 3021 mine
362 2956 528 3023 instinctus
550 2981 649 3045 pergo
672 2960 712 3023 ad
735 2959 900 3023 delendam
917 2958 1029 3024 urbem
1047 2959 1147 3025 Veios
1168 2961 1186 3022 ti

221 3072 237 3119 3
256 3049 329 3114 hino
338 3051 491 3116 decimam
500 3063 620 3137 partem
630 3054 764 3138 praedae
778 3075 887 3117 voveo.
912 3066 942 3118 te
953 3055 1057 3131 simul,
1080 3056 1186 3119 lunou

253 3168 335 3230 quae
353 3168 436 3211 nunu
455 3145 552 3212 Veios
571 3148 657 3224 colis,
677 3170 795 3232 precor,
815 3161 849 3212 ut
866 3171 923 3213 nos
943 3149 1079 3213 victores
1097 3151 1130 3214 in
1148 3165 1185 3212 ne

255 3250 404 3324 tuamque
422 3263 497 3306 mox
515 3243 653 3306 futuram
671 3243 781 3307 urbem
799 3265 939 3326 sequare,
960 3244 1015 3308 ubi
1028 3258 1060 3308 te
1074 3246 1186 3330 dignun

219 3355 237 3400 4
254 3334 407 3419 plitudine
425 3347 479 3400 tua
496 3336 647 3420 templum
665 3336 816 3421 accipiat?
855 3337 933 3400 haec
951 3355 1098 3423 precatus
1121 3359 1186 3422 supr

254 3428 452 3493 multitudine
470 3429 509 3494 ab
523 3430 668 3494 omnibus
682 3430 758 3495 loeis
773 3430 881 3496 urbem
897 3433 1089 3517 adgreditur,
1109 3452 1186 3517 quor

221 3518 294 3588 sab
323 3522 465 3588 eumenio
489 3526 665 3610 ingruentis
692 3526 823 3610 periculi
850 3548 961 3590 sensus
990 3540 1085 3592 esset.
1136 3526 1186 3590 Vei

253 3614 365 3700 ignari,
386 3639 419 3681 se
437 3618 498 3682 iam
517 3642 537 3684 a
550 3620 614 3684 suis
629 3619 764 3696 vatibus,
783 3621 845 3684 iam
861 3620 900 3684 ab
915 3622 1052 3686 externis
1067 3620 1186 3687 oraculis

252 3706 346 3786 ditos,
365 3710 427 3774 iam
440 3712 473 3775 in
487 3725 608 3797 partem
622 3716 757 3799 praedae
772 3737 847 3779 suae
861 3728 991 3781 vocatos
1005 3718 1093 3794 deus,
1112 3717 1180 3781 alios

254 3823 293 3866 ex
306 3803 384 3868 urbe
398 3826 456 3870 sua
470 3818 613 3872 evocatos
628 3809 764 3873 hostium
779 3811 895 3894 templa
913 3832 1075 3896 novasque
1090 3812 1186 3876 sedest

219 3919 235 3968 6
253 3907 319 3964 tare
338 3921 434 3983 seque
452 3902 595 3967 tdtimum
613 3904 701 3967 illum
720 3905 802 3968 diem
822 3928 928 3991 agere,
954 3906 1032 3970 nihil
1050 3909 1148 3971 minus
1164 3901 1186 3965 tit

252 4004 300 4060 tes
318 4014 412 4080 quem
436 3997 572 4063 subrutis
595 3999 740 4064 cuniculo
762 4000 925 4065 moenibus
945 4024 1050 4067 arcem
1071 4003 1131 4067 iam
1150 3995 1186 4082 pit
