2566 4524
131 246 177 313 56
364 257 530 327 LIBERI,
548 255 646 312 53.54,
664 255 932 327 [amaillo-m]

134 427 301 501 tmumque
319 416 446 480 eredere
463 414 566 493 brevi,
588 423 636 493 nt,
657 414 712 481 illo
734 414 915 492 adiuvante,
941 436 963 479 a
982 415 1083 501 portis
1100 414 1160 485 Ga·

133 511 217 577 binis
236 510 296 576 sub
313 510 459 575 Romana
476 509 600 574 moenia
616 507 734 574 bellum
751 506 968 574 transferatur.

100 628 113 674 1
198 604 312 668 LHH.
331 602 884 688 Indeineonsiliapublieaadhiberi.
902 603 1041 669 ubicum
1050 605 1160 672 dealir

134 699 230 764 rebus
254 698 411 762 adsentire
433 719 468 761 se
489 697 648 763 veteribus
668 695 802 764 Gabinis
824 698 954 776 diceret,
977 698 1095 782 quibus
1112 722 1161 767 eae

134 795 272 860 notiores
295 800 414 869 essent,
440 792 510 877 ipse
531 790 703 856 identidem
723 791 799 857 belli
816 802 925 857 auctor
941 814 1013 858 esse
1032 803 1064 859 et
1079 793 1114 859 in
1127 816 1161 859 eo

137 887 198 952 sibi
225 887 425 972 praeeipuam
450 886 648 970 prudentiam
674 887 852 964 adsumere,
888 887 976 970 quod
1004 887 1160 973 utriusque

136 980 246 1066 populi
262 981 344 1044 vires
362 991 470 1044 nosset
489 979 657 1063 sciretque,
675 980 810 1045 invisam
828 979 969 1066 profecto
987 981 1160 1067 snperbiam

136 1075 256 1160 regiam
279 1073 400 1138 civibus
419 1095 502 1150 esse,
526 1095 622 1156 quam
639 1073 721 1138 ferre
737 1096 778 1137 ne
795 1074 886 1138 liberi
902 1067 1033 1159 quidem
1049 1075 1160 1161 potuis-

103 1190 119 1238 2
138 1178 217 1233 sent.
251 1167 297 1232 ita
318 1189 390 1232 cum
414 1167 531 1232 sensim
554 1167 594 1231 ad
616 1165 831 1231 rebellandum
852 1167 1005 1253 primores
1028 1166 1161 1235 Gabino·

136 1285 207 1326 rum
223 1262 380 1339 incitaret,
398 1261 467 1345 ipse
480 1283 552 1325 cum
565 1260 807 1345 promptissimis
820 1261 971 1326 iuvenum
983 1263 1159 1347 praedatum

137 1366 231 1439 atque
254 1356 288 1419 in
309 1356 524 1441 expeditiones
546 1355 606 1418 iret
628 1364 660 1418 et
681 1355 773 1419 dietis
790 1355 946 1439 factisque
963 1354 1112 1422 omnibus
1127 1354 1162 1421 ad

137 1451 310 1514 fallendum
331 1451 491 1514 instructis
514 1472 597 1513 vana
618 1458 809 1513 accresceret
829 1448 924 1527 fides,
947 1450 1014 1515 dux
1036 1451 1080 1516 ad
1099 1448 1162 1515 nlti-

105 1565 120 1613 3
138 1568 226 1608 mum
243 1544 319 1608 belli
334 1545 459 1631 legitur.
494 1543 539 1608 ibi
557 1567 630 1607 eum
647 1543 748 1608 inscia
764 1543 978 1621 multitudine,
1000 1545 1081 1628 quid
1097 1566 1162 1633 agen

139 1648 235 1714 retur,
253 1637 372 1722 proelia
388 1660 487 1722 parva
503 1637 585 1701 inter
602 1637 738 1701 Romam
757 1634 941 1722 Gabiosque
957 1637 1087 1718 fierent,
1102 1637 1162 1723 qui·

138 1730 199 1795 bus
221 1730 405 1816 plerumque
429 1728 555 1796 Gabina
576 1753 627 1794 res
650 1730 793 1816 superior
813 1741 910 1808 esset,
937 1740 1007 1795 tum
1028 1731 1164 1798 certatim

140 1825 255 1893 summi
272 1827 432 1908 infimique
447 1823 642 1891 Gabinorum
657 1823 732 1890 Sex.
751 1824 955 1909 Tarquinium
974 1827 1061 1892 dono
1079 1828 1165 1892 deum

106 1943 122 1987 4
141 1920 202 1985 sibi
224 1921 356 1984 missum
374 1921 487 1984 ducem
511 1919 646 1984 eredere.
682 1920 768 2004 apud
788 1919 902 1984 milites
924 1941 1000 1985 vero
1022 1920 1167 1986 obeundo

138 2013 279 2099 pericula
300 2035 337 2077 ao
358 2012 482 2077 labores
503 2012 633 2099 pariter,
659 2013 809 2098 praedam
830 2012 976 2077 munifice
997 2013 1167 2101 largIendo,

140 2116 228 2170 tanta
244 2107 371 2170 caritate
390 2128 474 2182 esse,
492 2118 528 2169 ut
544 2129 608 2171 non
624 2114 712 2193 pater
731 2106 921 2191 Tarquinius
938 2108 1167 2192 potentiorRo-

143 2223 214 2264 mae
246 2222 342 2284 quam
358 2199 442 2264 fflius
462 2197 573 2265 Gabiis
593 2211 686 2265 esset.

107 2319 123 2364 5
206 2294 318 2378 Itaque
336 2304 505 2380 postquam
523 2294 599 2359 satis
617 2295 730 2358 virium
749 2294 914 2360 collectum
931 2295 973 2359 ad
990 2316 1105 2362 omnes
1120 2316 1168 2361 ce·

139 2399 232 2455 natus
254 2389 395 2467 videbat,
419 2399 486 2453 tum
509 2412 549 2453 ex
567 2389 632 2454 suis
650 2412 748 2453 unum
766 2388 959 2453 sciscitatum
975 2388 1117 2454 Romam
1131 2387 1168 2455 ad

140 2498 261 2572 patrem
282 2484 391 2560 mittit,
418 2484 567 2568 quidnam
590 2483 750 2548 sefacere
772 2483 879 2561 vellet,
907 2483 1167 2568 quandoquidem,

140 2592 175 2645 ut
193 2581 298 2645 omnia
314 2602 397 2644 unus
415 2601 491 2663 prae
509 2576 609 2664 [aliis]
625 2575 737 2644 Gabiis
750 2587 872 2664 posset,
892 2577 921 2641 ei
938 2577 983 2640 dii
999 2578 1168 2644 dedissent.

109 2696 123 2742 6
140 2675 214 2739 huic
240 2674 364 2749 nuntio,
396 2674 483 2756 quia,
515 2674 622 2750 eredo,
650 2672 763 2737 dubiae
789 2672 863 2736 fidei
888 2671 1070 2751 videbatur,
1097 2668 1168 2737 nilril
1203 2690 1207 2739 t

141 2789 219 2831 voce
236 2788 423 2850 responsum
441 2773 498 2830 est.
537 2788 594 2829 rex
611 2767 698 2830 velut
714 2764 978 2831 deliberabundus
995 2766 1030 2829 in
1045 2765 1168 2832 hortum
1200 2742 1207 2795 Ι

142 2859 267 2924 aedium
285 2858 396 2922 transit
415 2861 557 2943 sequenti
574 2861 683 2925 nuntio
700 2860 770 2937 filii;
787 2859 833 2924 ibi
845 2858 1044 2924 inambulans
1057 2860 1166 2925 tacitns

108 2977 123 3022 7
143 2976 265 3018 summa
282 2975 474 3037 papaverum
492 2954 596 3038 capita
607 2954 721 3019 dicitur
734 2953 847 3019 baculo
860 2954 1049 3020 decussisse.
1077 2954 1165 3019 inter·

140 3047 282 3134 rogando
301 3047 574 3133 exspectandoque
591 3071 779 3133 responsum
796 3047 924 3112 nuntius
941 3046 1062 3126 fessus,
1087 3058 1122 3112 ut
1134 3065 1165 3110 re

140 3142 326 3227 inperfecta,
355 3143 436 3207 rodit
454 3139 589 3221 Gabios,
608 3165 688 3226 quae
706 3143 820 3206 dixerit
836 3143 905 3228 ipse
922 3163 1067 3226 quaeque
1084 3140 1164 3205 vtro

140 3237 194 3315 rit,
220 3237 330 3303 refert:
358 3259 415 3302 seu
436 3237 482 3301 ira
504 3260 561 3301 seu
583 3238 655 3301 odio
678 3258 735 3302 seu
757 3235 903 3321 superbia
924 3235 1019 3300 insita
1043 3232 1163 3321 ingenio

108 3353 123 3400 8
141 3331 260 3394 nullam
278 3353 351 3395 eum
368 3352 479 3395 vocem
498 3331 650 3395 emisisse.
697 3328 795 3396 Sexto
818 3329 886 3406 ubi,
909 3328 987 3412 quid
1002 3328 1100 3393 vellet
1114 3348 1163 3415 pu·

140 3445 214 3489 rens
224 3424 340 3507 quidve
354 3425 546 3508 praeciperet
560 3426 661 3489 tacitis
675 3422 871 3510 ambagibus,
889 3422 999 3508 patuit,
1017 3423 1162 3508 primores

142 3517 277 3581 civitatis
301 3517 492 3582 criminando
515 3519 593 3583 alios
616 3519 700 3603 apud
721 3517 887 3602 populum,
910 3515 988 3580 alios
1007 3539 1068 3581 sua
1083 3516 1162 3603 ipsos

141 3613 260 3676 invidia
286 3622 456 3697 oportunus
482 3612 647 3678 interemit.
692 3612 782 3677 multi
811 3610 931 3701 palam,
962 3610 1107 3695 quidum,
1134 3608 1163 3673 in

142 3705 257 3789 quibus
279 3707 383 3771 minus
401 3707 544 3792 speciosa
562 3707 735 3772 criminatio
752 3714 818 3770 erat
836 3705 954 3782 futura,
977 3704 1061 3769 olam
1077 3704 1164 3769 inter·

110 3819 123 3866 9
143 3798 226 3863 fecti.
262 3800 364 3887 patuit
383 3800 572 3884 quibusdam
594 3800 772 3866 volentibus
798 3798 877 3886 fuga
902 3798 1017 3864 autin
1043 3798 1165 3865 exilitnn

143 3894 204 3958 acti
227 3904 301 3958 sunt
322 3894 561 3979 absentiumque
582 3894 665 3960 bona
686 3896 774 3959 iuxta
796 3901 890 3977 atque
911 3893 1166 3979 interemptorum

95 4006 127 4055 10
143 3988 259 4054 divisui
280 3987 377 4054 fuere.
416 3989 597 4076 largitiones
619 3989 692 4053 inde
713 3987 925 4076 praedaeque,
953 3997 985 4051 et
1006 3985 1169 4054 dulcedine
