2566 4524
383 262 500 317 manu
517 262 586 331 vn,
604 264 646 318 aa
666 266 704 332 [a.
716 263 818 335 oue]
1051 254 1117 326 383

80 442 171 488 more
193 419 326 500 indicto,
350 422 567 499 decreverunt,
591 429 626 486 ut
647 421 748 507 primo
771 445 899 509 quoque
917 434 1058 514 tempore
1075 429 1115 496 de

79 540 120 583 ea
151 537 186 581 re
218 516 260 581 ad
288 516 440 603 populum
469 516 613 581 terretur.
656 517 808 602 iussuque
833 521 943 607 populi
968 525 1151 594 consideat

78 610 177 676 ambo
200 629 273 676 cum
296 609 419 676 duobus
439 610 630 676 exercitibus
649 611 689 677 ab
708 613 785 678 urbe
802 615 949 700 profecti,
966 615 1114 685 Valerius

77 708 111 772 in
130 705 358 793 Campaniam,
386 702 554 772 Comeliua
574 706 609 771 in
632 705 812 788 Samnium,
838 709 891 776 ille
913 711 955 776 ad
974 722 1114 778 muntem

77 800 244 879 Garmrm,
266 801 317 866 hie
336 798 377 866 ad
395 798 568 869 Saticulam
587 811 689 868 castra
705 814 836 890 ponunt
871 806 969 891 primi
986 804 1114 875 Valerio
1132 826 1151 877 a

79 896 277 964 Samnitium
299 896 439 982 legiones
461 916 565 962 -eo
587 916 724 982 namque
746 917 872 964 omnem
897 900 973 967 belli
997 902 1113 969 molem

77 991 303 1058 inclinaturam
321 989 492 1056 censebant
509 1024 551 1039 ....
570 1001 745 1058 occurrunt.
773 994 866 1058 aimul
883 993 917 1059 in
931 993 1112 1082 Campana
1150 1035 1155 1040 -

77 1079 266 1152 stimulabat
286 1084 347 1163 ira,
374 1095 438 1150 tam
459 1094 621 1172 promptos
642 1108 727 1152 nuno
749 1088 791 1153 ad
812 1088 942 1154 ferenda
962 1110 1047 1156 nuno
1072 1094 1113 1156 ad

77 1181 274 1248 accersenda
295 1181 447 1246 adversus
470 1200 505 1246 aa
527 1181 652 1246 auxilia.
696 1191 735 1246 ut
754 1202 830 1248 vero
848 1191 951 1249 castra
967 1183 1112 1252 Romana
1129 1207 1148 1254 4

77 1277 243 1353 viderunt,
267 1275 412 1340 ferociter
428 1294 486 1361 pro
505 1298 539 1340 ae
557 1275 690 1360 quiaque
707 1277 835 1363 signum
853 1277 950 1343 duces
971 1299 1112 1364 poscere,

77 1371 263 1448 adfirmare,
295 1368 405 1435 eadem
430 1370 557 1435 fortuna
582 1371 762 1436 Romanum
786 1370 951 1457 Campano
976 1373 1113 1440 laturum

77 1487 189 1553 opem,
215 1486 279 1548 qua
300 1463 484 1552 Campanus
504 1462 645 1531 Sidicino
667 1466 780 1530 tulerit.
820 1463 967 1532 Valerius
987 1468 1111 1535 levibus
1130 1489 1148 1538 5
1178 1553 1181 1557 Α

78 1558 305 1626 certaminibus
326 1559 499 1645 temptandi
520 1558 620 1625 hostia
643 1581 740 1626 cauea
755 1561 833 1625 haut
850 1561 895 1626 ita
910 1558 1027 1628 maritos
1045 1585 1113 1629 mo-

80 1665 166 1720 ratus
185 1653 255 1718 dies
274 1653 400 1740 signum
421 1675 547 1740 pugnae
568 1654 745 1740 proposuit,
768 1655 878 1740 paucis
902 1675 977 1722 auca
991 1657 1112 1722 ‘adhor-

84 1757 181 1827 uma,
216 1770 256 1813 ne
282 1767 400 1813 novum
426 1747 544 1813 bellum
571 1768 625 1813 eoa
651 1770 817 1834 novusque
842 1749 942 1815 hostis
968 1759 1110 1816 terreret:

85 1842 236 1928 quidquid
257 1841 299 1908 ab
321 1841 399 1908 urbe
416 1842 540 1929 longius
558 1843 733 1928 proferrent
751 1866 851 1920 arma,
874 1842 976 1932 magia
993 1845 1111 1932 magis·
1130 1867 1146 1914 e
1192 1859 1195 1867 “

86 1956 141 2023 que
158 1938 192 2002 iu
210 1936 342 2002 inbelles
360 1945 471 2024 genten
487 1959 544 2003 eoa
562 1938 695 2024 prodire.
726 1960 766 2003 ne
786 1935 997 2004 Sidicinorum
1011 1938 1111 2005 Cam·
1130 1962 1144 2007 r

85 2048 298 2117 penarumque
328 2030 470 2096 cladibus
499 2029 688 2097 Samnitium
719 2033 919 2099 aestimarent
948 2033 1110 2100 virtutem:

87 2127 328 2212 qualescumque
345 2125 473 2192 interae
488 2127 686 2204 certaverint,
704 2148 835 2193 necesse
849 2128 962 2206 furiose,
981 2129 1111 2195 alteram

85 2231 203 2307 partem
216 2221 310 2286 vinci.
339 2219 519 2307 Campanos
533 2220 661 2304 quidem
678 2220 765 2285 haud
781 2220 876 2286 dubie
892 2223 995 2307 magis
1013 2224 1110 2289 nimio

87 2314 157 2383 luxu
182 2315 353 2383 fluentibus
378 2313 473 2382 rebus
500 2314 692 2399 mollitiaque
719 2336 777 2379 sua
802 2335 898 2398 quam
918 2315 951 2379 vi
971 2314 1110 2380 hostium

86 2412 181 2478 victos
200 2430 281 2477 ease.
308 2411 385 2495 ‘quid
402 2419 507 2476 autem
525 2430 595 2476 esee
613 2409 676 2474 duo
693 2430 844 2494 prospera
860 2407 894 2472 in
912 2416 957 2473 tot
975 2409 1108 2475 saeculis
1127 2429 1145 2478 8

86 2502 164 2571 bella
182 2503 373 2571 Samnitium
395 2504 545 2570 adversus
564 2512 609 2569 tot
627 2503 740 2569 decora
756 2501 866 2588 populi
882 2501 1032 2581 Romani,
1055 2503 1110 2586 qui

86 2600 257 2687 triumphos
278 2621 378 2686 paene
399 2599 505 2686 pluteo
524 2618 620 2683 quam
637 2618 735 2663 annos
753 2598 794 2663 ab
812 2596 890 2662 urbe
909 2597 1034 2663 condita
1050 2618 1109 2661 uu-

84 2703 215 2772 merent‚
237 2694 293 2779 qui
310 2694 415 2760 omnia
432 2693 515 2759 cirea
532 2715 566 2759 ae
584 2726 627 2741 -
647 2690 796 2771 Sabinos,
819 2691 995 2771 Etruriam,
1018 2692 1109 2757 Lati·
1126 2711 1142 2761 9

83 2804 151 2868 noa,
179 2787 352 2867 Hernicos,
379 2787 526 2872 Aequos,
548 2786 699 2866 Volscos,
726 2786 895 2854 Auruncos
921 2821 964 2836 -—
990 2787 1110 2853 domita

83 2884 176 2950 amis
193 2881 343 2961 habeant,
363 2882 418 2967 qui
435 2879 547 2948 Gallos
565 2891 611 2947 tot
628 2882 753 2968 proeliis
772 2903 884 2948 caesos
899 2891 1058 2968 postremo
1075 2882 1109 2947 in

83 2998 167 3045 mare
184 2998 222 3045 ac
238 2996 336 3044 naves
354 2978 432 3065 fuga
449 2977 652 3064 conpulerint.
693 2998 766 3042 cum
782 2977 883 3062 glor-ia
900 2975 975 3042 belli
993 2998 1030 3042 ae
1047 2977 1109 3042 vir·
1128 2999 1161 3048 10

82 3080 146 3138 tute
162 3090 224 3139 aua
238 3093 397 3157 quemque
414 3072 512 3138 fretos
528 3071 576 3136 ire
596 3071 630 3136 in
651 3070 751 3135 aciem
773 3069 901 3147 debere,
924 3078 992 3133 tum
1013 3071 1108 3134 etiam

83 3165 207 3246 intueti,
227 3167 317 3231 ouius
330 3167 427 3232 ductu
440 3165 643 3252 auspicioque
654 3165 791 3230 iracunda
802 3186 911 3250 pugna
924 3163 974 3242 ait,
991 3171 1106 3241 utrum,
1126 3187 1158 3236 11

83 3261 136 3348 qui
152 3260 328 3327 audiendus
345 3261 509 3327 dumtaxat
526 3260 715 3348 maguifiou'a
731 3258 911 3324 adhortator
928 3258 983 3336 ait,
1001 3257 1107 3323 verbis

81 3362 203 3422 tantum
224 3353 327 3433 ferox,
355 3364 486 3442 cpemm
508 3354 688 3420 militarium
711 3374 837 3440 expers,
860 3375 901 3418 an
917 3351 973 3437 qui
988 3360 1022 3418 et
1038 3351 1107 3438 ipae

77 3449 143 3517 'tela
158 3455 307 3529 mactare,
323 3451 494 3538 procedere
507 3460 579 3516 ante
593 3451 699 3538 rigna,
717 3450 836 3515 versari
853 3449 957 3515 media
971 3448 1007 3514 in
1023 3449 1107 3515 mole

79 3556 207 3633 pugnae
224 3544 313 3610 aciat.
348 3545 449 3612 ‘factu
465 3562 550 3624 mea,
572 3564 637 3611 non
655 3544 738 3610 dicta
755 3564 826 3624 voa,
850 3543 989 3624 militea,'
1005 3544 1107 3630 inquit
1126 3565 1158 3613 12

80 3638 187 3723 ‘nequi
204 3638 281 3704 vole
295 3648 354 3704 trec
371 3639 569 3728 dieciplinam
582 3639 695 3718 modo,
715 3639 771 3704 aed
784 3639 963 3726 exemplum
975 3639 1071 3704 etiam
1087 3663 1108 3704 a

77 3740 128 3799 ine
149 3741 270 3821 petere.
304 3753 369 3800 non
386 3733 578 3801 factionibus
592 3734 688 3800 modo
705 3756 763 3800 uec
780 3755 837 3821 per
854 3734 1019 3813 coitiones,
1041 3735 1107 3799 uai-

77 3832 160 3894 urm
174 3825 351 3906 nobilibus,
371 3829 428 3896 aed
439 3829 501 3896 bac
518 3829 628 3896 dextra
643 3829 723 3894 mihi
739 3838 803 3896 tres
822 3829 1002 3896 consulatus
1022 3848 1106 3893 eum-

79 3932 229 4008 mamque
244 3921 370 3988 laudem
385 3924 503 4012 papea.
530 3924 606 4004 init,
620 3944 697 3990 eum
713 3924 775 3990 boc
793 3925 855 3990 dici
871 3931 1007 4010 poteratt
1025 3927 1106 4006 “pa-
1126 3937 1158 3986 13

77 4013 185 4083 nicius
205 4015 377 4084 enimenta
394 4028 427 4086 et
444 4038 464 4085 a
480 4017 699 4086 liberatoribus
717 4019 836 4106 patriae
849 4027 935 4084 ortua
950 4025 981 4083 et
994 4015 1106 4082 ecdem
1133 4060 1235 4262 r
