2566 4524
186 270 250 335 220
395 277 513 333 LIBER
531 277 604 346 1111,
622 277 665 332 28.
679 278 722 331 29.
742 280 815 346 [an.
826 276 1011 348 cessere]

184 439 327 506 bellionis
346 438 520 514 dedissent,
543 437 576 500 ni
594 435 720 500 Vettius
738 434 880 500 Messius
903 456 945 500 ex
963 432 1107 515 Volscis,
1123 434 1198 504 mlii

184 536 242 600 lior
257 535 306 598 vir
322 533 415 597 factis
432 555 529 616 quam
547 554 671 617 genu-e,
691 531 754 594 iam
772 529 882 594 orbem
899 529 1066 598 volventes
1081 532 1218 611 mosi-2

150 651 165 698 4
184 651 315 714 crepans
329 627 413 691 clara
423 647 503 690 voce
518 625 583 689 ‘hic
592 623 775 711 praebituri
789 625 892 708 inquit
907 629 980 690 ‘vos
993 624 1068 690 telis
1079 622 1218 721 hetin}

184 725 259 789 estis
278 720 446 797 indefensi,
467 720 579 784 inulti?
604 721 681 804 quid
697 720 796 806 igitur
817 742 906 784 arma
926 718 1054 786 habetis
1070 734 1126 786 sat
1140 718 1218 819 qrill

183 819 264 882 uitro
283 816 400 881 bellum
418 814 577 890 intulistis,
595 815 629 878 in
647 814 711 878 otio
726 813 920 892 tumultuosi,
937 813 972 878 in
986 813 1074 881 bello
1088 812 1218 903 segnssltj

184 912 260 995 quid
277 911 329 975 hic
347 908 502 974 stantibus
521 908 588 993 spei
607 907 674 972 est?
691 931 732 972 an
746 909 840 972 deum
853 907 991 992 aliquem
1004 920 1203 996 proteetmu

184 1029 241 1071 vos
267 1017 492 1090 rapturumque
517 1003 591 1067 hinc
618 1003 754 1088 putatis?
788 1003 871 1068 ferro
901 1004 956 1069 ria
986 1004 1135 1069 facienda
1155 1012 1203 1069 est.

150 1125 166 1170 a
184 1101 257 1179 hac,
281 1123 343 1184 qua
360 1123 411 1164 me
428 1120 652 1187 praegressum
670 1098 825 1176 videritis,
849 1099 948 1185 agite,
970 1099 1029 1183 qui
1048 1098 1145 1164 visrrri
1158 1098 1204 1164 do-

183 1219 267 1273 mos,
294 1209 454 1282 parentes,
482 1195 646 1280 coniuges,
676 1193 791 1259 liberos
810 1193 899 1272 estis,
921 1193 966 1258 ite
983 1216 1121 1261 mentun
1147 1212 1218 1283 uun¹

184 1315 293 1359 murus
316 1313 375 1356 uec
394 1290 528 1367 vallum,
556 1290 612 1355 sed
634 1288 746 1354 armati
772 1288 900 1353 armatis
927 1288 1066 1355 obstant
1105 1288 1218 1355 vetus

183 1410 290 1477 pares,
309 1385 510 1463 necessitate,
534 1407 614 1469 quae
631 1384 777 1448 ultimum
795 1406 840 1448 ac'
850 1384 1027 1450 maximum
1045 1385 1142 1451 telum
1156 1392 1218 1461 sd,

152 1483 361 1570 ssuperiores
393 1480 488 1546 estis?
531 1480 613 1545 haec
642 1481 783 1544 locutum
814 1492 1105 1567 exsequentemque
1133 1480 1218 1571 das..

183 1578 394 1664 redintegrato
417 1575 552 1640 clamore
575 1576 674 1641 secuti
697 1575 773 1639 dant
793 1575 1040 1661 inpressionem,
1072 1598 1134 1661 qua
1149 1574 1217 1655 Pas

185 1672 318 1739 stamius
337 1670 441 1736 Albus
460 1670 603 1736 cohortes
622 1670 791 1748 obiecerat,
819 1681 851 1735 et
872 1682 1042 1736 moverunt
1058 1673 1212 1747 victam

185 1767 285 1833 donec
302 1767 435 1830 dictator
451 1766 565 1851 pedem
582 1765 646 1831 iam
663 1763 872 1830 referentibus
891 1765 957 1830 suis
975 1766 1107 1831 advenit
1118 1766 1197 1847 eoqtt

151 1881 165 1928 t
184 1884 276 1928 omne
298 1859 452 1949 proelium
474 1881 601 1923 versum
624 1869 680 1924 est.
716 1858 857 1923 univiro
873 1856 996 1924 Messio
1014 1859 1139 1926 fortuna
1153 1857 1196 1923 lto·

185 1955 280 2021 stium
307 1954 456 2019 innititur.
493 1952 591 2017 multa
616 1953 773 2037 utrimque
798 1952 943 2033 vulnera,
969 1954 1075 2020 multa
1107 1973 1192 2013 aa*

185 2048 297 2113 caedes
316 2058 373 2112 est.
409 2047 473 2113 iam
494 2068 534 2113 ne
558 2046 654 2113 duces
678 2048 805 2131 quidem
823 2046 961 2112 Romani
981 2047 1134 2114 iucruenti
1157 2080 1160 2101 ι

150 2160 165 2209 8
183 2152 291 2228 gnant.
331 2164 413 2209 unus
436 2140 619 2207 Postumius
641 2143 723 2208 ictus
747 2165 824 2208 saxo
844 2142 1004 2228 perfracto
1027 2144 1126 2230 capite

184 2237 327 2303 excessit.
363 2259 427 2300 non
444 2234 627 2303 dictatorem
644 2259 771 2301 umerus
790 2236 981 2315 vulneratus,
1000 2260 1068 2303 nou
1095 2245 1165 2292 ’ν
1214 2236 1218 2243 ’

183 2353 280 2417 prope
299 2331 437 2398 adfixum
456 2353 536 2414 equo
554 2331 670 2408 femur,
698 2356 761 2396 non
778 2331 942 2397 brachium
963 2331 1123 2399 abscisum
1141 2369 1156 2384 ν·
1202 2400 1203 2407 χ

183 2425 285 2491 sulem
303 2448 343 2489 ex
360 2436 424 2492 tam
443 2424 569 2511 ancipiti
588 2426 706 2510 proelio
725 2426 905 2491 summovit.

151 2541 161 2586 1
247 2516 434 2585 XXVIIII.
461 2518 619 2584 Messium
635 2519 772 2605 impetus
790 2542 848 2605 per
864 2531 980 2586 stratos
996 2521 1094 2586 caede
1105 2519 1175 2612 Μ
1207 2524 1218 2549 “

183 2636 255 2679 cum
274 2613 368 2698 globo
386 2613 628 2677 fortissimorum
650 2614 799 2680 iuvenum
822 2614 933 2680 extulit
955 2616 997 2681 ad
1020 2626 1117 2681 castra
1130 2608 1176 2675 v:

149 2728 322 2783 oscorum,
351 2729 431 2791 quae
453 2707 594 2771 nondum
616 2720 707 2796 capta
729 2718 825 2772 eraut.
866 2710 979 2775 eodem
1005 2710 1106 2776 omnis
1200 2707 1201 2710 ¹

182 2801 356 2864 inclinatur.
385 2800 495 2865 consul
509 2801 628 2866 effusos
643 2824 743 2885 usque
757 2802 798 2867 ad
810 2803 929 2869 vallum
946 2800 1152 2891 persecutus
1175 2823 1176 2826 ’

183 2910 286 2959 castra
303 2895 483 2979 vallumque
501 2897 690 2982 adgreditur.
718 2898 830 2963 eodem
847 2910 878 2964 et
897 2899 1033 2966 dictator
1049 2900 1108 2965 alis
1128 2927 1152 2953 ι’·
1173 2931 1176 2952 ¹
1202 2902 1210 2983 ξ

183 2990 289 3076 copias
308 2990 463 3055 admovet.
489 3014 554 3056 non
573 2993 698 3079 segnior
715 2994 908 3081 oppugnatio
925 3005 976 3061 est
992 3017 1089 3080 quam
1103 3016 1148 3081 *12¹2
1159 3027 1160 3038 ¹
1203 2986 1211 3077 l

149 3085 294 3152 aluerat.
335 3086 496 3151 consulem
519 3087 644 3173 signum
667 3110 792 3172 quoque
812 3088 896 3154 intra
922 3089 1044 3155 vallum
1201 3091 1203 3094 ’

181 3181 295 3260 ferunt,
314 3204 376 3266 quo
386 3182 499 3246 milites
514 3183 616 3249 acrius
631 3183 781 3262 subirent,
799 3185 1036 3270 repetendoque
1050 3185 1131 3272 signo

181 3301 265 3340 mam
283 3276 510 3361 inpressionem
528 3277 653 3342 factam.
690 3289 721 3343 et
743 3278 876 3343 dictator
895 3291 1028 3366 proruto
1051 3272 1158 3347 valle
1214 3278 1218 3283 ¹

147 3369 213 3436 tin
236 3383 338 3434 castra
358 3372 511 3457 proelium
533 3372 688 3437 intulerat.
724 3386 792 3437 tum
814 3372 897 3439 abici
918 3374 1044 3460 passim
1069 3392 1142 3441 arm
1173 3367 1176 3418 ἶ
1198 3369 1199 3372 “

181 3463 253 3526 dedi
270 3462 377 3528 hostes
396 3466 513 3552 coepti3
536 3467 708 3550 castrisque
726 3467 824 3532 ethis
843 3467 943 3554 captis
966 3468 1076 3537 hostes
1099 3503 1112 3525 a
1199 3473 1208 3498 ¹³

181 3570 340 3622 senatores
359 3581 468 3624 omnes
484 3561 663 3625 venumdati
677 3570 759 3626 sunt.
785 3563 922 3648 praedae
935 3586 1011 3649 pars
1027 3586 1086 3631 sua
1102 3588 1150 3636 rw
1166 3640 1171 3651 ⁸

181 3651 339 3717 scentibus
353 3653 477 3719 Latinis
493 3665 586 3741 atque
599 3655 748 3721 Hernicis
761 3656 892 3734 reddita,
911 3672 1037 3743 partem
1050 3656 1106 3724 sub
1123 3688 1134 3710 ¹¹
1166 3736 1169 3741 Ι
1207 3662 1218 3722 l

180 3745 312 3810 dictator
325 3748 464 3812 vendidit
469 3774 478 3827 ;
497 3751 737 3837 praepositoque
751 3752 880 3819 consule
894 3754 1007 3819 castris
1021 3754 1091 3840 ipse
1108 3779 1153 3804 ¹¹¹
1202 3752 1218 3829 t

147 3839 281 3927 ephans
308 3841 450 3906 invectus
477 3844 588 3909 urbem
609 3847 763 3913 dictatura
788 3870 823 3912 se
850 3846 1020 3915 abdicavit.
1072 3880 1076 3886 ·
1086 3881 1096 3927 2
1120 3875 1144 3918 r2
1203 3861 1209 3876 ”

179 3935 351 4000 dictaturae
370 3936 489 4001 tristem
507 3941 689 4005 memoriam
708 3940 837 4019 faciunt,
856 3943 911 4026 qui
927 3942 1029 4008 lilium
1041 3940 1081 4009 ab
1091 3937 1127 4005 A.
1143 3940 1166 3976 ”
1201 3949 1203 3954 ’

179 4032 308 4111 stumio,
340 4033 425 4118 quod
456 4033 619 4100 occasione
650 4035 732 4135 bene
755 4036 920 4124 pugnandi
946 4048 1056 4125 captus
1082 4029 1171 4100 inin!
1203 4051 1213 4064 ’-
