2566 4524
338 243 632 318 cananaeae.
652 244 804 316 [aerea]
1028 235 1091 304 521

65 402 177 481 dicere,
196 401 334 469 consulis
353 423 387 468 sa
402 400 544 486 arabii
561 402 665 475 facere
682 403 780 470 iussu.
807 415 934 491 postera
949 406 1022 472 inde
1040 408 1091 474 die

64 506 167 564 matra
192 506 279 563 mota
304 506 336 562 et
356 494 483 584 Appius
509 507 633 583 praetor
654 497 789 564 Romam
815 500 973 567 dimissus.
1016 502 1090 569 inde
1109 523 1145 573 ro

62 614 220 677 nusquam
239 592 353 659 stativa
369 591 523 658 Romanis
540 592 637 658 fuere.
673 593 823 683 negabat,
845 595 920 661 utile
938 618 1009 662 esse
1025 619 1089 663 uno

62 687 131 753 loeo
155 686 266 752 sedere
293 687 478 766 exercitum3
504 685 666 754 itineribus
693 708 731 754 ac
752 689 923 756 mutatione
949 690 1090 757 locorum

61 781 259 849 mobiliorem
281 804 319 849 ac
340 782 545 849 salubriorem
572 805 651 849 esse.
694 783 812 850 fiebant
837 795 943 852 autem
968 786 1088 865 itinera,

62 887 181 964 quanta
201 875 270 942 lieri
291 875 414 943 sinebat
435 876 557 964 hiemps
579 878 741 943 hauddum
763 890 882 946 exacta.
921 903 995 946 vere
1016 881 1089 948 inde
1109 901 1139 950 11

60 975 162 1060 primo
179 971 289 1038 relicta
312 973 450 1038 secunda
471 971 594 1059 legione
612 972 652 1038 ad
671 971 829 1052 Clusium,
852 975 938 1059 quod
956 973 1089 1046 Camars

61 1069 136 1134 olim
158 1067 374 1155 appellabant,
401 1068 642 1155 praepositoque
667 1069 777 1134 castris
798 1068 840 1134 L.
861 1067 1009 1156 Scipione
1030 1093 1088 1157 pro

60 1172 220 1251 praetore,
242 1162 379 1228 Romam
399 1162 469 1248 ipse
490 1163 531 1228 ad
557 1160 796 1228 consultandum
818 1162 962 1230 debello
987 1165 1087 1244 rediit,

62 1259 129 1323 sire
152 1258 223 1344 ipse
246 1265 358 1343 sponte
381 1278 452 1335 sua,
476 1257 550 1341 quia
567 1256 685 1322 bellum
703 1258 731 1322 ei
748 1258 850 1324 maius
867 1258 900 1324 in
918 1269 1088 1346 conspectu
1107 1277 1139 1326 12

60 1361 128 1418 erat
148 1373 247 1436 quam
267 1361 419 1436 quantum
442 1373 511 1417 esse
533 1352 637 1417 famae
659 1352 844 1430 crediderat,
872 1352 938 1419 sive
961 1362 1087 1419 senatus

60 1444 205 1513 consulto
222 1445 356 1510 accitus:
374 1468 449 1510 nam
466 1445 500 1510 in
516 1454 684 1531 utrumque
702 1455 844 1512 auctores
863 1456 945 1512 sunt.
973 1447 1013 1512 ab
1021 1444 1086 1533 Ap.
1107 1467 1141 1516 1³

61 1538 199 1631 Claudio
216 1548 359 1624 praetore
376 1548 544 1605 retractum
562 1540 690 1625 quidam
708 1540 807 1605 videri
824 1540 947 1619 volunt,
965 1562 1038 1606 cum
1055 1542 1088 1606 in
1200 1549 1214 1557 “

60 1642 173 1700 senatu
185 1643 217 1698 et
232 1633 317 1719 apud
332 1633 494 1720 populum,
508 1634 542 1698 id
555 1634 640 1719 quod
656 1656 713 1721 per
730 1633 848 1700 litteras
861 1634 991 1701 adsidue
1004 1636 1089 1703 fece-

58 1739 115 1806 rat,
130 1736 281 1793 termrem
294 1726 368 1792 belli
376 1727 505 1793 Etrusci
518 1737 660 1816 augeret:
678 1750 742 1793 non
757 1728 961 1794 suffecturum
975 1730 1088 1794 ducem

58 1845 158 1888 unum
184 1843 244 1887 nec
269 1821 440 1888 exercitum
465 1845 565 1887 unum
591 1823 742 1889 adversus
770 1832 917 1907 quattuor
936 1823 1086 1910 populos;

56 1915 233 2005 periculum
260 1939 344 1995 esse,
372 1917 439 1982 sive
465 1917 563 1982 iuncti
588 1939 686 1982 unum
712 1927 856 2003 premant
882 1919 949 1984 sive
971 1917 1086 1983 diversi
1106 1936 1138 1986 14

56 2021 170 2099 gerant
188 2009 320 2088 bellum,
342 2031 383 2075 ne
401 2010 442 2075 ad
459 2011 564 2076 omnia
582 2011 676 2077 simul
693 2011 779 2078 obire
796 2035 878 2078 unus
895 2033 960 2078 non
976 2012 1086 2099 possit.

57 2106 139 2171 duas
158 2125 194 2170 se
210 2103 256 2169 ibi
273 2104 414 2191 legiones
423 2105 584 2171 Romanas
601 2105 766 2189 reliquisse
784 2116 815 2171 et
832 2107 936 2172 minus
949 2107 1086 2191 quinque
1106 2123 1139 2174 15

56 2198 146 2265 milia
166 2198 310 2284 peditum
331 2199 533 2283 equitumque
557 2221 629 2264 cum
645 2197 747 2264 Fabio
771 2201 901 2265 venisse.
939 2201 999 2265 sibi
1020 2200 1088 2286 pla-

56 2314 139 2372 cere,
152 2291 192 2358 P.
201 2291 340 2358 Decium
358 2291 520 2359 consulem
536 2291 639 2379 primo
651 2313 775 2376 quoque
792 2303 931 2377 tempore
944 2293 978 2357 in
991 2292 1087 2356 Etru-

54 2387 137 2454 riam
154 2387 196 2453 ad
214 2386 369 2474 collegam
390 2385 560 2472 proficisci,
578 2386 620 2451 L.
638 2383 809 2451 Volumnio
828 2383 993 2452 Samnium
1015 2407 1088 2471 pro-

54 2482 194 2549 vinciam
222 2482 307 2560 dari3
335 2482 363 2547 si
388 2481 498 2547 consul
523 2480 612 2545 malit
636 2481 671 2544 in
697 2502 786 2544 suam
812 2480 1004 2566 provinciam
1029 2480 1084 2557 ire,
1104 2499 1139 2549 16

54 2576 266 2644 Volumnium
282 2576 317 2640 in
333 2575 495 2642 Etruriam
513 2575 554 2640 ad
575 2574 736 2639 consulem
758 2594 831 2638 cum
848 2573 986 2639 exercitu
1002 2574 1086 2639 iusto

54 2671 216 2740 consulari
232 2670 398 2758 proficisci.
434 2691 507 2735 oum
524 2690 672 2755 magnam
692 2676 813 2753 partem
831 2677 970 2734 moveret
988 2667 1086 2734 oratio
1105 2687 1137 2736 17

53 2764 225 2855 praetoris,
242 2764 281 2831 P.
299 2763 438 2831 Decium
459 2762 620 2828 censuisse
641 2761 759 2841 ferunt,
783 2771 818 2828 ut
838 2762 943 2829 omnia
964 2763 1086 2848 integra

55 2884 95 2929 ac
116 2859 219 2927 libera
241 2858 282 2944 Q.
299 2858 402 2927 Fabio
428 2866 640 2935 servarentur,
668 2857 767 2923 donec
791 2857 844 2923 vel
868 2858 950 2945 ipse,
978 2857 1006 2923 si
1030 2878 1087 2944 per

55 2955 262 3025 commodum
278 2954 324 3020 rei
340 2952 486 3041 publicae
503 2961 625 3038 posset,
643 2950 780 3018 Romam
797 2953 936 3018 venisset
957 2951 1008 3018 vel
1030 2951 1087 3016 ali-

54 3073 153 3137 quem
171 3071 212 3114 ex
229 3048 342 3136 legatis
360 3047 508 3125 misisset,
523 3070 542 3111 a
555 3066 618 3129 quo
632 3045 766 3110 disceret
783 3054 920 3121 senatus,
934 3054 1084 3129 quantum
1104 3064 1139 3114 18
1216 3118 1219 3123 ,

53 3143 229 3211 inEtruria
246 3142 321 3208 belli
338 3150 423 3208 esset
440 3139 627 3226 quantisque
644 3138 924 3204 administrandum
942 3137 1040 3224 copiis
1055 3146 1086 3201 et

53 3248 134 3326 quot
150 3260 210 3325 per
227 3238 324 3302 duces
342 3245 436 3302 esset.

118 3329 255 3397 XXVI.
281 3329 401 3396 Fabius
420 3343 455 3394 ut
471 3327 606 3393 Romam
622 3327 723 3404 rediit,
742 3336 772 3391 et
789 3326 822 3390 in
840 3334 950 3391 senatu
967 3334 999 3390 et
1015 3346 1087 3411 pro-
1105 3346 1118 3395 1

53 3426 170 3493 ductus
189 3425 231 3491 ad
247 3423 400 3510 populum
417 3421 554 3487 mediam
571 3421 741 3486 orationem
758 3418 880 3498 habuit,
904 3427 939 3482 ut
955 3440 1014 3484 nec
1031 3442 1087 3484 au-

52 3542 131 3610 gere
148 3541 209 3584 nec
226 3519 367 3584 minuere
379 3517 537 3582 videretur
549 3514 623 3580 belli
636 3513 753 3579 famam
766 3514 930 3600 magisque
943 3513 977 3579 in
989 3513 1086 3580 altero

52 3614 254 3684 adsumendo
275 3613 356 3679 duce
377 3611 509 3678 aliorum
530 3607 693 3697 indulgere
715 3608 818 3675 timori
840 3630 936 3692 quam
957 3631 1014 3675 suo
1032 3618 1087 3674 aut

52 3708 248 3797 reipublicae
265 3706 405 3795 periculo
423 3705 594 3773 consulere.
635 3712 773 3770 ceterum
791 3705 818 3770 si
836 3702 896 3770 sibi
914 3704 1086 3770 adiutorem
1103 3722 1120 3771 a

52 3803 131 3873 belli
149 3802 334 3888 sociumque
351 3800 475 3888 imperii
492 3799 611 3878 darent,
625 3820 762 3884 quonam
779 3800 873 3865 modo
892 3821 926 3864 se
943 3794 1086 3863 oblivisci

51 3897 91 3967 P.
100 3898 200 3965 Decii
218 3896 356 3962 consulis
373 3916 431 3982 per
448 3903 495 3960 tot
512 3893 645 3981 collegia
662 3894 781 3980 experti
798 3891 910 3981 posse?
927 3889 1083 3955 neminem
1102 3908 1119 3959 s
1227 3933 1230 3938 -

51 3993 198 4062 omnium
225 4012 333 4058 secum
359 3989 508 4076 coniungi
535 3990 647 4069 malle3
678 3998 709 4055 et
734 3989 894 4074 copiarum
920 3983 996 4051 satis
1024 3982 1084 4048 sibi

1127 4150 1216 4240 ,
