2566 4524
258 257 379 316 amna
395 258 494 329 vnn,
512 258 555 313 aa
569 258 611 313 aa.
632 256 870 330 [acnuam]
1016 244 1082 313 465

63 440 164 487 rersus
185 417 220 484 id
239 415 359 484 bellum
376 416 454 482 tanti
477 416 604 495 ducere,
628 415 713 501 quod
733 415 844 482 urbem
866 415 1080 504 oppugnabat,

66 513 193 582 ecurior
209 510 249 579 ab
264 509 460 578 Samnitibus
478 533 582 598 agere,
602 509 787 578 stationibus
805 511 899 577 modo
917 510 1080 599 oppositis,

63 632 89 675 re
108 630 175 695 qua
190 607 225 673 in
242 616 345 673 castra
361 607 412 672 vis
428 605 526 672 fieret
554 626 593 673 eo
608 605 746 673 ferocius
765 606 945 692 adequitare
955 603 1117 676 Samni-4

63 725 98 769 es
118 700 203 768 vallo
224 722 327 786 neque
344 699 444 767 otium
464 700 541 787 pati,
577 704 608 766 et
630 721 702 766 cum
723 699 788 766 iam
808 721 906 787 prope
927 701 961 767 in
982 698 1081 788 portis

63 805 227 864 astrorum
250 805 334 862 esset
354 794 469 874 hostis,
493 793 571 859 nihil
593 795 737 861 consulto
759 795 910 862 dictatore
931 795 1083 884 magister

63 892 195 978 :quitum
214 889 254 974 Q.
264 887 380 957 Aulius
396 887 586 958 Cerretanus
604 912 720 978 magno
738 890 874 956 tumultu
891 912 965 957 cum
982 890 1083 956 omni-

63 1009 113 1053 ·us
134 986 247 1052 turmis
270 985 410 1072 equitum
432 995 559 1052 evectus
587 985 758 1052 summovit
782 985 915 1053 hostem.
955 995 1024 1050 tum
1048 984 1117 1055 ino

63 1080 182 1146 ninime
198 1079 350 1166 pertinaci
366 1102 482 1168 genere
499 1102 625 1168 pugnae
639 1081 685 1146 sic
699 1080 824 1146 fortuna
841 1079 980 1146 exercuit
993 1099 1081 1166 opes,

63 1186 84 1241 ιι
101 1173 239 1262 insignis
260 1174 417 1259 utrimque
439 1174 544 1241 clades
563 1184 595 1241 et
612 1175 696 1241 clara
717 1175 857 1261 ipsorum
874 1175 992 1240 ducum
1009 1173 1083 1239 ede-
1107 1241 1115 1253 ‚

64 1280 98 1336 et
116 1268 238 1334 funera.
269 1269 355 1356 prior
365 1267 554 1336 Samnitium
570 1269 740 1356 imperator
757 1290 851 1358 aegre
867 1269 1000 1356 patiens,
1018 1289 1081 1353 quo
1100 1279 1115 1327 6

64 1387 117 1431 am
130 1362 278 1429 semeiter
290 1364 511 1448 adequitasset,
526 1364 599 1430 inde
617 1387 652 1430 se
665 1363 755 1430 fundi
772 1364 948 1453 fugarique,
963 1362 1081 1429 orando

64 1460 269 1546 rortandoque
287 1461 408 1547 equites
425 1460 578 1546 proelium
596 1460 719 1526 iteravit
724 1486 734 1540 ;
760 1460 793 1528 in
811 1482 906 1546 quem
923 1459 1080 1548 insignem
1101 1482 1114 1528 ι

64 1565 133 1622 nter
157 1555 392 1621 suos-cientem
417 1578 557 1643 pugnam
584 1554 735 1642 magister
756 1556 896 1642 equitum
917 1555 1081 1622 Romanus

64 1649 170 1715 nfesta
186 1650 316 1736 cuspide
334 1650 378 1714 ita
394 1649 537 1736 permisit
549 1671 676 1735 equum,
693 1659 730 1715 ut
742 1671 805 1715 uno
822 1650 887 1717 ictu
905 1651 1082 1717 exanimem

64 1766 133 1830 quo
151 1743 380 1830 praecipitaret.
415 1767 488 1824 nec,
507 1753 543 1810 ιιι
564 1743 612 1823 fit,
636 1744 678 1809 ad
699 1744 788 1810 ducis
807 1766 916 1811 casum
936 1743 1082 1830 perculsa

64 1839 155 1926 ragis
174 1860 270 1923 quam
286 1838 412 1905 inritata
429 1847 478 1905 est
494 1837 670 1904 multitudo.
702 1839 804 1904 omnis
822 1838 876 1925 qui
894 1838 977 1904 eirca
994 1845 1082 1903 erant
1099 1853 1115 1903 8

65 1931 236 2011 rAulium,
252 1942 368 2000 temere
385 1933 545 2000 invectum
561 1954 619 2021 per
630 1932 769 2000 hostiurn
787 1941 916 2013 turmas,
931 1932 994 1999 tela
1007 1954 1082 1999 oon-

65 2036 206 2095 ecerunt:
228 2028 317 2117 fratri
333 2029 537 2117 praecipuum
555 2030 651 2097 decus
669 2028 727 2095 ulti
741 2026 931 2097 Samnitium
947 2027 1083 2116 impera·
1100 2043 1115 2093 e

65 2123 129 2190 oris
147 2123 309 2190 dederunt.
340 2124 368 2190 is
386 2124 538 2212 victorem
556 2124 730 2189 detractum
743 2147 784 2190 ex
797 2146 878 2209 equo
895 2125 1083 2212 magistrum

65 2217 195 2305 quitum
211 2216 323 2304 plenum
338 2219 488 2285 maeroris
502 2226 595 2303 atque
608 2219 674 2283 irae
687 2217 861 2296 trucidavit,
875 2239 934 2283 nec
948 2217 1082 2282 multum

65 2312 141 2393 frn't,
156 2313 233 2397 quin
247 2334 376 2399 corpore
393 2314 497 2392 etiam,
517 2310 591 2398 quia
607 2312 688 2378 inter
704 2311 828 2378 hostilia
846 2311 1001 2378 ceciderat
1017 2319 1083 2376 tur-
1192 2394 1198 2403 ἰ

65 2429 131 2486 nas,
143 2403 303 2474 Samnites
320 2408 503 2493 potirentur.
531 2407 589 2473 sed
606 2406 763 2493 extemplo
777 2405 817 2471 ad
834 2405 932 2493 pedes
950 2404 1082 2471 descen·
1100 2420 1133 2469 10

66 2522 125 2567 um
141 2499 183 2568 ab
200 2500 353 2567 Romanis
371 2510 429 2582 est,
448 2501 610 2586 coactique
627 2501 711 2566 idem
725 2497 885 2567 Samnites
903 2497 1017 2564 facere.
1050 2507 1083 2564 et

65 2594 215 2683 epentina
237 2596 321 2662 acies
348 2596 431 2662 circa
456 2618 587 2684 corpora
613 2595 730 2662 ducum
755 2594 902 2682 pedestre
926 2592 1082 2681 proelium

65 2692 134 2771 niit,
153 2714 217 2778 quo
234 2692 320 2758 haud
337 2692 433 2759 dubie
451 2702 578 2781 superat
594 2691 775 2759 Romanusr
800 2698 1081 2779 recuperatumque

66 2785 130 2852 tuti
148 2807 263 2874 corpus
286 2787 387 2853 mixta
408 2808 481 2853 cum
504 2786 611 2854 dolore
633 2787 752 2854 laetitia
772 2787 907 2853 victores
927 2786 961 2852 in
979 2793 1082 2852 castra

66 2879 201 2946 eferunt
230 2877 388 2947 Samnites
407 2882 487 2948 duce
505 2883 621 2949 amisso
639 2891 671 2947 et
687 2904 745 2969 per
762 2892 906 2969 equestre
924 2888 1084 2948 certamen
1101 2902 1131 2950 11

66 2973 213 3060 emptatis
234 2974 354 3042 viribus
376 2975 495 3043 omissa
518 2972 672 3053 Saticula,
696 2997 792 3060 quam
814 2976 1004 3061 nequiquam
1027 2975 1082 3041 de-

66 3066 139 3133 'endi
156 3065 318 3148 rebantur,
338 3069 379 3136 ad
395 3068 544 3135 Plisticae
562 3066 758 3135 obsidionem
774 3067 907 3134 redeunt
895 3068 1130 3152 t,intraque

66 3180 173 3228 raucos
190 3161 258 3229 dies
269 3160 411 3230 Saticula
418 3163 583 3231 Romanus
596 3183 654 3250 per
665 3160 865 3293 deditionem,
879 3115 1011 3226 Plistica
1024 3182 1082 3246 per

66 3255 118 3322 im
138 3253 267 3324 Samnis
284 3258 412 3344 potitur

115 3348 255 3417 xxm
285 3351 412 3419 Mutata
435 3352 510 3419 inde
535 3348 612 3418 heth·
637 3350 721 3418 sedis
743 3359 810 3429 est3
841 3349 882 3415 ad
904 3345 1018 3416 Soram
1040 3366 1113 3415 exr

66 3442 187 3511 lemnio
203 3443 385 3533 Apuliaque
403 3447 564 3514 traductae
580 3444 731 3534 legiones.
764 3442 845 3512 Sora
861 3444 903 3510 ad
921 3440 1080 3511 Samnites
1098 3458 1114 3506 a

67 3539 213 3608 lesacerat
233 3541 406 3610 interfectis
424 3539 543 3609 colonis
560 3539 786 3608 Romanorum.
821 3560 885 3623 quo
902 3560 974 3605 cum
996 3539 1082 3625 prior

67 3634 219 3703 tamarum
232 3637 387 3704 exercitus
405 3638 446 3703 ad
463 3634 675 3703 ulciscendam
692 3634 808 3701 civium
824 3655 935 3699 necem
952 3655 1081 3719 recupe-

67 3729 247 3817 andamtque
260 3729 416 3800 coloniam
428 3730 552 3819 magnis
564 3727 727 3796 itineribus
740 3727 962 3816 praevenisset,
977 3725 1080 3813 sparsi
1098 3739 1113 3787 3

67 3844 109 3891 rer
125 3823 197 3893 vias
221 3825 433 3915 speculatores
455 3847 545 3911 sequr
533 3823 705 3937 legiones
725 3821 914 3890 Samnitium
935 3841 994 3885 nec
1015 3820 1079 3883 iam

67 3916 163 3986 rocnl
175 3919 288 3989 abesse
300 3921 354 3988 alii
367 3941 463 4009 super
474 3919 553 3988 alios
567 3918 753 4015 nuntiarent,
767 3914 914 3984 obviam
904 3924 982 3980 rtum
995 3911 1077 3978 host
1056 3921 1080 3978 tr
1097 3926 1113 3973 4

67 4025 148 4103 tque
171 4016 212 4082 ad
234 4017 323 4084 Laut
322 4017 392 4084 ulas
415 4014 543 4106 ancipiti
567 4003 686 4129 proelio
709 4013 837 4079 dimicat
824 4021 891 4078 tum
917 4019 1080 4077 estnon

104 4132 181 4179 aar
182 4133 240 4179 0.u1
874 4110 909 4166 80
