2566 4524
223 215 289 283 524
432 240 435 245 ·
495 227 614 282 ulans
630 227 672 298 x,
689 226 731 282 at.
745 228 787 284 as.
807 226 991 299 [aucus]

222 386 304 453 nites
323 386 363 471 Q.
382 385 501 454 Fabius
523 386 657 471 primam
679 407 716 451 ac
738 385 861 451 tertiam
883 385 1043 473 legionem
1063 408 1121 473 pro
1142 386 1235 455 dextro

223 502 334 559 cornu,
357 480 508 555 adversus
536 476 647 546 Gallos
672 501 730 566 pro
758 478 883 546 sinistro
904 478 1029 545 Decius
1055 480 1237 565 quintamet

173 597 204 649 11
224 585 346 642 sextam
372 575 527 641 instruxit.
568 575 707 640 secunda
732 584 764 639 et
789 582 901 659 quarta
926 595 1001 640 cum
1022 574 1065 640 L.
1083 572 1239 641 Volumnio

222 671 410 757 proconsule
431 670 465 734 in
488 666 619 735 Samnio
644 667 774 756 genebat
799 667 927 735 bellum.
971 668 1075 755 primo
1101 688 1239 736 conamen

223 767 303 832 adeo
320 765 429 850 aequis
447 762 567 830 viribus
585 774 744 851 gestares
762 772 819 842 est,
834 771 878 841 ut,
894 762 922 829 si
939 762 1120 830 adfuissent
1126 761 1239 829 Etrusci

225 868 256 925 et
273 857 403 938 Umbri,
426 858 531 924 autin
548 859 615 924 acie
633 867 687 924 aut
709 856 871 923 incastris
889 879 1093 943 quocumque
1112 881 1147 926 se
1165 856 1239 925 incli-

224 965 353 1020 nassent
370 954 552 1039 accipienda
570 953 676 1020 clades
693 952 798 1019 fuerit.

190 1073 204 1121 1
287 1047 456 1115 XXVIII.
481 1047 631 1115 Ceterum
648 1068 839 1132 quamquam
858 1047 1036 1115 communis
1052 1046 1239 1115 adhucllarc

223 1141 298 1209 belli
319 1152 386 1209 erat
406 1143 543 1209 necdum
565 1141 733 1207 discrimen
755 1141 882 1207 fortuna
903 1141 1037 1221 fecerat,
1060 1164 1126 1227 qua
1146 1142 1240 1207 datura

224 1237 308 1303 vires
327 1247 425 1316 esset,
447 1237 693 1322 haudquaquam
715 1235 826 1302 similis
843 1258 952 1323 pugne
968 1236 1004 1302 in
1021 1237 1135 1304 dextro
1151 1237 1240 1302 laevo·

188 1354 285 1418 aque
311 1354 409 1400 cornu
430 1342 505 1399 erat
545 1331 682 1398 Romani
707 1332 793 1418 apud
813 1330 951 1398 Fabium
976 1332 1130 1399 arcebant
1153 1330 1239 1418 magia

222 1449 318 1512 quam
339 1426 515 1494 inferebant
536 1448 691 1514 pugnam,
715 1425 998 1510 extrahebaturque
1021 1428 1054 1492 in
1072 1449 1168 1512 quam
1185 1448 1240 1491 ma-

187 1523 306 1596 axime
325 1543 429 1589 serum
447 1521 510 1588 diei
527 1530 697 1600 certamen,
720 1521 856 1606 quisita
875 1541 1066 1607 persuasum
1089 1530 1156 1587 erat
1170 1517 1240 1597 dud,

222 1625 254 1682 et
277 1614 436 1683 Samnites
459 1625 490 1682 et
513 1614 624 1683 Gallos
649 1616 751 1703 primo
772 1616 893 1702 impetu
914 1615 1038 1682 feroces
1065 1637 1153 1695 esse,
1173 1634 1240 1699 quos

223 1711 370 1778 sustineri
384 1712 460 1778 satis
473 1713 528 1790 sit3
546 1711 687 1799 longiore
701 1711 869 1777 certamine
883 1711 1001 1778 sensim
1014 1711 1155 1779 residere
1163 1707 1240 1778 Sam·

187 1826 205 1875 4
222 1806 334 1871 nitium
352 1806 483 1884 animos,
499 1803 664 1872 Gallorum
681 1806 808 1891 quidem
826 1805 921 1872 etiam
939 1826 1073 1892 corpora
1090 1805 1241 1871 intoleran-

222 1900 345 1967 tissima
366 1900 483 1967 laboris
506 1910 600 1984 atque
622 1909 728 1966 aestus
751 1900 848 1965 fluere
865 1900 1029 1985 primaque
1045 1901 1168 1986 proelia
1181 1898 1240 1987 plus

222 2016 318 2080 quam
339 1996 491 2072 virorum,
519 2003 678 2080 postrema
703 1994 808 2060 minus
833 2016 930 2079 quam
955 1993 1150 2061 feminarum
1174 2013 1239 2060 esse.

187 2088 254 2157 sin
274 2089 308 2153 id
325 2097 449 2175 tempus
471 2088 581 2175 igitur,
599 2110 662 2174 quo
679 2089 770 2156 vinci·
781 2089 902 2155 solebat
922 2089 1039 2168 hostis,
1063 2111 1162 2175 quam
1176 2088 1241 2154 intc-

189 2204 205 2253 o
222 2205 385 2270 gerrumas
407 2184 490 2250 vires
508 2183 599 2249 militi
617 2183 772 2250 servabat.
808 2183 942 2250 ferocior
955 2182 1083 2252 Decius
1104 2194 1138 2251 et
1155 2192 1240 2251 astuta

221 2286 254 2343 ot
270 2277 380 2365 vigore
398 2278 494 2344 animi
515 2287 803 2363 quantumcumque
821 2278 934 2343 virium
950 2277 1065 2345 habuit
1087 2279 1240 2346 certamino

220 2373 321 2458 primo
340 2372 460 2438 effudit.
496 2383 526 2438 et
544 2373 619 2458 quia
639 2373 750 2437 lentior
770 2371 935 2440 videbatur
955 2373 1117 2459 pedestris
1139 2395 1239 2462 pugna

187 2489 202 2536 t
221 2466 393 2551 equitatum
410 2467 444 2530 in
460 2489 600 2554 pugnam
614 2467 748 2532 concitat
761 2475 792 2532 et
809 2466 877 2553 ipse
894 2467 1090 2534 fortissimae
1108 2470 1239 2536 iuvenum

221 2572 341 2626 turmae
362 2561 513 2626 inmixtus
536 2571 604 2626 orat
628 2583 772 2648 proceres
794 2561 979 2639 iuventutis,
1007 2563 1041 2627 in
1069 2562 1193 2630 hostem
1213 2570 1239 2626 ut

222 2677 330 2721 secum
347 2657 499 2741 impetum
517 2656 648 2720 faciant:
668 2655 824 2741 duplicem
841 2655 966 2720 illorum
985 2657 1124 2743 gloriam
1137 2654 1239 2734 forari

186 2775 202 2823 a
221 2748 261 2816 ab
279 2751 369 2815 laevo
388 2771 484 2815 cornu
503 2759 534 2814 et
551 2749 591 2815 ab
610 2751 714 2834 equite
731 2750 861 2816 victoria
877 2750 1016 2835 incipiat.
1044 2752 1098 2819 bis
1117 2761 1239 2819 avertero

222 2841 380 2909 Gallicum
399 2843 581 2926 equitatum.
616 2845 730 2910 iterum
747 2844 873 2932 longius
891 2856 1019 2912 evectos
1038 2858 1073 2912 et
1094 2848 1158 2914 iam
1173 2848 1240 2913 inter

220 2938 325 3002 media
352 2938 493 3023 equitum
514 2940 642 3027 agmina
667 2940 822 3026 proelium
843 2941 961 3006 cientes
984 2963 1110 3009 novum
1130 2959 1239 3030 pugnat

185 3033 389 3101 aconterruit
414 3056 528 3120 genus:
564 3034 684 3099 essedis
711 3035 869 3119 canisque
897 3045 1089 3120 superstans
1116 3045 1238 3103 mmatuc

219 3127 320 3193 hostis
342 3128 463 3214 ingenti
485 3124 588 3194 sonitu
611 3151 762 3214 equorum
783 3139 984 3213 rotarumque
1006 3131 1140 3198 advenit
1156 3140 1185 3197 et
1202 3129 1239 3194 in·

167 3241 201 3292 10
221 3222 328 3289 solitos
355 3223 424 3288 eius
451 3223 602 3289 tumultus
624 3223 839 3289 Romanorum
865 3225 1037 3290 conterruit
1066 3248 1175 3312 equos.
1203 3224 1238 3289 ia

217 3317 369 3383 victorem
382 3317 554 3402 equitatum
566 3318 653 3383 velut
669 3318 879 3404 lymphaticus
892 3341 994 3405 pavor
1007 3320 1159 3409 dissipat3
1175 3328 1238 3386 ster·

56 3471 59 3476 .
168 3410 264 3479 11nit
284 3411 358 3476 inde
380 3422 506 3477 ruentes
528 3434 626 3496 equos
644 3412 791 3496 virosque
813 3412 979 3497 inprovida
1001 3414 1095 3502 fuga.
1131 3413 1238 3481 rubea

217 3503 292 3569 hinc
314 3505 408 3571 etiam
431 3507 522 3593 signa
542 3507 701 3594 legionum
724 3508 875 3592 multique
896 3507 1020 3594 impetu
1042 3532 1195 3596 equorum
1208 3526 1237 3572 ac

217 3597 432 3665 vehiculorum
454 3611 615 3688 raptorum
636 3624 693 3688 per
715 3625 829 3689 agmen
846 3601 952 3668 obtriti
974 3604 1184 3694 antesignani.
1212 3608 1237 3665 ct

216 3693 373 3773 insecuta,
393 3695 486 3760 sirnul
504 3697 627 3762 territos
645 3697 752 3762 hostes
770 3697 862 3776 vidit,
883 3693 1010 3764 Gallica
1027 3700 1116 3767 acies
1133 3697 1236 3766 nullum

166 3809 199 3859 12
217 3789 353 3876 spatium
370 3789 543 3876 respirandi
560 3791 792 3877 recipiendique
811 3812 845 3856 se
863 3791 958 3858 dedit.
991 3795 1167 3861 vociferare
1180 3790 1237 3857 De·

216 3885 298 3963 cius,
321 3905 385 3969 quo
407 3885 554 3971 fugerent
576 3907 710 3970 quamve
732 3885 765 3950 in
786 3885 865 3972 fuga
886 3908 978 3973 spem
1004 3883 1236 3966 haberent,·ob-

216 3979 326 4045 sistere
348 3979 530 4046 cedentibus
549 4001 587 4046 ac
603 4001 750 4047 revocare
772 3979 876 4060 fusos,
900 3981 1033 4062 deinde,
1056 3994 1094 4051 ut
1115 3975 1233 4050 nudavi
