2566 4524
264 270 385 327 mnan
399 269 473 342 nn,
490 267 591 326 cass.
612 267 855 342 [acra-roa]
1011 260 1075 326 243

59 453 159 517 resque
169 427 371 506 testantibus,
387 426 541 512 quidquid
553 425 594 493 ab
603 427 747 493 hostibus
761 427 858 494 cladis
871 429 1076 516 ignominiae·

59 551 103 612 que
120 534 176 592 aut
192 525 258 589 iam
275 531 439 608 acceptum
457 531 541 588 esset
558 530 612 586 ant
628 521 808 601 inmineret,
835 524 959 611 culpam
975 548 1074 613 penas

59 621 230 688 llcnenium
247 618 329 696 fore,
357 617 411 700 qui
428 615 577 680 dilectum
593 615 772 703 impediret;
799 617 949 684 Menenio
967 629 1076 685 contra
1094 642 1109 691 c

59 717 249 792 moderante,
278 712 306 779 si
322 711 432 776 iniusti
447 711 566 776 domini
582 711 785 797 possessione
802 713 871 800 agri
887 713 1006 799 publici
1024 736 1075 781 ce-

59 812 163 889 lerent,
189 832 226 874 se
242 829 364 872 moram
382 805 509 870 dilectui
525 828 590 870 non
606 805 724 871 facere:
747 807 872 872 decreto
889 808 1074 895 interposito

59 927 157 971 iovem
170 902 289 968 tribuni
303 901 496 966 sustulerunt
509 908 666 964 certamen
679 901 1019 986 pronuntiaveruntque
1033 925 1073 968 ex
1092 924 1107 971 r

59 999 168 1086 allegii
187 996 355 1073 sententia,
383 990 422 1060 C.
439 992 567 1059 Valerio
585 994 708 1060 consuli
724 1017 773 1074 se,
800 995 951 1061 damnum
967 997 1076 1062 aliam-

59 1118 105 1180 [ue
118 1092 339 1160 coercitionem
353 1089 504 1154 adversus
516 1089 773 1155 intercessionem
787 1091 925 1177 collegae
943 1091 1076 1156 dilectus

59 1213 141 1255 ausa
166 1183 412 1252 detractantibus
438 1183 582 1248 militiam
606 1182 773 1263 inhibenti‚
805 1185 923 1250 auxilio
952 1185 1076 1250 futuros
1111 1256 1116 1268 Α

59 1306 130 1349 asse.
163 1282 222 1347 hoc
241 1281 365 1345 decreto
383 1278 493 1344 consul
510 1289 648 1344 armatus
667 1302 739 1344 cum
760 1280 870 1366 paucis
893 1280 1078 1367 appellanti·
1095 1298 1111 1347 8

59 1401 108 1443 ›us
125 1376 284 1444 tribunum
302 1374 417 1440 collum
435 1373 587 1451 torsisset,
606 1383 692 1439 metu
710 1375 805 1439 ceteri
823 1384 1017 1440 sacramento
1031 1375 1080 1440 di-

59 1494 130 1538 sere.
156 1472 272 1536 ductus
287 1469 442 1534 exercitus
457 1469 498 1533 ad
508 1466 740 1551 Carventanam
754 1491 868 1548 arcem,
886 1491 1079 1555 quamquam
1096 1488 1110 1537 9

59 1567 166 1631 nvisus
183 1564 382 1648 infestusque
400 1562 521 1628 consuli
538 1572 618 1641 erat,
641 1563 763 1651 inpigre
779 1565 881 1652 primo
900 1566 1005 1630 statim
1023 1566 1080 1632 ad·

59 1670 143 1726 ventu
159 1659 290 1724 deiectis
308 1658 364 1742 qui
380 1657 414 1723 in
430 1657 587 1743 praesidio
605 1668 702 1736 erant,
721 1680 825 1724 arcem
842 1661 969 1746 recepit,
987 1682 1079 1747 prae-

59 1756 171 1822 latores
190 1777 230 1820 ex
247 1753 404 1840 praesidio
420 1775 477 1838 per
493 1752 724 1839 neglegentiam
743 1753 857 1839 dilapsi
879 1755 1076 1820 occasionem

59 1871 198 1938 peracre
215 1849 257 1912 ad
272 1847 494 1912 invadendum.
530 1846 664 1932 praedae
683 1869 724 1912 ex
740 1847 881 1913 adsiduis
902 1849 1079 1935 populatio-
1096 1869 1129 1916 10

59 1944 155 2023 ibus,
182 1943 270 2027 quod
286 1941 391 2008 omnia
411 1941 445 2005 in
465 1941 569 2006 locum
592 1951 694 2007 tutum
716 1952 867 2030 congesta
889 1953 989 2022 erant,
1017 1944 1078 2009 fuit

59 2041 252 2126 liquantum.
288 2037 449 2102 venditum
467 2036 526 2102 sub
544 2037 636 2103 hasta
652 2038 762 2104 consul
778 2039 812 2103 in
829 2040 984 2105 aerarium
996 2040 1079 2105 redi-

59 2159 119 2224 gere
137 2143 323 2221 quaestores
339 2132 440 2211 iussit,
460 2141 527 2196 tum
544 2132 728 2217 praedicans
746 2134 929 2221 participem
942 2135 1077 2220 praedae

59 2234 112 2298 'ore
131 2228 317 2305 exercitum,
335 2249 407 2292 cum
424 2226 567 2291 militiam
584 2249 648 2292 non
665 2227 836 2292 abnuisset
876 2238 985 2293 auctae
1003 2229 1076 2293 inde
1097 2248 1128 2296 11

59 2325 148 2392 labis
166 2345 206 2389 ac
222 2322 356 2386 militum
372 2321 407 2385 in
423 2321 585 2385 consulem
602 2320 676 2385 irae
712 2321 818 2405 itaque
836 2345 908 2386 cum
931 2345 971 2386 ex
989 2345 1079 2387 sena-

59 2440 93 2488 us
113 2418 262 2486 consulto
279 2415 388 2483 urbem
406 2438 505 2481 ovans
523 2415 677 2494 introiret,
697 2415 824 2481 alternis
842 2415 994 2481 inconditi
1010 2436 1081 2480 ver-

59 2512 239 2581 usmilitari
248 2511 372 2576 licentia
380 2510 494 2588 iactati,
513 2508 628 2593 quibus
638 2509 748 2575 consul
756 2510 937 2596 increpitus,
950 2509 1081 2574 Meneni
1100 2529 1131 2577 12

59 2608 170 2675 celebre
187 2629 303 2672 nomen
320 2605 467 2671 laudibus
488 2604 562 2683 fuit,
591 2627 662 2670 cum
680 2605 721 2670 ad
743 2627 868 2670 omnem
889 2605 1081 2670 mentionem

59 2702 165 2770 ribnni
186 2702 281 2767 favor
302 2700 531 2765 circumstantis
553 2699 662 2786 populi
687 2699 864 2785 plausuque
886 2709 917 2765 et
943 2701 1081 2765 adsensu

59 2822 120 2865 mm
137 2796 272 2863 vocibus
290 2794 424 2860 militum
442 2803 582 2859 certaret.
608 2793 744 2881 plusque
758 2817 797 2860 ea
808 2817 859 2860 res
873 2818 968 2881 quam
981 2816 1079 2882 prope
1098 2814 1129 2862 13

59 2891 210 2960 ullemnis
228 2889 362 2954 militum
379 2888 510 2954 lascivia
526 2887 559 2952 in
577 2888 737 2953 consulem
760 2911 852 2954 curae
874 2889 1015 2977 patribus
1033 2890 1082 2954 in·

59 2989 130 3066 ecit,
150 2995 183 3051 et
195 2995 357 3069 tamquam
370 2983 448 3048 baut
459 2982 574 3048 dubius
587 2982 668 3048 inter
680 2982 822 3049 tribunos
831 2985 966 3049 militum
978 2984 1079 3050 honos

59 3080 193 3157 benoni,
209 3079 238 3145 si
254 3087 384 3164 peteret,
403 3076 619 3142 consularibus
638 3077 771 3142 comitiis
790 3089 838 3142 est
856 3078 1014 3143 exclusus.

116 3172 229 3239 LllII.
253 3171 360 3238 Oresti
378 3171 523 3236 consules
542 3180 615 3236 sunt
629 3169 690 3237 Cn.
705 3169 872 3236 Cornelius
887 3169 1020 3248 Cossus,
1037 3170 1080 3235 L.
1101 3191 1113 3237 1

59 3265 166 3334 larius
188 3265 385 3332 Medullinus
406 3265 527 3331 iterum.
562 3288 628 3331 non
650 3265 727 3330 alias
750 3265 875 3352 aegrius
897 3263 989 3350 plebs
1011 3263 1081 3330 tulit
1100 3285 1115 3331 2

59 3363 219 3430 sibunicia
236 3361 361 3426 comitia
379 3360 439 3426 sibi
456 3384 520 3425 non
537 3360 715 3426 commissa.
743 3383 816 3425 eum
833 3359 973 3425 dolorem
985 3380 1082 3444 quae-

59 3460 155 3527 ttcriis
175 3457 310 3524 comitiis
325 3455 418 3520 simul
431 3455 567 3521 ostendit
580 3465 612 3520 et
624 3456 690 3519 ulta
704 3465 761 3534 est,
780 3464 855 3520 tuuc
867 3455 1003 3542 primum
1016 3455 1083 3542 ple-

59 3556 130 3621 aiis
148 3551 370 3638 quaestoribus
389 3551 514 3628 creatis,
536 3550 582 3615 ita
598 3550 682 3614 utin
700 3559 846 3634 quattuor
868 3550 1009 3615 creandis
1028 3550 1083 3615 uni
1101 3569 1116 3618 3

59 3649 186 3729 ¹tutricio
202 3647 248 3711 Κ.
266 3644 367 3712 Fabio
385 3644 545 3710 Ambusto
562 3644 789 3728 relinqueretur
810 3645 912 3723 locus,
937 3655 999 3710 tres
1017 3644 1084 3731 ple-

59 3746 110 3811 teii
131 3741 175 3826 Q
187 3739 296 3818 Silius,
314 3739 352 3804 P.
362 3737 485 3817 Aelius,
503 3739 541 3804 P.
554 3738 676 3826 Pupius
695 3738 937 3805 clarissimarum
950 3739 1084 3805 familia—

59 3857 120 3906 um
144 3834 317 3904 iuvenibus
337 3834 576 3920 praeferrentur.
617 3843 759 3900 auctores
782 3835 883 3901 fuisse
908 3845 973 3900 tam
994 3833 1119 3900 liberis

59 3933 169 4022 lopulo
193 3929 327 4017 suffragi
343 3928 448 3995 Icilios
471 3927 592 4014 accipio
612 3966 654 3977 -
677 3951 718 3994 ex
739 3929 859 3996 familia
879 3927 1086 3994 infestissima

59 4028 197 4098 aeribus
219 4035 283 4091 tres
305 4025 341 4090 ia
355 4042 428 4090 eum
449 4047 566 4091 annum
584 4022 845 4112 tribunusplebis
868 4032 997 4102 creatos,
1023 4019 1084 4107 (hi)

862 4124 914 4177 16·
