<?xml version="1.0" encoding="UTF-8"?>
<!DOCTYPE html PUBLIC "-//W3C//DTD XHTML 1.0 Transitional//EN"
    "http://www.w3.org/TR/xhtml1/DTD/xhtml1-transitional.dtd">
<html xmlns="http://www.w3.org/1999/xhtml" xml:lang="en" lang="en">
 <head>
  <title>
</title>
<meta http-equiv="Content-Type" content="text/html;charset=utf-8" />
  <meta name='ocr-system' content='tesseract 3.04.00' />
  <meta name='ocr-capabilities' content='ocr_page ocr_carea ocr_par ocr_line ocrx_word'/>
</head>
<body>
  <div class='ocr_page' id='page_1' title='image "./titiliviaburbec01weisgoog_0224.png"; bbox 0 0 2566 4524; ppageno 0'>
   <div class='ocr_carea' id='block_1_1' title="bbox 344 254 1100 338">
    <p class='ocr_par' dir='ltr' id='par_1_1' title="bbox 344 254 1100 338">
     <span class='ocr_line' id='line_1_1' title="bbox 344 254 1100 338; baseline -0.004 -15"><span class='ocrx_word' id='word_1_1' title='bbox 344 267 463 323; x_wconf 74' lang='lat' dir='ltr'>musa</span> <span class='ocrx_word' id='word_1_2' title='bbox 480 266 538 337; x_wconf 81' lang='lat' dir='ltr'>ur,</span> <span class='ocrx_word' id='word_1_3' title='bbox 557 265 654 322; x_wconf 73' lang='lat'>1213.</span> <span class='ocrx_word' id='word_1_4' title='bbox 674 270 712 338; x_wconf 75' lang='lat' dir='ltr'>[a.</span> <span class='ocrx_word' id='word_1_5' title='bbox 722 264 753 335; x_wconf 67' lang='lat' dir='ltr'>o,</span> <span class='ocrx_word' id='word_1_6' title='bbox 762 267 825 336; x_wconf 83' lang='lat'>461]</span> <span class='ocrx_word' id='word_1_7' title='bbox 1039 254 1100 320; x_wconf 80' lang='lat'>137</span> 
     </span>
    </p>
   </div>
   <div class='ocr_carea' id='block_1_2' title="bbox 77 423 1136 4092">
    <p class='ocr_par' dir='ltr' id='par_1_2' title="bbox 77 423 1136 2389">
     <span class='ocr_line' id='line_1_2' title="bbox 77 423 1136 511; baseline -0.001 -18"><span class='ocrx_word' id='word_1_8' title='bbox 77 427 202 493; x_wconf 75' lang='lat' dir='ltr'>ailitem</span> <span class='ocrx_word' id='word_1_9' title='bbox 220 425 335 503; x_wconf 85' lang='lat' dir='ltr'>fuisse,</span> <span class='ocrx_word' id='word_1_10' title='bbox 354 447 389 489; x_wconf 92' lang='lat' dir='ltr'>se</span> <span class='ocrx_word' id='word_1_11' title='bbox 407 447 502 509; x_wconf 82' lang='lat' dir='ltr'>saepe</span> <span class='ocrx_word' id='word_1_12' title='bbox 518 424 643 489; x_wconf 88' lang='lat' dir='ltr'>vidente</span> <span class='ocrx_word' id='word_1_13' title='bbox 661 446 821 511; x_wconf 84' lang='lat' dir='ltr'>pugnasse</span> <span class='ocrx_word' id='word_1_14' title='bbox 838 424 872 487; x_wconf 92' lang='lat' dir='ltr'>in</span> <span class='ocrx_word' id='word_1_15' title='bbox 884 423 1022 503; x_wconf 89' lang='lat' dir='ltr'>hostem;</span> <span class='ocrx_word' id='word_1_16' title='bbox 1042 423 1098 510; x_wconf 87' lang='lat' dir='ltr'>Sp.</span> <span class='ocrx_word' id='word_1_17' title='bbox 1117 447 1136 492; x_wconf 84' lang='lat'>4</span> 
     </span>
     <span class='ocr_line' id='line_1_3' title="bbox 77 516 1099 604; baseline -0.004 -17"><span class='ocrx_word' id='word_1_18' title='bbox 77 521 199 598; x_wconf 64' lang='lat' dir='ltr'>durius,</span> <span class='ocrx_word' id='word_1_19' title='bbox 218 520 352 584; x_wconf 91' lang='lat' dir='ltr'>missum</span> <span class='ocrx_word' id='word_1_20' title='bbox 366 517 405 583; x_wconf 89' lang='lat' dir='ltr'>ab</span> <span class='ocrx_word' id='word_1_21' title='bbox 420 517 568 601; x_wconf 84' lang='lat' dir='ltr'>Quinctio</span> <span class='ocrx_word' id='word_1_22' title='bbox 583 516 759 604; x_wconf 87' lang='lat' dir='ltr'>Capitolino</span> <span class='ocrx_word' id='word_1_23' title='bbox 779 517 838 583; x_wconf 90' lang='lat' dir='ltr'>sibi</span> <span class='ocrx_word' id='word_1_24' title='bbox 856 541 929 582; x_wconf 90' lang='lat' dir='ltr'>eum</span> <span class='ocrx_word' id='word_1_25' title='bbox 946 519 979 582; x_wconf 93' lang='lat' dir='ltr'>in</span> <span class='ocrx_word' id='word_1_26' title='bbox 997 517 1099 584; x_wconf 90' lang='lat' dir='ltr'>dubiis</span> 
     </span>
     <span class='ocr_line' id='line_1_4' title="bbox 79 612 1099 692; baseline -0.004 -12"><span class='ocrx_word' id='word_1_27' title='bbox 79 616 132 680; x_wconf 87' lang='lat' dir='ltr'>uis</span> <span class='ocrx_word' id='word_1_28' title='bbox 150 613 250 679; x_wconf 90' lang='lat' dir='ltr'>rebus</span> <span class='ocrx_word' id='word_1_29' title='bbox 268 613 394 678; x_wconf 86' lang='lat' dir='ltr'>venisse</span> <span class='ocrx_word' id='word_1_30' title='bbox 417 612 571 678; x_wconf 86' lang='lat' dir='ltr'>subsidio:</span> <span class='ocrx_word' id='word_1_31' title='bbox 597 612 756 677; x_wconf 89' lang='lat' dir='ltr'>neminem</span> <span class='ocrx_word' id='word_1_32' title='bbox 777 635 876 676; x_wconf 93' lang='lat' dir='ltr'>unum</span> <span class='ocrx_word' id='word_1_33' title='bbox 898 634 982 692; x_wconf 90' lang='lat' dir='ltr'>esse,</span> <span class='ocrx_word' id='word_1_34' title='bbox 1010 612 1099 676; x_wconf 86' lang='lat' dir='ltr'>euius</span> 
     </span>
     <span class='ocr_line' id='line_1_5' title="bbox 77 706 1134 796; baseline 0.001 -23"><span class='ocrx_word' id='word_1_35' title='bbox 77 709 169 796; x_wconf 84' lang='lat' dir='ltr'>uagis</span> <span class='ocrx_word' id='word_1_36' title='bbox 188 730 286 794; x_wconf 90' lang='lat' dir='ltr'>opera</span> <span class='ocrx_word' id='word_1_37' title='bbox 302 716 391 793; x_wconf 89' lang='lat' dir='ltr'>putet</span> <span class='ocrx_word' id='word_1_38' title='bbox 407 729 474 770; x_wconf 92' lang='lat' dir='ltr'>rem</span> <span class='ocrx_word' id='word_1_39' title='bbox 495 707 679 772; x_wconf 79' lang='lat' dir='ltr'>restitutam.</span> <span class='ocrx_word' id='word_1_40' title='bbox 723 707 764 771; x_wconf 91' lang='lat' dir='ltr'>L.</span> <span class='ocrx_word' id='word_1_41' title='bbox 783 706 966 786; x_wconf 85' lang='lat' dir='ltr'>Lucretius,</span> <span class='ocrx_word' id='word_1_42' title='bbox 990 706 1100 771; x_wconf 90' lang='lat' dir='ltr'>consul</span> <span class='ocrx_word' id='word_1_43' title='bbox 1117 726 1134 774; x_wconf 83' lang='lat'><strong>5</strong></span> 
     </span>
     <span class='ocr_line' id='line_1_6' title="bbox 77 794 1118 888; baseline -0.001 -21"><span class='ocrx_word' id='word_1_44' title='bbox 77 802 141 867; x_wconf 85' lang='lat' dir='ltr'>mni</span> <span class='ocrx_word' id='word_1_45' title='bbox 156 802 289 888; x_wconf 88' lang='lat' dir='ltr'>prioris,</span> <span class='ocrx_word' id='word_1_46' title='bbox 306 801 424 866; x_wconf 89' lang='lat' dir='ltr'>receuti</span> <span class='ocrx_word' id='word_1_47' title='bbox 440 801 541 887; x_wconf 84' lang='lat' dir='ltr'>gloria</span> <span class='ocrx_word' id='word_1_48' title='bbox 558 801 673 878; x_wconf 90' lang='lat' dir='ltr'>nitens,</span> <span class='ocrx_word' id='word_1_49' title='bbox 694 823 767 865; x_wconf 89' lang='lat' dir='ltr'>suas</span> <span class='ocrx_word' id='word_1_50' title='bbox 786 801 895 866; x_wconf 89' lang='lat' dir='ltr'>laudes</span> <span class='ocrx_word' id='word_1_51' title='bbox 913 794 1118 887; x_wconf 83' lang='lat' dir='ltr'>participare</span> 
     </span>
     <span class='ocr_line' id='line_1_7' title="bbox 77 895 1098 982; baseline 0.003 -25"><span class='ocrx_word' id='word_1_52' title='bbox 77 920 137 961; x_wconf 62' lang='lat' dir='ltr'>zum</span> <span class='ocrx_word' id='word_1_53' title='bbox 153 895 317 973; x_wconf 84' lang='lat' dir='ltr'>Caesone,</span> <span class='ocrx_word' id='word_1_54' title='bbox 336 916 508 960; x_wconf 90' lang='lat' dir='ltr'>memorare</span> <span class='ocrx_word' id='word_1_55' title='bbox 521 917 660 981; x_wconf 84' lang='lat' dir='ltr'>pugnas,</span> <span class='ocrx_word' id='word_1_56' title='bbox 679 895 795 959; x_wconf 80' lang='lat' dir='ltr'>referre</span> <span class='ocrx_word' id='word_1_57' title='bbox 809 896 936 982; x_wconf 83' lang='lat' dir='ltr'>egregia</span> <span class='ocrx_word' id='word_1_58' title='bbox 949 895 1098 973; x_wconf 85' lang='lat' dir='ltr'>facinora,</span> 
     </span>
     <span class='ocr_line' id='line_1_8' title="bbox 77 989 1132 1076; baseline 0 -20"><span class='ocrx_word' id='word_1_59' title='bbox 77 1014 148 1056; x_wconf 68' lang='lat' dir='ltr'>lunc</span> <span class='ocrx_word' id='word_1_60' title='bbox 170 991 207 1054; x_wconf 92' lang='lat' dir='ltr'>in</span> <span class='ocrx_word' id='word_1_61' title='bbox 230 989 479 1076; x_wconf 83' lang='lat' dir='ltr'>expeditionibus</span> <span class='ocrx_word' id='word_1_62' title='bbox 501 990 637 1054; x_wconf 89' lang='lat' dir='ltr'>nuncin</span> <span class='ocrx_word' id='word_1_63' title='bbox 658 990 739 1068; x_wconf 86' lang='lat' dir='ltr'>acie,</span> <span class='ocrx_word' id='word_1_64' title='bbox 763 992 894 1055; x_wconf 89' lang='lat' dir='ltr'>suadere</span> <span class='ocrx_word' id='word_1_65' title='bbox 912 999 943 1054; x_wconf 87' lang='lat' dir='ltr'>et</span> <span class='ocrx_word' id='word_1_66' title='bbox 960 1013 1096 1069; x_wconf 87' lang='lat' dir='ltr'>monere,</span> <span class='ocrx_word' id='word_1_67' title='bbox 1116 1008 1132 1056; x_wconf 83' lang='lat'>6</span> 
     </span>
     <span class='ocr_line' id='line_1_9' title="bbox 77 1084 1099 1171; baseline -0.002 -21"><span class='ocrx_word' id='word_1_68' title='bbox 77 1107 216 1150; x_wconf 89' lang='lat' dir='ltr'>uvenem</span> <span class='ocrx_word' id='word_1_69' title='bbox 235 1085 411 1171; x_wconf 85' lang='lat' dir='ltr'>egregium,</span> <span class='ocrx_word' id='word_1_70' title='bbox 429 1084 616 1148; x_wconf 71' lang='lat' dir='ltr'>nannetum</span> <span class='ocrx_word' id='word_1_71' title='bbox 633 1095 763 1149; x_wconf 88' lang='lat' dir='ltr'>naturae</span> <span class='ocrx_word' id='word_1_72' title='bbox 780 1084 986 1167; x_wconf 83' lang='lat' dir='ltr'>fortunaeque</span> <span class='ocrx_word' id='word_1_73' title='bbox 999 1086 1099 1149; x_wconf 93' lang='lat' dir='ltr'>omni-</span> 
     </span>
     <span class='ocr_line' id='line_1_10' title="bbox 77 1179 1099 1256; baseline -0.002 -12"><span class='ocrx_word' id='word_1_74' title='bbox 77 1202 124 1244; x_wconf 82' lang='lat' dir='ltr'>›us</span> <span class='ocrx_word' id='word_1_75' title='bbox 142 1179 253 1256; x_wconf 89' lang='lat' dir='ltr'>bonis,</span> <span class='ocrx_word' id='word_1_76' title='bbox 277 1179 449 1242; x_wconf 82' lang='lat' dir='ltr'>maximum</span> <span class='ocrx_word' id='word_1_77' title='bbox 467 1186 659 1242; x_wconf 89' lang='lat' dir='ltr'>momentum</span> <span class='ocrx_word' id='word_1_78' title='bbox 678 1200 781 1242; x_wconf 89' lang='lat' dir='ltr'>rerum</span> <span class='ocrx_word' id='word_1_79' title='bbox 804 1179 871 1243; x_wconf 89' lang='lat' dir='ltr'>eius</span> <span class='ocrx_word' id='word_1_80' title='bbox 895 1179 1042 1256; x_wconf 87' lang='lat' dir='ltr'>civitatis,</span> <span class='ocrx_word' id='word_1_81' title='bbox 1064 1179 1099 1242; x_wconf 92' lang='lat' dir='ltr'>in</span> 
     </span>
     <span class='ocr_line' id='line_1_11' title="bbox 77 1272 1098 1356; baseline -0.002 -18"><span class='ocrx_word' id='word_1_82' title='bbox 77 1294 301 1356; x_wconf 74' lang='lat' dir='ltr'>quamcumque</span> <span class='ocrx_word' id='word_1_83' title='bbox 314 1273 465 1350; x_wconf 87' lang='lat' dir='ltr'>venisset,</span> <span class='ocrx_word' id='word_1_84' title='bbox 485 1295 578 1336; x_wconf 90' lang='lat' dir='ltr'>suum</span> <span class='ocrx_word' id='word_1_85' title='bbox 592 1294 686 1356; x_wconf 93' lang='lat' dir='ltr'>quam</span> <span class='ocrx_word' id='word_1_86' title='bbox 701 1272 837 1336; x_wconf 90' lang='lat' dir='ltr'>alienum</span> <span class='ocrx_word' id='word_1_87' title='bbox 850 1273 979 1336; x_wconf 86' lang='lat' dir='ltr'>mallent</span> <span class='ocrx_word' id='word_1_88' title='bbox 997 1272 1098 1338; x_wconf 87' lang='lat' dir='ltr'>civem</span> 
     </span>
     <span class='ocr_line' id='line_1_12' title="bbox 77 1366 1131 1451; baseline 0 -19"><span class='ocrx_word' id='word_1_89' title='bbox 77 1389 145 1432; x_wconf 68' lang='lat' dir='ltr'>esse.</span> <span class='ocrx_word' id='word_1_90' title='bbox 172 1368 262 1451; x_wconf 94' lang='lat' dir='ltr'>quod</span> <span class='ocrx_word' id='word_1_91' title='bbox 276 1366 414 1431; x_wconf 88' lang='lat' dir='ltr'>offendat</span> <span class='ocrx_word' id='word_1_92' title='bbox 425 1367 461 1430; x_wconf 90' lang='lat' dir='ltr'>iu</span> <span class='ocrx_word' id='word_1_93' title='bbox 473 1388 526 1443; x_wconf 93' lang='lat' dir='ltr'>eo,</span> <span class='ocrx_word' id='word_1_94' title='bbox 544 1366 700 1430; x_wconf 86' lang='lat' dir='ltr'>fervorem</span> <span class='ocrx_word' id='word_1_95' title='bbox 719 1375 750 1429; x_wconf 91' lang='lat' dir='ltr'>et</span> <span class='ocrx_word' id='word_1_96' title='bbox 768 1366 944 1442; x_wconf 89' lang='lat' dir='ltr'>audaciam,</span> <span class='ocrx_word' id='word_1_97' title='bbox 963 1376 1097 1432; x_wconf 89' lang='lat' dir='ltr'>aetatem</span> <span class='ocrx_word' id='word_1_98' title='bbox 1116 1387 1131 1432; x_wconf 74' lang='grc'><strong>7</strong></span> 
     </span>
     <span class='ocr_line' id='line_1_13' title="bbox 77 1459 1097 1544; baseline -0.002 -18"><span class='ocrx_word' id='word_1_99' title='bbox 77 1461 179 1526; x_wconf 70' lang='lat' dir='ltr'>totidie</span> <span class='ocrx_word' id='word_1_100' title='bbox 203 1460 342 1538; x_wconf 86' lang='lat' dir='ltr'>auferre,</span> <span class='ocrx_word' id='word_1_101' title='bbox 369 1461 454 1544; x_wconf 92' lang='lat' dir='ltr'>quod</span> <span class='ocrx_word' id='word_1_102' title='bbox 476 1459 683 1537; x_wconf 85' lang='lat' dir='ltr'>desideretur,</span> <span class='ocrx_word' id='word_1_103' title='bbox 711 1459 889 1538; x_wconf 91' lang='lat' dir='ltr'>consilium,</span> <span class='ocrx_word' id='word_1_104' title='bbox 916 1459 949 1522; x_wconf 89' lang='lat' dir='ltr'>id</span> <span class='ocrx_word' id='word_1_105' title='bbox 970 1460 1004 1524; x_wconf 93' lang='lat' dir='ltr'>in</span> <span class='ocrx_word' id='word_1_106' title='bbox 1029 1459 1097 1524; x_wconf 91' lang='lat' dir='ltr'>dics</span> 
     </span>
     <span class='ocr_line' id='line_1_14' title="bbox 77 1552 1098 1630; baseline 0 -12"><span class='ocrx_word' id='word_1_107' title='bbox 77 1577 218 1620; x_wconf 70' lang='lat' dir='ltr'>crescere.</span> <span class='ocrx_word' id='word_1_108' title='bbox 256 1553 490 1619; x_wconf 87' lang='lat' dir='ltr'>senescentibus</span> <span class='ocrx_word' id='word_1_109' title='bbox 507 1553 606 1630; x_wconf 83' lang='lat' dir='ltr'>vitiis,</span> <span class='ocrx_word' id='word_1_110' title='bbox 629 1562 857 1618; x_wconf 84' lang='lat' dir='ltr'>maturescente</span> <span class='ocrx_word' id='word_1_111' title='bbox 879 1552 993 1618; x_wconf 88' lang='lat' dir='ltr'>virtute</span> <span class='ocrx_word' id='word_1_112' title='bbox 1016 1554 1098 1618; x_wconf 90' lang='lat' dir='ltr'>sine-</span> 
     </span>
     <span class='ocr_line' id='line_1_15' title="bbox 77 1647 1130 1733; baseline 0 -20"><span class='ocrx_word' id='word_1_113' title='bbox 77 1659 133 1713; x_wconf 83' lang='lat' dir='ltr'>ant</span> <span class='ocrx_word' id='word_1_114' title='bbox 150 1659 276 1713; x_wconf 88' lang='lat' dir='ltr'>tantum</span> <span class='ocrx_word' id='word_1_115' title='bbox 293 1649 395 1712; x_wconf 86' lang='lat' dir='ltr'>virum</span> <span class='ocrx_word' id='word_1_116' title='bbox 413 1670 520 1712; x_wconf 90' lang='lat' dir='ltr'>senem</span> <span class='ocrx_word' id='word_1_117' title='bbox 537 1648 571 1711; x_wconf 91' lang='lat' dir='ltr'>in</span> <span class='ocrx_word' id='word_1_118' title='bbox 588 1647 712 1711; x_wconf 82' lang='lat' dir='ltr'>civitate</span> <span class='ocrx_word' id='word_1_119' title='bbox 729 1647 806 1712; x_wconf 89' lang='lat' dir='ltr'>fieri.</span> <span class='ocrx_word' id='word_1_120' title='bbox 833 1656 923 1733; x_wconf 89' lang='lat' dir='ltr'>pater</span> <span class='ocrx_word' id='word_1_121' title='bbox 939 1648 1020 1714; x_wconf 89' lang='lat' dir='ltr'>inter</span> <span class='ocrx_word' id='word_1_122' title='bbox 1036 1649 1094 1716; x_wconf 87' lang='lat' dir='ltr'>hos</span> <span class='ocrx_word' id='word_1_123' title='bbox 1113 1662 1130 1713; x_wconf 85' lang='lat'>8</span> 
     </span>
     <span class='ocr_line' id='line_1_16' title="bbox 77 1740 1096 1827; baseline 0.001 -20"><span class='ocrx_word' id='word_1_124' title='bbox 77 1743 106 1808; x_wconf 82' lang='lat' dir='ltr'>b.</span> <span class='ocrx_word' id='word_1_125' title='bbox 120 1740 309 1825; x_wconf 83' lang='lat' dir='ltr'>Quinctius,</span> <span class='ocrx_word' id='word_1_126' title='bbox 328 1742 378 1806; x_wconf 90' lang='lat' dir='ltr'>cui</span> <span class='ocrx_word' id='word_1_127' title='bbox 392 1740 579 1807; x_wconf 84' lang='lat' dir='ltr'>Cincinnato</span> <span class='ocrx_word' id='word_1_128' title='bbox 593 1762 767 1827; x_wconf 85' lang='lat' dir='ltr'>cognomen</span> <span class='ocrx_word' id='word_1_129' title='bbox 780 1751 860 1819; x_wconf 88' lang='lat' dir='ltr'>erat,</span> <span class='ocrx_word' id='word_1_130' title='bbox 878 1765 942 1806; x_wconf 93' lang='lat' dir='ltr'>non</span> <span class='ocrx_word' id='word_1_131' title='bbox 954 1744 1096 1808; x_wconf 89' lang='lat' dir='ltr'>iterando</span> 
     </span>
     <span class='ocr_line' id='line_1_17' title="bbox 77 1835 1095 1920; baseline -0.001 -19"><span class='ocrx_word' id='word_1_132' title='bbox 77 1839 189 1915; x_wconf 82' lang='lat' dir='ltr'>audes,</span> <span class='ocrx_word' id='word_1_133' title='bbox 218 1860 258 1900; x_wconf 90' lang='lat' dir='ltr'>ne</span> <span class='ocrx_word' id='word_1_134' title='bbox 281 1835 454 1901; x_wconf 90' lang='lat' dir='ltr'>cumularet</span> <span class='ocrx_word' id='word_1_135' title='bbox 473 1835 637 1913; x_wconf 89' lang='lat' dir='ltr'>iuvidiam,</span> <span class='ocrx_word' id='word_1_136' title='bbox 664 1836 722 1900; x_wconf 91' lang='lat' dir='ltr'>sed</span> <span class='ocrx_word' id='word_1_137' title='bbox 742 1836 866 1901; x_wconf 82' lang='lat' dir='ltr'>veniam</span> <span class='ocrx_word' id='word_1_138' title='bbox 888 1837 984 1900; x_wconf 88' lang='lat' dir='ltr'>errori</span> <span class='ocrx_word' id='word_1_139' title='bbox 1001 1845 1095 1920; x_wconf 89' lang='lat' dir='ltr'>atque</span> 
     </span>
     <span class='ocr_line' id='line_1_18' title="bbox 77 1929 1095 2015; baseline 0.001 -20"><span class='ocrx_word' id='word_1_140' title='bbox 77 1931 298 1996; x_wconf 68' lang='lat' dir='ltr'>adulescentiae</span> <span class='ocrx_word' id='word_1_141' title='bbox 324 1930 474 2015; x_wconf 81' lang='lat' dir='ltr'>petendu,</span> <span class='ocrx_word' id='word_1_142' title='bbox 510 1929 584 2007; x_wconf 87' lang='lat' dir='ltr'>sibi,</span> <span class='ocrx_word' id='word_1_143' title='bbox 620 1930 674 2014; x_wconf 91' lang='lat' dir='ltr'>qui</span> <span class='ocrx_word' id='word_1_144' title='bbox 699 1952 763 1994; x_wconf 91' lang='lat' dir='ltr'>non</span> <span class='ocrx_word' id='word_1_145' title='bbox 789 1929 886 2008; x_wconf 87' lang='lat' dir='ltr'>dicto,</span> <span class='ocrx_word' id='word_1_146' title='bbox 921 1952 985 1994; x_wconf 90' lang='lat' dir='ltr'>non</span> <span class='ocrx_word' id='word_1_147' title='bbox 1010 1929 1095 1996; x_wconf 86' lang='lat' dir='ltr'>facto</span> 
     </span>
     <span class='ocr_line' id='line_1_19' title="bbox 77 2023 1128 2110; baseline -0.001 -22"><span class='ocrx_word' id='word_1_148' title='bbox 77 2044 258 2110; x_wconf 89' lang='lat' dir='ltr'>quemquam</span> <span class='ocrx_word' id='word_1_149' title='bbox 272 2023 469 2102; x_wconf 86' lang='lat' dir='ltr'>offendisset,</span> <span class='ocrx_word' id='word_1_150' title='bbox 488 2034 524 2088; x_wconf 90' lang='lat' dir='ltr'>ut</span> <span class='ocrx_word' id='word_1_151' title='bbox 537 2024 748 2088; x_wconf 90' lang='lat' dir='ltr'>condonarent</span> <span class='ocrx_word' id='word_1_152' title='bbox 760 2023 873 2102; x_wconf 90' lang='lat' dir='ltr'>filium,</span> <span class='ocrx_word' id='word_1_153' title='bbox 892 2023 1009 2089; x_wconf 90' lang='lat' dir='ltr'>orabat.</span> <span class='ocrx_word' id='word_1_154' title='bbox 1037 2025 1095 2089; x_wconf 88' lang='lat' dir='ltr'>scd</span> <span class='ocrx_word' id='word_1_155' title='bbox 1113 2038 1128 2087; x_wconf 84' lang='lat'><strong>9</strong></span> 
     </span>
     <span class='ocr_line' id='line_1_20' title="bbox 77 2116 1094 2203; baseline 0.003 -22"><span class='ocrx_word' id='word_1_156' title='bbox 77 2116 124 2181; x_wconf 81' lang='lat' dir='ltr'>elii</span> <span class='ocrx_word' id='word_1_157' title='bbox 139 2118 363 2185; x_wconf 80' lang='lat' dir='ltr'>aversabantur</span> <span class='ocrx_word' id='word_1_158' title='bbox 378 2139 489 2203; x_wconf 91' lang='lat' dir='ltr'>preces</span> <span class='ocrx_word' id='word_1_159' title='bbox 507 2127 561 2181; x_wconf 90' lang='lat' dir='ltr'>aut</span> <span class='ocrx_word' id='word_1_160' title='bbox 577 2119 766 2183; x_wconf 86' lang='lat' dir='ltr'>verecundia</span> <span class='ocrx_word' id='word_1_161' title='bbox 784 2130 838 2183; x_wconf 90' lang='lat' dir='ltr'>aut</span> <span class='ocrx_word' id='word_1_162' title='bbox 855 2130 954 2197; x_wconf 92' lang='lat' dir='ltr'>metu,</span> <span class='ocrx_word' id='word_1_163' title='bbox 974 2120 1039 2197; x_wconf 88' lang='lat' dir='ltr'>alii,</span> <span class='ocrx_word' id='word_1_164' title='bbox 1060 2142 1094 2184; x_wconf 92' lang='lat' dir='ltr'>se</span> 
     </span>
     <span class='ocr_line' id='line_1_21' title="bbox 77 2211 1094 2296; baseline 0.004 -22"><span class='ocrx_word' id='word_1_165' title='bbox 77 2231 202 2296; x_wconf 91' lang='lat' dir='ltr'>suosque</span> <span class='ocrx_word' id='word_1_166' title='bbox 215 2211 368 2276; x_wconf 89' lang='lat' dir='ltr'>mulcatos</span> <span class='ocrx_word' id='word_1_167' title='bbox 379 2221 553 2296; x_wconf 89' lang='lat' dir='ltr'>querentes,</span> <span class='ocrx_word' id='word_1_168' title='bbox 572 2212 669 2276; x_wconf 87' lang='lat' dir='ltr'>atroci</span> <span class='ocrx_word' id='word_1_169' title='bbox 681 2234 832 2296; x_wconf 90' lang='lat' dir='ltr'>responso</span> <span class='ocrx_word' id='word_1_170' title='bbox 842 2213 991 2277; x_wconf 90' lang='lat' dir='ltr'>iudicium</span> <span class='ocrx_word' id='word_1_171' title='bbox 1001 2236 1094 2278; x_wconf 93' lang='lat' dir='ltr'>suum</span> 
     </span>
     <span class='ocr_line' id='line_1_22' title="bbox 77 2306 292 2389; baseline 0.005 -20"><span class='ocrx_word' id='word_1_172' title='bbox 77 2306 292 2389; x_wconf 77' lang='lat' dir='ltr'>praeferebant</span> 
     </span>
    </p>

    <p class='ocr_par' dir='ltr' id='par_1_3' title="bbox 77 2399 1126 4092">
     <span class='ocr_line' id='line_1_23' title="bbox 129 2399 1125 2485; baseline 0.001 -21"><span class='ocrx_word' id='word_1_173' title='bbox 129 2399 228 2464; x_wconf 83' lang='lat' dir='ltr'><strong>XIII.</strong></span> <span class='ocrx_word' id='word_1_174' title='bbox 254 2399 426 2465; x_wconf 88' lang='lat' dir='ltr'>Premebat</span> <span class='ocrx_word' id='word_1_175' title='bbox 442 2422 531 2464; x_wconf 89' lang='lat' dir='ltr'>reum</span> <span class='ocrx_word' id='word_1_176' title='bbox 548 2408 672 2485; x_wconf 89' lang='lat' dir='ltr'>praeter</span> <span class='ocrx_word' id='word_1_177' title='bbox 689 2399 851 2485; x_wconf 84' lang='lat' dir='ltr'>vulgatam</span> <span class='ocrx_word' id='word_1_178' title='bbox 868 2399 1020 2464; x_wconf 89' lang='lat' dir='ltr'>invidiam</span> <span class='ocrx_word' id='word_1_179' title='bbox 1034 2402 1093 2465; x_wconf 90' lang='lat' dir='ltr'>cri-</span> <span class='ocrx_word' id='word_1_180' title='bbox 1113 2431 1125 2477; x_wconf 88' lang='lat'>1</span> 
     </span>
     <span class='ocr_line' id='line_1_24' title="bbox 80 2493 1094 2578; baseline 0 -20"><span class='ocrx_word' id='word_1_181' title='bbox 80 2513 139 2560; x_wconf 80' lang='lat' dir='ltr'>uren</span> <span class='ocrx_word' id='word_1_182' title='bbox 161 2517 277 2573; x_wconf 91' lang='lat' dir='ltr'>unum,</span> <span class='ocrx_word' id='word_1_183' title='bbox 304 2495 389 2578; x_wconf 92' lang='lat' dir='ltr'>quod</span> <span class='ocrx_word' id='word_1_184' title='bbox 410 2493 458 2558; x_wconf 90' lang='lat' dir='ltr'>M.</span> <span class='ocrx_word' id='word_1_185' title='bbox 481 2493 628 2559; x_wconf 90' lang='lat' dir='ltr'>Volscius</span> <span class='ocrx_word' id='word_1_186' title='bbox 650 2493 770 2571; x_wconf 88' lang='lat' dir='ltr'>Fictor,</span> <span class='ocrx_word' id='word_1_187' title='bbox 797 2494 852 2576; x_wconf 94' lang='lat' dir='ltr'>qui</span> <span class='ocrx_word' id='word_1_188' title='bbox 877 2503 948 2558; x_wconf 91' lang='lat' dir='ltr'>ante</span> <span class='ocrx_word' id='word_1_189' title='bbox 975 2495 1094 2578; x_wconf 86' lang='lat' dir='ltr'>aliquot</span> 
     </span>
     <span class='ocr_line' id='line_1_25' title="bbox 81 2587 1126 2674; baseline 0.001 -22"><span class='ocrx_word' id='word_1_190' title='bbox 81 2607 164 2654; x_wconf 77' lang='lat' dir='ltr'>annos</span> <span class='ocrx_word' id='word_1_191' title='bbox 194 2588 340 2654; x_wconf 85' lang='lat' dir='ltr'>tribunus</span> <span class='ocrx_word' id='word_1_192' title='bbox 370 2587 471 2674; x_wconf 88' lang='lat' dir='ltr'>plebis</span> <span class='ocrx_word' id='word_1_193' title='bbox 503 2588 619 2666; x_wconf 79' lang='lat' dir='ltr'>fuerat,</span> <span class='ocrx_word' id='word_1_194' title='bbox 652 2588 740 2652; x_wconf 88' lang='lat' dir='ltr'>testis</span> <span class='ocrx_word' id='word_1_195' title='bbox 768 2588 923 2665; x_wconf 86' lang='lat' dir='ltr'>extiterat,</span> <span class='ocrx_word' id='word_1_196' title='bbox 957 2611 991 2652; x_wconf 90' lang='lat' dir='ltr'>se</span> <span class='ocrx_word' id='word_1_197' title='bbox 1016 2587 1126 2664; x_wconf 65' lang='lat' dir='ltr'>hauto</span> 
     </span>
     <span class='ocr_line' id='line_1_26' title="bbox 82 2682 1093 2770; baseline 0.005 -26"><span class='ocrx_word' id='word_1_198' title='bbox 82 2682 162 2752; x_wconf 84' lang='lat' dir='ltr'>multo</span> <span class='ocrx_word' id='word_1_199' title='bbox 186 2694 261 2770; x_wconf 89' lang='lat' dir='ltr'>post</span> <span class='ocrx_word' id='word_1_200' title='bbox 288 2705 383 2767; x_wconf 91' lang='lat' dir='ltr'>quam</span> <span class='ocrx_word' id='word_1_201' title='bbox 409 2682 587 2769; x_wconf 87' lang='lat' dir='ltr'>pestilentia</span> <span class='ocrx_word' id='word_1_202' title='bbox 612 2683 646 2746; x_wconf 91' lang='lat' dir='ltr'>in</span> <span class='ocrx_word' id='word_1_203' title='bbox 671 2682 749 2748; x_wconf 92' lang='lat' dir='ltr'>urbe</span> <span class='ocrx_word' id='word_1_204' title='bbox 775 2682 878 2746; x_wconf 82' lang='lat' dir='ltr'>fuerat</span> <span class='ocrx_word' id='word_1_205' title='bbox 898 2683 1093 2749; x_wconf 87' lang='lat' dir='ltr'>iuventutem</span> 
     </span>
     <span class='ocr_line' id='line_1_27' title="bbox 83 2776 1093 2858; baseline 0.001 -16"><span class='ocrx_word' id='word_1_206' title='bbox 83 2789 260 2858; x_wconf 75' lang='lat' dir='ltr'>gtassantem</span> <span class='ocrx_word' id='word_1_207' title='bbox 286 2779 320 2842; x_wconf 91' lang='lat' dir='ltr'>in</span> <span class='ocrx_word' id='word_1_208' title='bbox 347 2776 474 2844; x_wconf 86' lang='lat' dir='ltr'>Subura</span> <span class='ocrx_word' id='word_1_209' title='bbox 499 2777 657 2843; x_wconf 88' lang='lat' dir='ltr'>incidisse.</span> <span class='ocrx_word' id='word_1_210' title='bbox 692 2776 737 2842; x_wconf 91' lang='lat' dir='ltr'>ibi</span> <span class='ocrx_word' id='word_1_211' title='bbox 761 2777 862 2842; x_wconf 83' lang='lat' dir='ltr'>rixam</span> <span class='ocrx_word' id='word_1_212' title='bbox 889 2787 996 2842; x_wconf 89' lang='lat' dir='ltr'>natam</span> <span class='ocrx_word' id='word_1_213' title='bbox 1022 2800 1093 2843; x_wconf 90' lang='lat' dir='ltr'>esse</span> 
     </span>
     <span class='ocr_line' id='line_1_28' title="bbox 83 2865 1091 2957; baseline 0.005 -24"><span class='ocrx_word' id='word_1_214' title='bbox 83 2865 253 2957; x_wconf 73' lang='lat' dir='ltr'>trabemque</span> <span class='ocrx_word' id='word_1_215' title='bbox 276 2894 368 2936; x_wconf 91' lang='lat' dir='ltr'>suum</span> <span class='ocrx_word' id='word_1_216' title='bbox 390 2872 540 2936; x_wconf 89' lang='lat' dir='ltr'>maiorem</span> <span class='ocrx_word' id='word_1_217' title='bbox 562 2880 652 2949; x_wconf 88' lang='lat' dir='ltr'>natu,</span> <span class='ocrx_word' id='word_1_218' title='bbox 675 2872 810 2936; x_wconf 91' lang='lat' dir='ltr'>necdum</span> <span class='ocrx_word' id='word_1_219' title='bbox 828 2894 867 2936; x_wconf 86' lang='lat' dir='ltr'>ex</span> <span class='ocrx_word' id='word_1_220' title='bbox 885 2872 995 2938; x_wconf 88' lang='lat' dir='ltr'>morbo</span> <span class='ocrx_word' id='word_1_221' title='bbox 1014 2873 1091 2938; x_wconf 89' lang='lat' dir='ltr'>satis</span> 
     </span>
     <span class='ocr_line' id='line_1_29' title="bbox 82 2963 1125 3053; baseline 0.008 -29"><span class='ocrx_word' id='word_1_222' title='bbox 82 2963 214 3045; x_wconf 79' lang='lat' dir='ltr'>validum,</span> <span class='ocrx_word' id='word_1_223' title='bbox 233 2988 340 3053; x_wconf 87' lang='lat' dir='ltr'>pugno</span> <span class='ocrx_word' id='word_1_224' title='bbox 359 2967 456 3030; x_wconf 90' lang='lat' dir='ltr'>ictum</span> <span class='ocrx_word' id='word_1_225' title='bbox 474 2965 514 3031; x_wconf 89' lang='lat' dir='ltr'>ab</span> <span class='ocrx_word' id='word_1_226' title='bbox 529 2963 674 3031; x_wconf 82' lang='lat' dir='ltr'>Caesone</span> <span class='ocrx_word' id='word_1_227' title='bbox 692 2966 856 3044; x_wconf 89' lang='lat' dir='ltr'>cecidisse,</span> <span class='ocrx_word' id='word_1_228' title='bbox 877 2967 1090 3032; x_wconf 90' lang='lat' dir='ltr'>semianimem</span> <span class='ocrx_word' id='word_1_229' title='bbox 1109 2994 1125 3041; x_wconf 82' lang='lat'><strong>3</strong></span> 
     </span>
     <span class='ocr_line' id='line_1_30' title="bbox 82 3051 1089 3142; baseline 0.007 -24"><span class='ocrx_word' id='word_1_230' title='bbox 82 3051 271 3126; x_wconf 82' lang='lat' dir='ltr'>intermunus</span> <span class='ocrx_word' id='word_1_231' title='bbox 290 3060 419 3125; x_wconf 89' lang='lat' dir='ltr'>domum</span> <span class='ocrx_word' id='word_1_232' title='bbox 437 3058 591 3136; x_wconf 90' lang='lat' dir='ltr'>oblatum,</span> <span class='ocrx_word' id='word_1_233' title='bbox 611 3070 830 3142; x_wconf 85' lang='lat' dir='ltr'>mortuumque</span> <span class='ocrx_word' id='word_1_234' title='bbox 847 3060 920 3124; x_wconf 89' lang='lat' dir='ltr'>inde</span> <span class='ocrx_word' id='word_1_235' title='bbox 939 3060 1089 3139; x_wconf 82' lang='lat' dir='ltr'>arbitrari,</span> 
     </span>
     <span class='ocr_line' id='line_1_31' title="bbox 83 3153 1091 3239; baseline 0.001 -24"><span class='ocrx_word' id='word_1_236' title='bbox 83 3168 129 3215; x_wconf 84' lang='lat' dir='ltr'>nee</span> <span class='ocrx_word' id='word_1_237' title='bbox 145 3153 198 3220; x_wconf 88' lang='lat' dir='ltr'>sibi</span> <span class='ocrx_word' id='word_1_238' title='bbox 213 3178 281 3221; x_wconf 89' lang='lat' dir='ltr'>rem</span> <span class='ocrx_word' id='word_1_239' title='bbox 300 3155 413 3239; x_wconf 86' lang='lat' dir='ltr'>exequi</span> <span class='ocrx_word' id='word_1_240' title='bbox 430 3163 495 3219; x_wconf 90' lang='lat' dir='ltr'>tam</span> <span class='ocrx_word' id='word_1_241' title='bbox 512 3163 649 3218; x_wconf 88' lang='lat' dir='ltr'>atrocem</span> <span class='ocrx_word' id='word_1_242' title='bbox 666 3175 722 3238; x_wconf 92' lang='lat' dir='ltr'>per</span> <span class='ocrx_word' id='word_1_243' title='bbox 736 3153 881 3217; x_wconf 90' lang='lat' dir='ltr'>consules</span> <span class='ocrx_word' id='word_1_244' title='bbox 895 3153 1091 3237; x_wconf 90' lang='lat' dir='ltr'>superiorum</span> 
     </span>
     <span class='ocr_line' id='line_1_32' title="bbox 82 3246 1091 3315; baseline 0 -5"><span class='ocrx_word' id='word_1_245' title='bbox 82 3263 213 3314; x_wconf 79' lang='lat' dir='ltr'>annorum</span> <span class='ocrx_word' id='word_1_246' title='bbox 229 3249 368 3315; x_wconf 88' lang='lat' dir='ltr'>licuisse.</span> <span class='ocrx_word' id='word_1_247' title='bbox 409 3249 488 3313; x_wconf 91' lang='lat' dir='ltr'>haec</span> <span class='ocrx_word' id='word_1_248' title='bbox 505 3246 635 3313; x_wconf 90' lang='lat' dir='ltr'>Volscio</span> <span class='ocrx_word' id='word_1_249' title='bbox 654 3247 830 3311; x_wconf 86' lang='lat' dir='ltr'>clamitante</span> <span class='ocrx_word' id='word_1_250' title='bbox 849 3247 927 3310; x_wconf 89' lang='lat' dir='ltr'>adeo</span> <span class='ocrx_word' id='word_1_251' title='bbox 946 3247 1091 3310; x_wconf 84' lang='lat' dir='ltr'>concitati</span> 
     </span>
     <span class='ocr_line' id='line_1_33' title="bbox 80 3332 1091 3428; baseline 0.007 -28"><span class='ocrx_word' id='word_1_252' title='bbox 80 3332 201 3409; x_wconf 83' lang='lat' dir='ltr'>homines</span> <span class='ocrx_word' id='word_1_253' title='bbox 219 3353 307 3421; x_wconf 88' lang='lat' dir='ltr'>sunt,</span> <span class='ocrx_word' id='word_1_254' title='bbox 326 3353 360 3408; x_wconf 90' lang='lat' dir='ltr'>ut</span> <span class='ocrx_word' id='word_1_255' title='bbox 378 3344 455 3408; x_wconf 89' lang='lat' dir='ltr'>baut</span> <span class='ocrx_word' id='word_1_256' title='bbox 469 3341 603 3406; x_wconf 88' lang='lat' dir='ltr'>multum</span> <span class='ocrx_word' id='word_1_257' title='bbox 617 3341 742 3419; x_wconf 84' lang='lat' dir='ltr'>afuerit,</span> <span class='ocrx_word' id='word_1_258' title='bbox 761 3341 838 3425; x_wconf 92' lang='lat' dir='ltr'>quin</span> <span class='ocrx_word' id='word_1_259' title='bbox 850 3339 969 3426; x_wconf 90' lang='lat' dir='ltr'>impetu</span> <span class='ocrx_word' id='word_1_260' title='bbox 981 3342 1091 3428; x_wconf 91' lang='lat' dir='ltr'>populi</span> 
     </span>
     <span class='ocr_line' id='line_1_34' title="bbox 81 3429 1123 3524; baseline 0.005 -26"><span class='ocrx_word' id='word_1_261' title='bbox 81 3429 164 3503; x_wconf 79' lang='lat' dir='ltr'>Caeso</span> <span class='ocrx_word' id='word_1_262' title='bbox 189 3440 339 3506; x_wconf 90' lang='lat' dir='ltr'>interiret.</span> <span class='ocrx_word' id='word_1_263' title='bbox 383 3437 554 3524; x_wconf 86' lang='lat' dir='ltr'>Verginius</span> <span class='ocrx_word' id='word_1_264' title='bbox 582 3437 676 3522; x_wconf 84' lang='lat' dir='ltr'>arripi</span> <span class='ocrx_word' id='word_1_265' title='bbox 701 3436 789 3501; x_wconf 92' lang='lat' dir='ltr'>iubet</span> <span class='ocrx_word' id='word_1_266' title='bbox 814 3435 973 3502; x_wconf 90' lang='lat' dir='ltr'>hominem</span> <span class='ocrx_word' id='word_1_267' title='bbox 999 3447 1031 3502; x_wconf 92' lang='lat' dir='ltr'>et</span> <span class='ocrx_word' id='word_1_268' title='bbox 1055 3439 1123 3509; x_wconf 85' lang='lat' dir='ltr'>in4</span> 
     </span>
     <span class='ocr_line' id='line_1_35' title="bbox 77 3526 1090 3621; baseline 0.001 -26"><span class='ocrx_word' id='word_1_269' title='bbox 77 3526 184 3598; x_wconf 81' lang='lat' dir='ltr'>vincula</span> <span class='ocrx_word' id='word_1_270' title='bbox 201 3535 285 3599; x_wconf 91' lang='lat' dir='ltr'>duci.</span> <span class='ocrx_word' id='word_1_271' title='bbox 319 3533 441 3621; x_wconf 87' lang='lat' dir='ltr'>patricii</span> <span class='ocrx_word' id='word_1_272' title='bbox 458 3532 491 3597; x_wconf 86' lang='lat' dir='ltr'>vi</span> <span class='ocrx_word' id='word_1_273' title='bbox 508 3541 616 3597; x_wconf 88' lang='lat' dir='ltr'>contra</span> <span class='ocrx_word' id='word_1_274' title='bbox 633 3531 697 3595; x_wconf 88' lang='lat' dir='ltr'>vim</span> <span class='ocrx_word' id='word_1_275' title='bbox 715 3531 873 3595; x_wconf 86' lang='lat' dir='ltr'>resistunt.</span> <span class='ocrx_word' id='word_1_276' title='bbox 910 3531 949 3595; x_wconf 90' lang='grc' dir='ltr'>Τ.</span> <span class='ocrx_word' id='word_1_277' title='bbox 969 3527 1090 3615; x_wconf 84' lang='lat' dir='ltr'>Quinc·</span> 
     </span>
     <span class='ocr_line' id='line_1_36' title="bbox 77 3620 1091 3712; baseline 0.002 -22"><span class='ocrx_word' id='word_1_278' title='bbox 77 3620 123 3690; x_wconf 80' lang='lat' dir='ltr'>tius</span> <span class='ocrx_word' id='word_1_279' title='bbox 140 3627 293 3706; x_wconf 87' lang='lat' dir='ltr'>clamitat,</span> <span class='ocrx_word' id='word_1_280' title='bbox 316 3628 368 3692; x_wconf 90' lang='lat' dir='ltr'>cui</span> <span class='ocrx_word' id='word_1_281' title='bbox 384 3627 429 3693; x_wconf 87' lang='lat' dir='ltr'>rei</span> <span class='ocrx_word' id='word_1_282' title='bbox 447 3626 588 3712; x_wconf 85' lang='lat' dir='ltr'>capitalis</span> <span class='ocrx_word' id='word_1_283' title='bbox 607 3625 674 3690; x_wconf 90' lang='lat' dir='ltr'>dies</span> <span class='ocrx_word' id='word_1_284' title='bbox 693 3625 777 3689; x_wconf 89' lang='lat' dir='ltr'>dicta</span> <span class='ocrx_word' id='word_1_285' title='bbox 794 3625 834 3689; x_wconf 84' lang='lat' dir='ltr'>sit</span> <span class='ocrx_word' id='word_1_286' title='bbox 852 3634 883 3688; x_wconf 88' lang='lat' dir='ltr'>et</span> <span class='ocrx_word' id='word_1_287' title='bbox 901 3625 940 3689; x_wconf 89' lang='lat' dir='ltr'>dc</span> <span class='ocrx_word' id='word_1_288' title='bbox 958 3647 1021 3709; x_wconf 91' lang='lat' dir='ltr'>quo</span> <span class='ocrx_word' id='word_1_289' title='bbox 1039 3625 1091 3692; x_wconf 88' lang='lat' dir='ltr'>fu-</span> 
     </span>
     <span class='ocr_line' id='line_1_37' title="bbox 77 3719 1090 3808; baseline -0.001 -22"><span class='ocrx_word' id='word_1_290' title='bbox 77 3723 162 3786; x_wconf 70' lang='lat' dir='ltr'>turum</span> <span class='ocrx_word' id='word_1_291' title='bbox 171 3743 271 3808; x_wconf 90' lang='lat' dir='ltr'>prope</span> <span class='ocrx_word' id='word_1_292' title='bbox 280 3721 364 3786; x_wconf 91' lang='lat' dir='ltr'>diem</span> <span class='ocrx_word' id='word_1_293' title='bbox 372 3721 532 3799; x_wconf 91' lang='lat' dir='ltr'>iudicium,</span> <span class='ocrx_word' id='word_1_294' title='bbox 552 3743 623 3784; x_wconf 92' lang='lat' dir='ltr'>eum</span> <span class='ocrx_word' id='word_1_295' title='bbox 637 3719 850 3783; x_wconf 90' lang='lat' dir='ltr'>indemnatum</span> <span class='ocrx_word' id='word_1_296' title='bbox 864 3719 980 3783; x_wconf 87' lang='lat' dir='ltr'>indicta</span> <span class='ocrx_word' id='word_1_297' title='bbox 993 3741 1090 3785; x_wconf 88' lang='lat' dir='ltr'>causa</span> 
     </span>
     <span class='ocr_line' id='line_1_38' title="bbox 77 3813 1122 3900; baseline 0.004 -24"><span class='ocrx_word' id='word_1_298' title='bbox 77 3833 121 3878; x_wconf 83' lang='lat'>1011</span> <span class='ocrx_word' id='word_1_299' title='bbox 133 3815 249 3881; x_wconf 88' lang='lat' dir='ltr'>debere</span> <span class='ocrx_word' id='word_1_300' title='bbox 262 3815 381 3880; x_wconf 85' lang='lat' dir='ltr'>violari.</span> <span class='ocrx_word' id='word_1_301' title='bbox 408 3815 551 3880; x_wconf 88' lang='lat' dir='ltr'>tribunus</span> <span class='ocrx_word' id='word_1_302' title='bbox 571 3813 760 3898; x_wconf 86' lang='lat' dir='ltr'>supplicium</span> <span class='ocrx_word' id='word_1_303' title='bbox 776 3824 872 3900; x_wconf 85' lang='lat' dir='ltr'>negat</span> <span class='ocrx_word' id='word_1_304' title='bbox 890 3825 1087 3899; x_wconf 91' lang='lat' dir='ltr'>sumpturum</span> <span class='ocrx_word' id='word_1_305' title='bbox 1105 3833 1122 3882; x_wconf 80' lang='lat'><strong>5</strong></span> 
     </span>
     <span class='ocr_line' id='line_1_39' title="bbox 77 3906 1088 3990; baseline -0.004 -17"><span class='ocrx_word' id='word_1_306' title='bbox 77 3929 96 3973; x_wconf 72' lang='lat' dir='ltr'>te</span> <span class='ocrx_word' id='word_1_307' title='bbox 115 3910 153 3976; x_wconf 96' lang='lat' dir='ltr'>de</span> <span class='ocrx_word' id='word_1_308' title='bbox 176 3910 374 3990; x_wconf 90' lang='lat' dir='ltr'>indemnato,</span> <span class='ocrx_word' id='word_1_309' title='bbox 400 3921 596 3976; x_wconf 85' lang='lat' dir='ltr'>servaturum</span> <span class='ocrx_word' id='word_1_310' title='bbox 619 3908 778 3973; x_wconf 88' lang='lat' dir='ltr'>tamenin</span> <span class='ocrx_word' id='word_1_311' title='bbox 798 3908 931 3973; x_wconf 86' lang='lat' dir='ltr'>vinculis</span> <span class='ocrx_word' id='word_1_312' title='bbox 954 3929 1024 3972; x_wconf 91' lang='lat' dir='ltr'>esse</span> <span class='ocrx_word' id='word_1_313' title='bbox 1046 3906 1088 3970; x_wconf 91' lang='lat' dir='ltr'>ad</span> 
     </span>
     <span class='ocr_line' id='line_1_40' title="bbox 77 3998 1088 4092; baseline -0.003 -24"><span class='ocrx_word' id='word_1_314' title='bbox 77 4005 164 4072; x_wconf 87' lang='lat' dir='ltr'>udicii</span> <span class='ocrx_word' id='word_1_315' title='bbox 185 4006 285 4084; x_wconf 90' lang='lat' dir='ltr'>diem,</span> <span class='ocrx_word' id='word_1_316' title='bbox 307 4015 356 4085; x_wconf 93' lang='lat' dir='ltr'>ut,</span> <span class='ocrx_word' id='word_1_317' title='bbox 383 4006 437 4092; x_wconf 90' lang='lat' dir='ltr'>qui</span> <span class='ocrx_word' id='word_1_318' title='bbox 459 4004 618 4070; x_wconf 89' lang='lat' dir='ltr'>hominem</span> <span class='ocrx_word' id='word_1_319' title='bbox 635 4004 805 4082; x_wconf 89' lang='lat' dir='ltr'>necaverit,</span> <span class='ocrx_word' id='word_1_320' title='bbox 828 4003 868 4070; x_wconf 89' lang='lat' dir='ltr'>de</span> <span class='ocrx_word' id='word_1_321' title='bbox 886 4026 923 4069; x_wconf 94' lang='lat' dir='ltr'>eo</span> <span class='ocrx_word' id='word_1_322' title='bbox 942 3998 1088 4087; x_wconf 91' lang='lat' dir='ltr'>supplicii</span> 
     </span>
    </p>
   </div>
   <div class='ocr_carea' id='block_1_3' title="bbox 0 0 1288 4524">
    <p class='ocr_par' dir='ltr' id='par_1_4' title="bbox 0 0 1288 4524">
     <span class='ocr_line' id='line_1_41' title="bbox 0 0 1288 4524; baseline 0 0"><span class='ocrx_word' id='word_1_323' title='bbox 0 0 1288 4524; x_wconf 95' lang='lat' dir='ltr'> </span> 
     </span>
    </p>
   </div>
  </div>
 </body>
</html>
