2566 4524
269 255 390 313 umus
406 255 622 327 vm1,22.es.
643 259 681 326 [ι.
691 254 722 311 c.
731 256 881 328 arr-315]
1028 244 1093 313 465

58 437 175 485 versus
197 413 232 481 id
250 412 369 480 bellum
387 413 465 479 tanti
487 414 615 493 ducere,
639 413 724 499 quod
744 413 855 481 urbem
877 414 1091 504 oppugnabat,

58 510 204 581 securior
220 506 260 575 ab
275 506 471 575 Samnitibus
489 531 592 596 agere,
613 507 797 575 stationibus
816 511 910 576 modo
929 509 1091 597 oppositis,

58 629 100 676 ue
118 627 185 691 qua
201 604 236 671 in
253 613 356 670 casua
372 603 422 669 vis
439 603 537 670 fieret.
565 623 604 670 eo
619 603 757 670 ferocius
776 604 956 690 adequitare
967 603 1093 672 Samni-
1110 625 1128 675 4

58 709 108 766 tes
128 697 214 765 vallo
235 718 338 783 neque
356 696 454 763 otium
474 698 551 785 pati,
588 702 619 763 et
641 719 713 763 cum
734 698 799 764 iam
819 721 917 787 prope
938 700 972 764 in
993 698 1092 786 portis

59 803 239 861 castrorum
261 801 345 859 esset
365 792 480 871 hostia,
504 791 582 857 nihil
604 794 747 858 consulto
770 794 921 861 dictatore
942 795 1094 883 magister

60 889 205 976 equitum
224 886 264 971 Q.
275 884 391 954 Aulius
406 885 597 954 Cerretanus
615 911 730 976 magno
749 889 886 955 tumultu
903 912 976 955 oum
993 890 1094 955 omni-

59 982 122 1052 bus
145 982 258 1049 turmis
280 983 420 1069 equitum
442 992 570 1049 evectus
598 984 768 1049 summovit
793 984 926 1051 hostem.
966 993 1034 1049 tum
1059 984 1127 1054 ina

59 1077 193 1144 minime
208 1075 361 1164 pertinaci
377 1099 493 1165 genere
509 1100 636 1165 pugnae
650 1079 695 1144 sic
709 1077 835 1144 fortuna
852 1078 991 1144 exercuit
1004 1099 1091 1165 opes,

59 1181 96 1238 ut
111 1171 249 1259 insignis
270 1170 427 1256 utrimque
449 1172 555 1238 clades
574 1182 605 1238 et
623 1173 706 1238 clara
727 1174 868 1259 ipsorum
885 1174 1002 1239 ducum
1020 1173 1094 1238 ede-
1118 1241 1126 1253 ,

59 1276 109 1334 ret
125 1265 248 1332 funera.
280 1266 365 1353 prior
375 1264 565 1333 Samnitium
581 1268 751 1355 imperator
768 1290 861 1356 aegre
878 1268 1010 1356 patiens,
1028 1289 1092 1352 quo
1111 1279 1126 1327 c

59 1371 127 1427 tam
141 1359 288 1427 ferociter
300 1361 522 1445 adequitasset,
536 1361 609 1427 inde
628 1384 662 1428 se
676 1363 766 1428 fundi
783 1362 959 1452 fugarique,
974 1362 1092 1428 orando

59 1454 279 1542 hortandoque
297 1458 418 1543 equites
435 1458 590 1543 proelium
607 1459 744 1538 iteravit3
771 1459 804 1526 ιιι
822 1481 917 1544 quem
934 1459 1092 1548 insignem
1111 1481 1124 1527 7

58 1550 145 1618 inter
166 1553 403 1620 euoscientem
427 1576 569 1642 pugnam
594 1553 745 1641 magister
766 1556 907 1639 equitum
928 1554 1091 1621 Romanus

10 1704 17 1713 .
58 1645 179 1712 infesta
197 1648 326 1734 cuspide
343 1648 388 1713 ita
404 1647 547 1735 permisit
560 1670 686 1734 equum,
704 1657 740 1713 ut
752 1671 815 1714 uno
832 1649 898 1714 ictu
915 1650 1092 1715 exanimem

10 1798 14 1803 .
60 1762 145 1826 equo
160 1741 389 1828 praecipitaret.
425 1765 499 1823 nec,
517 1751 553 1808 ut
574 1741 622 1821 fit,
646 1742 688 1807 ad
709 1742 798 1808 ducis
817 1765 926 1808 casum
947 1742 1092 1829 perculsa

58 1835 165 1922 magis
184 1855 280 1920 quam
296 1836 422 1903 imitata
439 1845 488 1902 eat
504 1835 680 1903 multitudo.
713 1837 814 1902 omnis
832 1837 886 1921 qui
904 1837 987 1903 circa
1004 1844 1092 1903 erant
1109 1852 1125 1902 8

10 2008 14 2013 Ι
58 1928 246 2009 ιιιΑιιιιιιιιι,
261 1940 378 1998 temere
395 1931 555 1998 invectum
571 1951 628 2019 per
640 1931 779 1997 hostium
797 1940 926 2011 turmas,
941 1931 1004 1998 tela
1018 1953 1092 1998 con-

10 2028 18 2097 ὲ
58 2023 215 2091 ieceruntr
237 2025 327 2114 fratri
343 2026 547 2115 praecipuum
564 2026 661 2093 decus
679 2027 736 2093 ulti
751 2024 942 2094 Samnitium
957 2026 1093 2115 impera·
1110 2043 1125 2093 9

10 2162 18 2205 g
58 2119 139 2187 toris
157 2119 319 2187 dederunt.
350 2121 379 2187 is
396 2121 547 2210 victorem
565 2123 740 2188 detractum
753 2145 793 2188 ex
806 2145 887 2208 equo
905 2124 1092 2210 magistrum

10 2234 22 2303 ζ,
59 2214 205 2300 equitum
221 2213 333 2302 plenus
348 2217 497 2283 maeroris
511 2225 606 2303 atque
618 2217 683 2282 irae
697 2217 871 2295 trucidavit,
884 2238 944 2282 nec
958 2216 1092 2281 multum

10 2330 21 2387 ;;
58 2308 152 2389 etue
166 2310 243 2394 quin
256 2332 386 2396 corpore
403 2312 507 2391 etiam,
526 2311 600 2396 quia
617 2311 697 2377 iuter
714 2310 836 2377 hostilis
855 2309 1010 2376 ceciderat
1026 2318 1093 2376 tur·
1204 2394 1207 2399 Ι

14 2440 23 2453 =
58 2424 142 2482 mas,
153 2400 313 2471 Samnites
330 2405 512 2491 potirentur.
541 2405 598 2472 sed
615 2404 772 2492 extemplo
786 2405 827 2470 ad
844 2404 941 2493 pedes
960 2404 1091 2470 descen·
1110 2420 1143 2469 10

59 2516 136 2564 snm
152 2496 192 2564 ab
209 2497 362 2565 Romanis
381 2508 438 2579 est,
456 2500 620 2585 coactique
636 2500 721 2566 idem
735 2496 895 2566 Samnites
913 2497 1026 2564 facere.
1059 2508 1092 2564 et

17 2622 28 2653 .·
58 2591 224 2678 repentina
246 2593 330 2659 acies
357 2593 440 2660 eirca
465 2617 597 2682 corpora
622 2594 739 2661 ducum
765 2595 911 2682 pedestre
935 2593 1091 2681 proelium

15 2768 23 2779 ,Ι
57 2687 146 2766 iniit,
163 2710 226 2774 quo
243 2688 330 2754 haud
347 2689 442 2756 dubie
460 2699 587 2779 superat
603 2689 784 2758 Romanus:
810 2699 1090 2779 recuperatumque

10 2826 23 2845 ι
56 2780 141 2850 Auli
158 2803 272 2870 corpus
295 2783 396 2850 mixta
417 2806 490 2851 cum
512 2785 621 2851 dolore
642 2785 761 2853 laetitia
782 2787 915 2853 victores
937 2786 970 2851 iu
988 2793 1091 2852 castra

16 2924 23 2959 Ξ
56 2875 210 2943 mserum.
239 2874 397 2945 Samnites
416 2880 496 2946 duce
514 2880 631 2946 amisso
649 2889 680 2946 et
696 2902 754 2967 per
771 2889 915 2966 equestre
933 2889 1091 2948 certamen
1109 2902 1140 2950 11

20 3006 28 3015 ‚
57 2969 222 3056 temptatis
243 2970 363 3038 viribus
385 2973 504 3040 omissa
527 2969 682 3053 Saticula,
705 2995 801 3059 quam
823 2975 1014 3060 nequiquam
1036 2975 1091 3040 de-

10 3104 12 3109 ·
57 3061 150 3130 feudi
165 3063 328 3144 rebantur,
347 3067 388 3132 ad
404 3066 553 3134 Plisticae
571 3066 767 3134 obsidionem
783 3067 980 3145 redeunt‚iu
947 3076 1090 3152 intraque
1136 3068 1139 3073 ’

13 3246 17 3251 Ι
58 3176 181 3245 paucos
200 3158 267 3226 dies
279 3157 420 3228 Saticula
427 3161 592 3229 Romanus
605 3183 663 3249 per
675 3160 874 3293 deditionem,
888 3115 1020 3226 Plistica
1032 3181 1090 3246 per

58 3251 127 3318 vim
147 3249 277 3321 Samnis
293 3256 420 3342 potitur.

13 3402 21 3437 ·.
123 3344 264 3414 xxm
294 3347 421 3416 Mutata
444 3350 519 3417 inde
544 3347 620 3418 belli
646 3349 730 3418 sedis
752 3359 819 3429 est;
850 3350 891 3415 ad
913 3345 1026 3416 Soram
1049 3365 1122 3416 exr

57 3394 197 3508 Samnio
212 3440 394 3530 Apuliaque
411 3446 572 3511 traductae
589 3443 740 3533 legiones.
773 3442 853 3513 Sora
870 3444 912 3511 ad
930 3441 1089 3511 Samnites
1107 3459 1123 3507 ι

56 3535 221 3605 ιιιιιιιιιι
241 3537 414 3606 interfectis
432 3537 551 3608 colonis
568 3537 794 3608 Romanorum.
830 3562 893 3625 quo
911 3561 984 3606 cum
1005 3540 1092 3626 prior

55 3630 227 3700 Romanus
240 3633 396 3700 exercitus
413 3634 455 3701 ad
471 3633 684 3702 ulciscendam
701 3634 817 3701 civium
833 3657 944 3701 necem
960 3657 1091 3722 recupe-

57 3725 255 3814 rudemque
267 3725 424 3796 coloniam
436 3728 560 3817 maguis
572 3728 736 3796 itineribus
748 3730 971 3816 praevenisset,
987 3728 1089 3814 sparsi
1107 3741 1122 3787 3

57 3838 116 3907 per
132 3819 205 3890 vias
228 3821 441 3911 speculatores
463 3823 553 3909 sequi
573 3822 713 3911 legiones
733 3819 867 3890 Samnit
845 3833 923 3889 trum
944 3843 1003 3886 nec
1024 3821 1088 3885 iam

58 3912 170 4001 procul
182 3914 297 3984 abesse
308 3917 362 3984 ιιιι
375 3938 471 4006 super
482 3917 561 3985 alios
575 3917 761 4013 nuntiarent,
775 3916 922 3984 obviam'
913 3925 990 3980 itum
1003 3912 1088 3979 hosti
1105 3926 1121 3972 4

57 4019 155 4100 atque
177 4011 220 4079 ad
241 4013 330 4081 Laut
331 4015 400 4082 ulas
422 4014 551 4104 ancipiti
575 4001 694 4103 proelio
717 4012 845 4078 dimicat
833 4021 899 4078 tum
926 4018 983 4077 eat.
1023 4031 1088 4074 non

109 4129 188 4177 urar
189 4131 219 4176 ι
229 4130 247 4176 ι
881 4109 917 4165 80
1110 4086 1208 4258 r
