2566 4524
145 243 210 312 452
387 253 507 310 urana
521 253 623 326 vnn,
641 253 683 311 ro.
693 253 735 311 11.
754 253 940 327 [esaar]
981 220 985 225 ’

113 438 129 488 ι
146 417 258 506 giones
277 415 455 498 ductusque
472 411 683 480 adCaudium
701 412 868 479 exercitus.
894 417 1074 503 praegressi
1089 417 1166 484 setia-

145 515 193 582 les
215 512 271 580 ubi
293 511 334 577 ad
355 519 479 598 portam
496 530 625 589 venere,
648 518 771 575 vestem
792 509 916 576 detrahi
937 511 1029 598 pacis
1050 535 1165 600 sponso·

145 608 234 676 ribus
255 606 379 684 iubent,
402 627 515 671 manus
536 614 611 690 post
627 614 753 692 tergum
769 604 892 672 ιιιιιιιι.
929 627 1005 673 eum
1026 609 1165 696 apparitor

146 701 336 770 verecundia
352 699 524 766 maiestatis
542 699 689 766 Postumi
705 699 777 766 laxe
794 700 942 768 vinciretr
962 702 1055 789 ‘quin
1070 702 1114 770 tu’
1126 703 1163 769 in·

112 800 215 886 aquit
242 798 395 864 ‘adduces
416 796 534 875 lorum,
561 804 597 862 ut
622 795 705 861 iusta
730 795 786 862 fiat
808 795 956 864 deditioI’
983 807 1053 865 tum
1072 798 1164 866 ubiin

147 902 273 960 coetum
291 891 483 961 Samnitium
504 899 536 957 et
558 890 600 957 ad
621 889 758 956 tribunal
779 899 911 957 ventum
927 890 1039 959 Pontii
1057 903 1111 972 est,
1125 891 1161 958 Α.

113 1007 128 1055 9
148 989 314 1057 Cornelius
324 988 448 1054 Arvina
460 987 575 1053 fetialis
593 986 638 1052 ita
650 984 749 1053 verba
765 986 854 1052 fecit:
873 988 1075 1074 ‘quandoque
1088 987 1161 1055 ιιιιιι

145 1085 290 1152 homines
309 1084 431 1149 iniussu
445 1082 554 1170 populi
561 1081 699 1148 Romani
709 1080 880 1166 Quiritium
896 1082 1014 1151 foedus
1031 1081 1164 1151 ictumiri

147 1180 383 1268 spoponderunt
397 1189 491 1264 atque
505 1177 545 1244 ob
560 1200 630 1244 eam
643 1201 711 1244 rem
727 1201 845 1245 noxam
857 1190 1045 1261 nocuerunt,
1057 1181 1096 1249 ob
1108 1202 1162 1247 eam
1200 1244 1204 1263 ,

146 1299 224 1355 rem,
238 1298 301 1361 quo
313 1275 449 1363 populus
458 1274 624 1341 Romanus
642 1272 760 1341 scelere
777 1274 864 1362 inpio
878 1273 922 1341 sit
939 1276 1072 1356 solutus,
1083 1275 1163 1343 hosce
1200 1290 1204 1349 ;·

97 1383 131 1434 10
147 1371 291 1438 homines
310 1370 400 1437 vobis
419 1368 520 1436 dedo?
550 1367 630 1435 haec
647 1368 764 1434 dicenti
780 1368 879 1435 fetiali
892 1367 1081 1439 Postumius
1094 1392 1164 1460 genu

147 1467 251 1532 femur
268 1475 386 1551 quanta
403 1466 540 1531 maxime
557 1472 680 1551 poterat
697 1463 730 1529 vi
746 1463 880 1550 perculit
893 1471 925 1530 et
938 1464 1025 1533 clara
1038 1489 1111 1534 voce
1120 1466 1161 1545 nit,

149 1583 182 1626 se
194 1559 370 1627 Samnitem
384 1559 485 1626 civem
504 1580 584 1638 esse,
603 1558 691 1625 illum
709 1557 851 1645 legatum
867 1558 1011 1628 fetialem
1029 1584 1095 1628 ase
1106 1582 1164 1629 con·

148 1665 196 1721 tra
214 1655 264 1719 ius
281 1653 423 1741 gentium
441 1654 607 1719 violatum:
631 1675 668 1720 eo
685 1653 799 1720 iustius
817 1652 937 1721 bellum
956 1665 1112 1744 gesturos.

115 1773 129 1820 1
212 1749 278 1815 XI.
311 1748 395 1814 Tum
411 1748 561 1814 Pontius:
590 1754 663 1815 ‘nec
685 1771 746 1836 ego
767 1749 863 1814 istam
884 1749 1080 1819 deditionem
1100 1749 1164 1818 acci·

113 1867 129 1915 2
146 1844 246 1933 piam'
258 1845 360 1930 inquit
374 1851 446 1911 ‘nee
457 1843 615 1912 Samnites
628 1854 730 1911 ratam
742 1843 914 1912 habebunt
940 1846 1021 1932 quin
1033 1857 1078 1926 tu,
1089 1844 1164 1935 Spun'

146 1939 307 2018 Postumi,
332 1940 360 2004 si
380 1939 458 2005 deos
481 1961 552 2006 esse
570 1961 695 2017 censer,
718 1948 773 2005 aut
795 1940 902 2006 omnia
917 1941 1015 2009 inrita
1032 1942 1110 2008 facis
1123 1947 1163 2007 ant
1189 1982 1192 1987 -

148 2044 241 2121 pacto
261 2033 346 2099 stas?
373 2031 510 2100 Samniti
527 2032 645 2120 populo
663 2056 772 2100 omnes
778 2083 788 2114 ,
807 2056 887 2120 quos
904 2034 938 2101 in
956 2046 1111 2125 potestate
1123 2035 1164 2101 la·

115 2129 230 2208 abuit,
255 2137 310 2195 aut
330 2151 388 2216 pro
405 2127 456 2193 his
474 2150 538 2215 pax
556 2127 697 2195 debetur.
737 2128 795 2197 sed
815 2130 894 2215 quid
915 2153 978 2220 ego
1001 2142 1035 2199 te
1052 2130 1164 2221 appello,

148 2224 202 2310 qui
220 2233 251 2289 te
270 2233 397 2310 captum
414 2223 525 2290 victori
543 2245 616 2288 cum
632 2245 696 2309 qua
712 2233 803 2311 potes
820 2224 885 2291 fide
901 2226 1066 2295 restituis?
1085 2246 1165 2315 popu·

147 2318 214 2384 lum
222 2319 402 2384 Romanum
416 2318 549 2405 appello,
559 2340 655 2402 quem
668 2318 697 2384 si
710 2319 888 2405 sponsionis
898 2320 939 2386 ad
949 2320 1091 2389 furculas
1101 2321 1165 2389 Cau·

148 2415 239 2480 dinos
257 2414 360 2479 factae
377 2415 529 2501 paenitet,
547 2413 692 2479 restituat
708 2415 849 2502 legiones
871 2416 955 2484 intra
977 2419 1163 2502 saltumque

114 2529 130 2575 4
149 2519 275 2596 saeptae
298 2509 435 2574 fuerunt.
472 2531 565 2574 nemo
587 2531 779 2594 quemquam
800 2511 974 2598 deceperit,
999 2515 1105 2580 omnia
1122 2530 1163 2598 pro

147 2605 265 2670 infecto
284 2605 359 2683 sint,
382 2603 535 2690 recipiant
555 2627 642 2669 arma
664 2626 745 2688 quae
766 2627 824 2690 per
844 2606 1027 2692 pactionem
1052 2606 1164 2674 tradide-

146 2699 426 2777 runt,redeant
379 2707 451 2762 ιιιι
473 2707 577 2764 castra
599 2721 670 2777 sua,
698 2698 852 2784 quidquid
877 2701 981 2787 pridie
1006 2702 1163 2770 habuerint

146 2722 244 2876 quatis
262 2794 296 2857 in
313 2793 516 2877 conloquium
534 2802 583 2859 est
600 2802 728 2859 ventum
675 2794 910 2873 um,thabeanr
883 2805 999 2863 t·tum
1017 2797 1129 2865 bellum
1142 2799 1163 2858 et

147 2886 220 2951 fort
199 2900 242 2950 ιιι
264 2887 395 2952 consilia
415 2886 574 2972 placeant,
602 2897 669 2954 turn
692 2889 821 2975 sponsio
843 2899 875 2956 et
899 2912 967 2976 pax
991 2893 1162 2980 repudietur

115 3002 130 3050 5
149 3003 187 3046 ea
199 2980 262 3046 sort
250 2992 335 3060 tuna,
350 2983 389 3047 iis
407 2982 495 3062 locis,
509 3006 591 3069 quae
605 3008 646 3048 an
647 2994 677 3049 te
690 2985 778 3069 pacis
792 2985 986 3052 mentionem
1003 2987 1160 3059 habuimus

148 3100 296 3164 geramus
314 3077 442 3157 bellum,
461 3102 520 3145 nee
533 3079 669 3165 populus
678 3080 842 3147 Romanus
857 3082 1029 3149 consulum
1043 3080 1161 3172 sponsio·
1202 3102 1204 3107 ·

115 3191 130 3240 6
148 3195 221 3237 nem
234 3196 293 3238 nec
306 3197 364 3239 nos
379 3174 474 3238 fidem
487 3175 597 3261 populi
604 3174 741 3240 Romani
754 3197 953 3243 accusemus.
972 3190 1159 3265 numquamne

148 3289 245 3332 causa
263 3268 365 3346 defiet,
344 3278 441 3334 tour
458 3269 521 3333 vict
522 3269 533 3333 i
509 3279 643 3354 tpacto
660 3293 725 3336 non
738 3270 846 3335 stetis?
868 3271 1000 3341 obsides
1008 3274 1159 3341 Porsinna

148 3361 294 3427 dedistis.
312 3364 377 3428 furt
365 3373 396 3428 to
411 3386 465 3430 eos
485 3363 695 3444 subduxistis;
714 3387 790 3432 auro
807 3365 971 3433 civitatem
984 3392 1005 3436 a
1018 3367 1159 3437 Galliam
1199 3368 1204 3373 ’

115 3453 305 3523 ademistis.
323 3457 404 3522 inter
421 3458 639 3545 accipiendum
656 3482 769 3524 aurum
786 3460 872 3526 caesi
889 3471 980 3527 sunt·
971 3477 1158 3550 ,pacemne¹

147 3548 272 3616 biscum
288 3552 463 3639 pepigistis,
484 3563 519 3618 ut
536 3554 677 3640 legiones
692 3554 783 3621 vobis
801 3563 911 3642 captas
929 3559 1157 3625 restitueremus:
1197 3554 1204 3583 ·’

148 3668 219 3710 eam
235 3669 347 3758 pacem
364 3648 490 3714 inritam
507 3648 592 3714 facit
571 3661 620 3715 trs.
648 3660 680 3716 et
694 3672 819 3737 semper
832 3650 975 3736 aliquam
991 3652 1095 3722 fraudi
1108 3667 1157 3754 opt·

114 3750 129 3799 8
148 3739 229 3806 ciem
242 3742 318 3807 iuris
331 3742 452 3827 inponit
453 3745 490 3809 is.
516 3768 581 3810 non
593 3743 706 3831 probat
718 3745 854 3833 populus
862 3745 1060 3816 Romanus
1050 3736 1157 3836 lgnoffll'

147 3837 238 3901 niosa
255 3858 333 3947 pace
351 3836 492 3924 legiones
511 3840 671 3906 servatas?
691 3863 803 3928 pacem
818 3840 879 3907 sibi
896 3841 1025 3924 habeat,
1042 3843 1155 3947 logicat!
1196 3918 1200 3929 .

148 3941 256 4017 captas
270 3932 381 3999 victori
394 3935 635 4002 restittuathoc
648 3935 721 4015 fide,
735 3936 797 4003 hoc
812 3937 1007 4018 foederibus,
1020 3939 1079 4006 hoc
1089 3931 1154 4001 sear·

114 4043 129 4093 9
147 4024 230 4091 libus
249 4027 444 4096 caerimoniis
463 4031 595 4118 dignum
613 4041 688 4098 erat.
724 4042 760 4098 ut
773 4032 902 4118 quidem
920 4043 956 4100 tu
974 4035 1058 4122 quod
1072 4016 1155 4120 petisti
1194 4036 1204 4071 ·²
