2566 4524
144 248 209 316 342
367 258 487 313 mauu
504 257 561 328 vr,
579 258 621 313 es.
634 257 676 313 er.
696 260 769 326 [aa
780 255 874 313 asso.
887 257 952 327 aee]

146 441 218 484 cum
238 425 327 504 parte
350 415 542 502 collegarum
564 424 595 479 et
616 437 681 480 uno
704 437 744 480 ex
762 413 895 481 tribunis
912 414 1047 481 militum
1062 415 1145 495 Fabio,

145 511 279 578 artifices
305 510 370 575 iam
396 517 442 574 tot
468 531 622 574 annorum
647 530 709 574 usu
734 509 889 575 tractandi
914 509 1037 575 animos
1060 509 1146 598 plebis,

144 607 298 692 primores
310 613 436 692 patrum
448 604 619 689 productos
631 602 853 690 interrogando
872 604 911 669 de
931 604 1148 692 singulaque
1181 658 1185 665 .

97 722 127 769 11
147 698 328 766 ferebantur
345 698 387 764 ad
402 697 569 784 populum,
589 696 778 784 fatigabant:
797 698 990 765 auderentne
1007 699 1148 786 postidea,

147 803 195 872 ut,
223 815 297 859 cum
321 791 397 858 bina
421 792 532 878 iugera
554 792 622 880 agri
642 791 730 878 plebi
750 791 978 872 dividerentur,
1006 793 1080 880 ipsis
1096 793 1150 880 plus
1180 832 1185 849 .-

147 889 320 974 quingenta
340 887 450 973 iugera
471 884 588 951 habere
608 886 730 965 liceret,
752 894 788 951 ut
806 887 923 973 singuli
940 908 1041 973 prope
1057 896 1151 954 trecea

147 992 252 1048 torum
278 980 395 1046 civium
420 980 618 1068 possiderent
640 1003 747 1068 agros,
774 980 898 1068 plebeio
920 980 1043 1047 homini
1062 981 1106 1048 vix
1119 981 1152 1047 ad

147 1086 265 1142 tectum
294 1075 508 1141 necessarium
535 1084 589 1141 aut
614 1075 720 1141 locum
747 1075 926 1161 sepulturae
954 1099 1033 1142 snus
1058 1083 1154 1164 pateret

98 1193 130 1240 12
148 1171 243 1260 ager?
259 1194 300 1236 an
312 1170 450 1259 placeret
462 1169 589 1236 faenore
608 1169 852 1237 circumventam
868 1169 1006 1257 plebem,
1024 1172 1057 1236 ni
1071 1169 1153 1259 potius

148 1290 243 1353 quam
267 1276 383 1332 sortem
406 1265 559 1331 creditum
577 1264 692 1342 solvat,
717 1287 830 1351 corpus
847 1265 881 1329 in
898 1287 1032 1331 nervum
1049 1288 1084 1331 ac
1099 1286 1155 1350 sup

147 1360 242 1447 plicia
264 1361 339 1427 dare
361 1369 393 1425 et
413 1359 568 1446 gregatim
590 1358 704 1425 cotidie
726 1359 766 1423 de
788 1357 857 1424 foro
878 1359 1023 1425 addictos
1049 1359 1156 1424 duciet

147 1454 262 1540 repleri
287 1454 401 1520 vinctis
427 1452 549 1520 nobiles
580 1453 693 1518 domus
724 1461 769 1531 et,
806 1452 998 1539 ubicumque
1030 1449 1154 1540 patricius

149 1547 281 1626 habitet,
300 1547 345 1612 ibi
363 1569 518 1612 carcerem
536 1546 693 1633 privatum
712 1546 801 1612 esse?

117 1665 130 1710 1
213 1639 403 1706 XXXVII.
438 1641 530 1706 Haec
556 1641 686 1727 indigna
711 1641 953 1726 miserandaque
975 1641 1083 1707 auditu
1101 1660 1156 1706 cum

151 1736 236 1822 apud
258 1736 403 1801 timentes
427 1735 552 1801 sibimet
574 1736 661 1823 ipsos
683 1735 800 1801 maiore
823 1735 1020 1801 audientium
1037 1735 1156 1822 indigns·

116 1850 131 1896 2
150 1831 234 1896 tione
256 1852 352 1916 quam
370 1853 428 1895 sua
444 1829 687 1915 increpuissent,
711 1829 798 1914 atqui
814 1851 874 1896 neo
891 1852 986 1918 agros
1006 1824 1156 1916 occupandi

149 1925 280 1989 modum
296 1945 355 1989 nec
373 1923 500 1988 faenore
519 1923 695 2000 trucidandi
706 1923 833 2010 plebem
845 1924 942 1989 alium
955 1924 1095 2010 patribus
1106 1944 1157 1987 um·

150 2040 247 2100 quam
268 2017 336 2082 sore
358 2015 578 2094 adfirmabant,
605 2018 668 2081 nisi
689 2018 821 2083 alterum
840 2016 990 2105 explebe
1009 2016 1155 2092 consulem,

117 2110 313 2177 eeustodem
341 2132 416 2175 suae
438 2109 604 2189 libertatis,
631 2110 733 2197 plebis
760 2111 897 2177 fecisset.
934 2112 1090 2177 contemni
1110 2111 1157 2175 ian

151 2202 292 2270 tribunos
309 2203 425 2291 plebis,
444 2205 560 2290 quippe
579 2227 660 2289 qnae
676 2215 816 2291 potestas
834 2206 899 2271 iam
916 2229 1010 2271 suam
1026 2207 1095 2292 ipsa
1108 2203 1156 2268 vin

116 2321 134 2366 4
150 2298 277 2386 frangat
293 2299 524 2364 intercedendo.
561 2322 625 2364 non
641 2322 737 2386 posse
755 2322 855 2384 aequo
873 2301 941 2365 iure
959 2301 1027 2388 agi,
1049 2300 1102 2366 ubi
1114 2296 1157 2364 im·

149 2396 273 2481 perium
293 2418 390 2482 penes
412 2394 498 2472 illos,
525 2417 623 2480 penes
647 2417 681 2460 se
707 2396 858 2460 auxilium
886 2404 1009 2460 tantum
1036 2395 1084 2461 sit.
1113 2387 1158 2456 nisi

150 2490 282 2575 imperio
305 2490 534 2555 communicato
557 2512 729 2574 numquam
750 2489 876 2575 plebem
893 2488 926 2554 in
942 2499 1034 2576 parte
1050 2481 1158 2576 parirei

149 2583 295 2670 publicae
322 2584 399 2649 fore.
435 2606 494 2648 nec
521 2605 592 2647 esse
619 2584 704 2668 quod
730 2584 898 2668 quisquam
924 2585 1001 2649 satis
1024 2591 1119 2671 putet,
1141 2575 1160 2642 si

149 2676 345 2764 plebeiorum
366 2678 445 2743 ratio
468 2678 601 2743 comitiis
625 2678 841 2743 consularibus
853 2678 1033 2759 ,habeatur3
1057 2677 1115 2743 nisi
1128 2672 1160 2738 al·

151 2782 253 2836 terum
271 2771 432 2836 consulem
445 2773 553 2856 utique
567 2795 607 2837 ex
619 2771 712 2858 plebe
725 2772 794 2838 fieri
805 2795 936 2838 necesse
950 2774 1005 2852 sit,
1023 2772 1160 2838 neminen

117 2864 229 2933 afore.
270 2887 311 2929 an
331 2865 395 2929 iam
417 2867 568 2931 memoria
589 2867 707 2946 exisse,
731 2890 804 2932 cum
821 2865 963 2933 tribunos
981 2868 1113 2933 militum
1126 2861 1161 2928 id·

152 2958 234 3023 circo
250 2958 356 3045 potius
375 2981 470 3044 quam
485 2960 631 3026 eonsules
646 2963 744 3026 creari
755 2961 936 3049 placuisset,
955 2971 991 3026 ut
1005 2972 1037 3027 et
1050 2955 1160 3047 plebeiis

150 3062 270 3139 pateret
288 3077 431 3121 summus
444 3055 559 3135 honos,
578 3066 726 3141 quattuor
742 3066 773 3121 et
791 3056 1001 3142 quadraginta
1019 3057 1107 3122 annis
1121 3071 1162 3118 ne·

69 3184 72 3190 ·
117 3168 133 3216 6
151 3148 267 3214 minem
286 3172 325 3214 ex
342 3148 434 3236 plebe
453 3149 612 3216 tribunum
630 3151 764 3215 militum
782 3159 921 3215 creatum
940 3151 1032 3217 esse?
1050 3149 1102 3235 qui
1113 3166 1162 3213 cre·

151 3243 273 3323 derent,
301 3243 425 3310 duobus
448 3266 533 3310 nunc
554 3244 588 3308 in
608 3244 686 3310 loeis
710 3269 767 3309 sua
793 3243 954 3310 voluntate
980 3244 1161 3332 inpertituros

150 3337 237 3422 plebi
257 3338 422 3418 honorem,
447 3339 500 3424 qui
518 3349 631 3404 octona
647 3339 717 3404 loca
734 3339 866 3404 tribunis
884 3339 1023 3404 militum
1041 3333 1161 3404 creandis

152 3452 306 3517 occupare
324 3432 408 3497 soliti
426 3433 501 3512 sint,
522 3443 552 3498 et
570 3433 611 3499 ad
629 3432 826 3499 consulatum
840 3433 924 3498 viam
938 3433 1009 3498 fieri
1022 3450 1161 3520 passuros,

118 3545 132 3592 7
151 3525 206 3610 qui
224 3525 416 3591 tribunatum
436 3536 580 3615 saeptum
598 3536 662 3592 tam
679 3528 734 3592 diu
747 3527 932 3593 habuerint?
953 3528 1028 3616 lege
1041 3527 1162 3595 obtinen-

151 3618 228 3683 dum
246 3641 329 3699 esse,
349 3623 435 3707 quod
453 3622 586 3687 comitiis
600 3621 803 3710 pergratiam
817 3630 963 3707 nequeat,
983 3632 1016 3688 et
1030 3639 1161 3710 seponen·

152 3713 228 3779 dum
250 3724 339 3782 extra
360 3727 519 3783 certamen
540 3717 672 3782 alterum
690 3716 902 3796 consulatum,
925 3717 968 3782 ad
985 3740 1080 3802 quem
1095 3705 1161 3803 plebi

152 3809 193 3873 sit
210 3809 327 3891 aditus,
351 3811 499 3896 quoniam
516 3812 549 3876 in
567 3811 734 3877 certamine
751 3811 878 3877 relictus
900 3812 1079 3897 praemium
1098 3826 1160 3875 sem·

117 3920 133 3969 8
150 3925 207 3989 per
224 3905 406 3991 potentioris
424 3905 549 3972 futurus
568 3906 617 3972 sit
654 3928 712 3972 nec
734 3905 798 3971 iam
818 3929 915 3992 posse
938 3906 1001 3971 diei
1023 3906 1069 3986 id,
1093 3892 1159 3989 quod

152 4006 243 4064 antea
260 4000 375 4066 iactare
394 4000 477 4066 soliti
494 4001 569 4081 sint,
588 4024 652 4067 non
669 4023 740 4067 esse
757 4001 790 4066 in
804 4000 937 4086 plebeiis
951 4001 1081 4067 idoneos
1092 3995 1156 4063 vitot
