2566 4524
134 250 199 317 378
344 259 461 316 annu
477 258 547 330 vn,
565 258 665 316 enas.
686 258 955 333 [aucam-su]

135 443 208 487 cum
230 441 346 485 corona
362 418 497 486 militum
514 417 617 485 cincta
633 418 697 484 iam
714 418 808 485 scalis
826 428 995 506 caperetur
1009 419 1100 502 urbs,
1117 422 1151 491 ad

135 523 282 600 quattuor
294 513 380 580 milia
391 513 525 578 militum
537 522 661 599 praeter
677 511 910 579 multitudinem
926 513 1077 583 inbellem
1091 539 1149 585 sese

99 630 117 677 8
136 609 291 675 dedidere.
336 607 487 694 oppidum
509 607 647 673 dirutum
669 616 764 692 atque
784 608 952 675 incensum
967 647 1011 661 ·-
1028 610 1069 677 ab
1085 612 1149 679 aede

135 713 256 769 tantum
273 702 381 770 matris
399 701 542 767 Matutae
560 701 738 769 abstinuere
755 701 862 789 ignem
879 740 938 782 -,
961 705 1081 792 praeda
1095 728 1148 773 on-

134 798 184 862 nis
207 795 298 861 militi
319 796 402 861 data.
448 804 536 861 extra
552 796 702 883 praedam
719 805 866 881 quattuor
882 797 972 867 milia
988 799 1148 869 deditorum

134 890 256 969 habita3
284 912 338 957 eos
360 890 483 955 vinctos
506 889 617 956 consul
638 898 711 956 ante
729 911 854 957 currum
872 892 1070 980 triumphans
1084 894 1146 981 egit,

134 984 269 1051 venditis
296 984 408 1050 deinde
434 1006 582 1070 magnam
606 983 773 1071 pecuniam
798 985 833 1050 in
852 986 1014 1053 aerarium
1033 986 1144 1074 redegit
1173 1018 1177 1023 ·

100 1089 210 1148 esunt
238 1079 294 1164 qui
324 1079 407 1145 hanc
431 1078 663 1144 multitudinem
689 1079 845 1166 captivam
872 1101 1042 1147 servorum
1064 1081 1146 1147 fuisse
1183 1132 1185 1143 .

136 1174 287 1254 scribant,
313 1174 409 1259 idque
430 1173 532 1260 magis
555 1173 621 1238 veri
643 1173 744 1239 simile
766 1182 816 1240 est
836 1196 933 1259 quam
961 1175 1084 1243 deditos
1104 1196 1146 1240 ve-
1181 1174 1185 1213 ³

135 1291 231 1335 msse.

102 1386 115 1431 r
198 1360 367 1428 XXVIIL
411 1359 484 1427 Hos
501 1360 646 1427 consides
665 1361 766 1426 secuti
783 1370 857 1428 sunt
872 1360 921 1428 Μ.
940 1362 1064 1431 Fabius
1078 1363 1147 1431 Du·

136 1481 208 1535 suo,
232 1455 301 1523 Ser.
322 1455 482 1544 Sulpicius
501 1455 698 1523 Camerinus.
741 1455 932 1525 Auruncum
954 1459 1031 1526 inde
1047 1459 1147 1527 bellun

100 1572 116 1619 2
135 1552 175 1618 ab
193 1552 356 1638 repentina
375 1552 577 1638 populatione
600 1561 761 1638 coeptum,
788 1561 953 1637 metuque,
980 1577 1023 1620 ne
1043 1555 1077 1621 id
1095 1553 1146 1621 fno-

135 1657 202 1711 tum
223 1646 334 1732 populi
354 1646 461 1725 unius,
484 1645 650 1712 consilium
667 1646 769 1713 omnis
786 1647 922 1713 nominis
939 1648 1053 1715 Latini
1069 1656 1145 1735 esset,

136 1740 268 1807 dictator
289 1739 375 1806 velut
397 1741 548 1806 adversus
571 1749 725 1806 armatum
745 1740 812 1806 iam
831 1741 966 1809 Latium
986 1743 1031 1809 L.
1048 1742 1145 1809 Furius

99 1844 269 1904 ocreatus.
313 1835 500 1923 magistrum
521 1834 662 1920 equitum
684 1833 744 1900 Cn.
766 1833 926 1901 Manlium
947 1835 1146 1923 Capitolinum

135 1929 223 1994 dixit
268 1938 407 2007 etcum,
433 1929 519 2013 quod
538 1947 596 2014 per
616 1951 749 2016 magnos
772 1929 926 1995 tumultus
949 1929 1022 1996 fieri
1038 1930 1145 1997 solitum

135 2031 215 2100 erat,
250 2022 368 2087 iustitio
393 2022 510 2087 indicto
537 2022 670 2089 dilectus
697 2023 765 2089 sine
791 2023 1013 2093 vacationibus
1038 2024 1145 2091 habitus

135 2126 233 2195 esset,
261 2116 416 2204 legiones,
446 2126 597 2202 quantum
622 2118 772 2185 maturari
794 2119 910 2206 potuit,
937 2120 973 2185 in
993 2119 1144 2187 Auruncu

135 2212 256 2279 ductae.
300 2211 346 2278 ibi
370 2213 565 2299 praedonum
590 2213 693 2300 magis
718 2235 815 2298 quam
836 2213 978 2285 hostium
1000 2215 1096 2283 animi
1109 2213 1145 2279 in·

100 2328 118 2374 4
135 2307 235 2386 venti3
256 2307 359 2393 prima
375 2308 481 2392 itaque
498 2307 565 2373 acie
583 2306 773 2373 debellatum
790 2318 848 2375 est.
892 2309 1031 2377 dictator
1049 2320 1143 2385 umen,

134 2402 208 2486 quia
221 2411 253 2468 et
266 2402 345 2468 ultro
359 2401 477 2468 bellum
489 2402 657 2468 munierant
670 2412 702 2468 et
714 2403 782 2469 sine
799 2402 1028 2471 detractatione
1046 2426 1080 2472 se
1094 2423 1144 2469 cer·

134 2497 244 2562 tamini
262 2495 450 2576 offerebant,
472 2497 602 2563 deorum
620 2518 744 2582 quoque
755 2490 838 2583 ‘opes
855 2497 1056 2565 adhibendas
1075 2506 1143 2565 mtut

133 2594 214 2659 inter
238 2593 341 2679 ipsam
367 2593 598 2659 diminutionem
620 2593 731 2658 aedem
752 2592 866 2658 Iunoni
887 2591 1044 2661 Monetae
1063 2592 1144 2661 vovit:

134 2688 223 2753 cuius
242 2688 408 2752 damnatus
426 2687 491 2752 voti
509 2709 581 2753 cum
603 2687 703 2752 victor
719 2686 856 2753 Romam
877 2689 1075 2768 revertisset,
1096 2686 1144 2753 dic·
1183 2684 1185 2697 '

99 2790 237 2846 statura
258 2803 292 2844 se
315 2779 481 2845 abdicavit.
527 2789 653 2846 senatus
676 2781 858 2847 duumviros
884 2781 928 2846 ad
955 2804 1029 2849 eam
1055 2782 1144 2849 aeden

134 2895 191 2958 pro
213 2873 417 2959 amplitudine
437 2875 547 2960 populi
567 2875 703 2941 Romani
726 2874 903 2941 faciendam
931 2878 1034 2943 creari
1059 2874 1143 2951 iussit
1183 2906 1185 2911 ·

134 2966 222 3031 locus
248 2966 282 3031 in
308 2989 378 3033 arce
405 2968 594 3047 destinatus,
626 2991 707 3053 quae
733 2991 806 3034 area
831 2969 961 3036 aedium
985 2969 1038 3037 M.
1061 2963 1143 3037 Mani

99 3081 115 3128 e
137 3058 307 3147 Capitolini
328 3061 441 3128 fuerat.
486 3062 631 3130 consides
650 3063 809 3129 dictatoris
828 3063 970 3129 exercitu
987 3066 1032 3131 ad
1048 3063 1142 3132 bellun
1182 3114 1185 3129 ,

133 3154 287 3222 Volscum
313 3157 364 3222 usi
390 3154 505 3223 Soram
530 3180 571 3222 ex
595 3156 754 3236 hostibus,
789 3155 934 3224 incautos
961 3159 1078 3239 adorti,
1106 3174 1141 3223 ut·
1182 3174 1185 3215 t

132 3259 255 3335 perunt.
1181 3244 1185 3267 ⁸

196 3343 293 3410 Anno
314 3353 387 3430 post
408 3366 503 3428 quam
525 3354 600 3410 vota
621 3353 688 3411 erat
709 3345 804 3411 aedes
825 3342 979 3419 Monetae
1002 3346 1140 3412 dedum

136 3435 174 3503 Ο.
197 3436 320 3504 Marcio
347 3439 454 3505 Rutilo
481 3439 620 3518 tertium,
649 3438 688 3504 T.
711 3438 833 3505 Manlio
860 3437 1026 3525 Torquato
1051 3440 1140 3505 iterun

98 3531 324 3599 econsulibus.
367 3534 547 3621 prodigium
573 3533 730 3620 extemplo
756 3532 988 3605 dedicationem
1010 3540 1139 3601 secutum»

134 3625 235 3690 simile
255 3635 380 3694 vetusto
397 3628 512 3695 montis
530 3625 649 3693 Albani
666 3626 824 3714 prodigio:
846 3648 986 3713 namque
1004 3637 1038 3693 et
1051 3616 1139 3711 lapidi

131 3718 192 3786 bus
213 3720 294 3806 pluit
315 3730 347 3787 et
367 3745 431 3788 nox
447 3722 582 3788 interdiu
599 3721 819 3801 visaintendi3
840 3720 997 3809 librisque
1012 3711 1138 3807 inspecti·

132 3836 205 3879 cum
225 3814 320 3902 plena
340 3816 490 3903 religione
513 3816 623 3882 civitas
645 3827 744 3896 esset,
768 3815 891 3882 senatui
907 3815 1044 3903 placuit,
1064 3811 1138 3879 did*
1182 3820 1184 3827 '

95 3921 231 3975 ctorem
256 3909 406 3976 feriarum
433 3911 721 3977 constituendarum
746 3932 843 3977 causa
874 3909 949 3977 diei.
993 3910 1091 3977 dion
1110 3896 1137 3967 Ρ·
1181 3934 1185 3969 =

131 4000 278 4070 Valerius
295 4002 474 4085 Publicola,
497 4005 648 4093 magister
669 4004 810 4091 equitum
832 4004 862 4071 ei
881 4001 923 4089 Q,
942 4002 1062 4071 Fabius
1076 3996 1137 4065 An
1183 4060 1185 4069 ,
