2566 4524
128 239 172 302 44
360 250 479 305 LIBER
496 249 525 319 Ι,
543 248 585 305 40.
594 247 637 303 41.
659 252 696 318 [a.
705 266 733 303 u.
746 265 770 303 c.
779 248 930 320 176-220]

128 409 265 487 facinus,
293 407 407 492 quibus
430 408 572 472 consueti
594 416 682 473 erant
703 416 835 491 uterque
860 405 1042 494 agrestibus
1065 400 1168 473 ferra·

128 502 257 581 mentis,
276 503 310 566 in
322 501 478 567 vestibulo
495 501 601 588 regiae
619 524 714 586 quam
731 511 861 588 potuere
878 500 1145 568 tumultuosissime
1187 500 1193 515 “

130 599 234 685 specie
260 598 346 661 rixae
372 596 406 661 in
432 617 466 660 se
489 618 598 661 omnes
621 596 814 681 apparitores
836 595 943 683 regios
966 603 1145 661 convertunt
1186 592 1193 673 f

128 693 216 770 inde,
240 714 311 756 cum
330 689 423 755 ambo
440 711 548 775 regem
566 691 759 776 appellarent
776 690 957 774 clamorque
978 712 1087 756 eorum
1103 709 1146 775 pe·
1186 684 1193 725 ³

129 787 214 852 nitus
240 786 274 850 in
299 786 419 872 regiam
445 785 653 870 pervenisset,
685 784 789 851 vocati
814 785 855 850 ad
881 806 991 872 regem
1018 792 1146 872 pergunt
1186 778 1193 822 ²

97 902 112 950 s
129 881 230 966 primo
244 890 374 963 uterquc
387 879 552 944 vociferari
571 889 601 944 et
615 880 756 944 certatim
769 878 847 943 alter
863 878 954 944 alteri
971 878 1148 965 obstrepere

131 975 256 1041 coerciti
274 975 313 1039 ab
331 974 439 1038 lictore
458 986 489 1038 et
505 975 584 1038 iussi
600 975 736 1039 invicem
759 975 862 1039 dicere
884 973 1016 1038 tandem
1038 970 1149 1058 obloqui

98 1094 112 1138 s
131 1071 295 1147 desistunt,
315 1092 396 1133 unus
410 1091 477 1133 rem
491 1091 531 1134 ex
555 1070 717 1153 conposito
732 1069 860 1135 orditur.
887 1068 966 1132 dum
978 1068 1150 1133 intentusin

131 1189 203 1231 eum
222 1188 256 1230 se
274 1186 330 1229 rex
349 1173 431 1228 totus
450 1172 616 1241 averteret,
635 1164 714 1228 alter
731 1163 845 1229 elatam
864 1163 1001 1228 securim
1018 1164 1055 1229 in
1071 1168 1151 1250 capul

131 1260 225 1325 deicit
242 1259 413 1342 relictoque
430 1258 464 1322 iu
481 1257 609 1321 vulnere
627 1256 689 1322 telo
707 1256 801 1322 ambo
820 1279 854 1322 se
871 1257 958 1323 foras
977 1257 1102 1323 eiciunt

98 1378 110 1423 1
194 1353 369 1419 XXXXI.
389 1351 595 1437 Tarquinium
605 1352 826 1417 moribundum
835 1375 908 1417 cum
921 1351 977 1437 qui
985 1353 1151 1419 circaernnl

132 1450 342 1534 excepissent,
370 1448 440 1512 illos
458 1447 615 1534 fugientes
638 1448 763 1513 lictores
797 1446 1067 1534 conprehendunt
1100 1445 1152 1513 clt-

131 1565 201 1608 mor
216 1543 290 1607 inde
308 1564 542 1624 concursusque
559 1543 669 1628 populi
685 1542 879 1620 mirantium,
905 1541 984 1627 quid
1004 1542 1055 1608 rei
1071 1548 1151 1607 esset.

132 1636 289 1721 Tanaquil
315 1636 396 1700 inter
421 1636 589 1700 tumultum
616 1636 721 1701 claudi
745 1636 866 1724 regiam
890 1636 993 1724 iubet,
1031 1634 1152 1703 arbitror

133 1731 218 1810 eicit,
246 1731 340 1797 simul
366 1753 446 1815 quae
473 1731 611 1796 curando
632 1731 754 1795 vulneri
779 1754 859 1817 opus
886 1740 975 1810 sunt,
1002 1739 1154 1816 tamquam

133 1849 206 1911 spes
225 1826 383 1904 subesset,
411 1826 520 1891 sedulo
550 1835 699 1911 conparat
721 1825 828 1904 simul,
856 1826 884 1892 si
905 1825 1058 1890 destituat
1079 1844 1152 1911 spes,

132 1920 194 1985 alia
210 1920 368 2005 praesidia
385 1920 518 1984 molitur.

99 2035 114 2081 a
199 2011 310 2080 Servio
336 2035 468 2099 propere
491 2014 590 2078 accito
613 2036 684 2078 cum
715 2036 815 2099 paene
842 2035 1037 2100 exsanguem
1063 2013 1155 2079 virm

133 2108 336 2186 ostendisset,
363 2108 506 2171 dextram
524 2117 633 2173 tenens
652 2118 733 2186 orat,
756 2130 795 2173 ne
812 2108 945 2173 inultam
962 2117 1097 2174 mortem
1113 2127 1154 2171 sc-

99 2202 210 2279 aceri,
237 2224 277 2266 ne
296 2223 421 2267 socrum
438 2201 572 2266 inimicis
594 2202 729 2268 ludibrio
747 2225 818 2268 esse
841 2202 932 2268 sinat.
969 2208 1077 2269 ‘tuum
1098 2194 1154 2278 est’

132 2297 233 2380 inquit
257 2294 377 2374 ‘Servi
402 2297 429 2362 si
446 2297 495 2362 vir
512 2320 561 2375 es,
584 2320 731 2384 regnum,
754 2321 818 2362 non
836 2319 959 2376 eorum,
982 2299 1038 2382 qui
1056 2294 1154 2364 alienis

131 2391 277 2457 manibus
295 2392 469 2478 pessimum
486 2392 609 2457 facinus
623 2392 735 2457 fecere.
767 2392 852 2478 erige
867 2402 898 2456 te
912 2391 1054 2477 deosque
1068 2394 1154 2458 duces

133 2509 277 2571 sequere,
305 2487 360 2571 qui
378 2488 496 2553 clarum
513 2486 574 2551 hoc
591 2486 659 2551 fore
678 2496 772 2572 caput
794 2487 900 2553 divino
924 2488 1086 2570 quondam
1107 2485 1155 2551 cin·

133 2581 277 2646 cumfuso
295 2582 363 2667 igni
383 2581 616 2666 portenderunt.
651 2603 735 2645 nunc
757 2591 789 2646 te
810 2581 865 2646 illa
882 2581 1027 2647 caelestis
1051 2581 1155 2647 excitet

132 2675 273 2752 flamma,
296 2697 380 2739 nunc
399 2674 616 2761 expergiscere
633 2697 716 2739 vere.
753 2686 784 2740 et
801 2697 859 2740 nos
877 2676 1036 2763 peregrini
1052 2697 1154 2763 regns·

133 2769 246 2832 vimus.
283 2769 337 2851 qui
364 2769 421 2845 sis,
449 2791 512 2833 non
533 2769 617 2834 unde
639 2779 732 2833 natus
760 2771 818 2848 sis,
845 2779 965 2855 reputa
1002 2771 1032 2836 si
1054 2780 1109 2836 tua
1126 2788 1153 2835 rt

98 2884 115 2928 4
134 2861 238 2926 subita
255 2862 385 2927 consilia
403 2872 539 2948 torpent,
563 2873 595 2928 at
612 2873 646 2927 tu
664 2887 734 2928 mea
753 2865 883 2929 consilia
901 2866 1054 2949 sequere?
1092 2884 1153 2931 cum

134 2956 251 3021 clamor
272 2957 471 3042 impetusque
493 2958 700 3024 multitudinis
723 2960 776 3023 rix
800 2959 946 3024 sustineri
972 2970 1096 3046 posset,
1121 2976 1153 3023 ex

135 3051 293 3137 superiore
311 3062 399 3137 parte
419 3053 544 3118 aedium
562 3077 618 3139 per
635 3055 790 3119 fenestras
808 3054 842 3117 in
859 3076 975 3118 novam
992 3056 1079 3121 viam
1097 3074 1154 3119 vcr-

135 3169 186 3212 sas
205 3146 426 3212 -habitabat
449 3148 532 3212 enim
553 3171 609 3213 rex
632 3149 672 3213 ad
689 3149 774 3214 Iovis
795 3145 990 3214 Statoris-
1012 3148 1154 3236 populun

99 3241 290 3326 5Tanaquil
316 3241 503 3326 adloquitur.
547 3243 635 3308 iubet
662 3243 743 3308 bono
774 3243 879 3308 animo
910 3265 995 3308 esse:
1028 3244 1176 3331 sopitum·

133 3334 232 3399 fuisse
249 3357 357 3422 regem
376 3336 480 3402 subito
497 3337 576 3414 ictu,
604 3337 723 3402 ferrum
740 3336 817 3403 haut
847 3337 908 3402 alte
925 3337 959 3402 in
977 3359 1093 3424 eorpus
1110 3334 1156 3400 do·

135 3428 308 3506 scendisse,
335 3430 398 3493 iam
420 3431 461 3494 ad
484 3453 518 3495 se
539 3431 674 3510 redisse3
701 3432 878 3517 inspectum
899 3431 1015 3497 vulnus
1039 3433 1156 3499 abterso

134 3545 252 3600 cruore,
271 3523 376 3588 omnia
394 3524 531 3591 salubria
548 3548 628 3591 esse.
656 3526 821 3604 confidere,
840 3547 938 3611 prope
956 3525 1041 3591 diem
1060 3527 1158 3613 ipsum

134 3638 188 3682 eos
211 3616 349 3695 visuros3
375 3618 499 3684 interim
519 3617 630 3686 Servio
649 3621 753 3685 Tullio
775 3620 882 3685 iubere
903 3620 1060 3705 populum
1082 3622 1159 3685 dicto
1186 3616 1189 3623 ’

134 3710 312 3775 audientem
335 3734 418 3790 esse,
447 3736 518 3777 eum
540 3714 609 3779 iura
634 3716 827 3779 redditurum
854 3713 1079 3798 obiturumque
1105 3712 1162 3780 alis

101 3804 217 3890 oregis
236 3804 343 3870 munia
360 3828 440 3871 esse.
478 3806 608 3873 Servius
632 3832 703 3873 cum
726 3807 833 3874 trabea
855 3816 886 3872 et
907 3808 1072 3875 lictoribus
1095 3830 1163 3895 pro-

134 3895 180 3964 dit
196 3921 243 3977 ac,
263 3900 337 3965 sede
355 3902 442 3988 regia
461 3903 587 3981 sedena,
607 3903 668 3968 alia
685 3903 836 3981 decernit,
856 3904 895 3967 de
912 3902 983 3968 aliis
1002 3905 1162 3970 consultu·

134 4018 204 4059 rum
222 4017 257 4061 se
273 4016 382 4082 regem
400 4018 469 4062 esse
488 3998 623 4063 simulat.
659 3998 763 4080 itaque
780 4020 837 4083 per
853 3997 971 4081 aliquot
989 3998 1074 4079 dies,
1095 4019 1165 4065 cum
