2566 4524
271 262 390 319 amun
406 261 491 334 vm,
508 260 551 318 14.
570 261 795 336 [11111110]
984 252 1049 323 423

77 419 228 488 nsentiam
255 417 310 504 (ex
330 419 486 504 Lucanis)
510 418 739 507 Sipontumque
762 421 983 511 (Bruttiorum)
1010 449 1048 492 ac

77 517 186 594 inam,
204 514 282 581 alias
299 515 373 581 inde
386 513 620 600 Messapiorum
638 537 676 581 ao
692 517 894 586 Lucanorum
912 519 1048 606 cepisset

77 633 114 677 es
134 619 166 677 et
184 617 338 675 trecentas
356 608 491 675 familias
509 609 656 676 inlustres
673 610 707 674 in
723 609 871 696 Epirum,
895 633 973 696 quas
991 615 1048 680 ob-

77 729 127 772 um
149 726 280 771 numero
301 703 444 783 haberet,
471 704 623 783 misisset,
649 704 736 771 haud
756 706 866 791 procul
887 707 1047 774 Pandosia
1064 730 1081 779 5

77 823 99 867 e
120 799 292 866 inminente
311 799 453 866 Lucanis
477 821 515 865 ac
535 799 668 865 Bruttiis
690 800 805 868 finibus
828 802 884 868 tris
910 803 1047 870 tumulos

77 903 217 980 [uantum
233 893 314 959 inter
331 915 366 959 se
384 893 536 959 distantes
553 893 682 972 insedit,
707 895 879 978 exquibus
896 897 1048 964 incursio·

100 988 135 1054 in
157 1009 282 1054 omnem
303 997 425 1074 partem
447 987 513 1075 agri
536 987 658 1055 hostilis
680 987 806 1054 faceret.
843 999 875 1054 et
895 986 1047 1058 ducentos
1066 1012 1082 1062 c

77 1103 121 1147 ne
143 1082 348 1148 Lucanorum
374 1082 481 1148 exules
505 1083 588 1148 circa
610 1104 644 1149 se
664 1105 721 1168 pro
743 1083 814 1148 fidis
836 1083 986 1164 habebat,
1013 1094 1048 1151 ut

77 1198 172 1261 reque
194 1175 262 1242 eius
283 1177 407 1264 generis
428 1177 555 1265 ingenia
573 1187 659 1256 sunt,
682 1199 755 1243 cum
772 1177 897 1244 fortuna
914 1179 1048 1245 mutabi-

77 1295 86 1336 1
101 1280 248 1358 gerentes
265 1271 370 1337 fidem.
409 1270 525 1338 imbres
544 1272 682 1337 continui
699 1273 818 1358 campis
837 1273 982 1340 omnibns
999 1274 1047 1339 in·
1066 1297 1081 1342 1

77 1367 178 1433 lantes
197 1388 269 1432 cum
285 1365 534 1433 interclusissent
550 1365 701 1436 trifariam
719 1367 891 1432 exercitum
905 1391 925 1434 a
937 1376 1047 1435 mutuo

77 1483 104 1526 tr
120 1483 157 1527 se
174 1461 304 1539 auxilio,
327 1461 390 1527 duo
406 1460 577 1548 praesidia,
601 1483 682 1545 quae
700 1461 858 1548 sinerege
876 1471 977 1540 erant,
999 1462 1048 1527 in-

77 1554 150 1621 viso
167 1554 305 1620 hostium
327 1555 464 1621 adventu
486 1555 717 1641 opprimuntur3
744 1554 916 1640 deletisque
938 1556 984 1622 eis
1005 1556 1048 1622 ad

77 1653 122 1714 lus
141 1648 337 1714 obsidionem
356 1670 465 1714 omnes
487 1649 640 1714 conversi.
675 1648 749 1714 inde
771 1648 811 1716 ab
828 1649 970 1716 Lucanis
992 1672 1048 1717 ex·
1064 1669 1081 1720 8

77 1764 129 1809 rus
158 1742 199 1806 ad
233 1764 308 1808 suos
330 1743 432 1808 nuntii
453 1743 543 1808 missi
565 1752 651 1821 sunt,
678 1751 832 1828 pactoque
853 1743 956 1809 reditu
975 1765 1048 1830 pro·

77 1859 156 1902 sum
174 1846 236 1914 est,
253 1859 362 1924 regem
379 1846 434 1903 aut
449 1837 558 1902 vivum
576 1844 630 1902 aut
643 1846 801 1902 mortuum
815 1835 847 1900 in
860 1845 1047 1922 potestatem

77 1953 161 1998 uros.
185 1939 323 2019 ceterum
336 1952 409 1997 cum
423 1930 551 1997 delectis
563 1930 632 2017 ipse
643 1929 806 2017 egregium
815 1929 936 1996 facinus
950 1953 1047 1997 ausus
1065 1950 1081 2000 a

77 2024 213 2090 medios
227 2025 362 2111 erumpit
373 2026 480 2091 hostes
494 2034 526 2090 et
534 2026 648 2090 ducem
656 2026 860 2091 Lucanorum
873 2025 1047 2092 comminus

77 2141 229 2207 gressum
247 2119 426 2198 obtruncat,
449 2119 699 2204 contrahensque
717 2141 792 2185 suos
810 2141 849 2185 ex
867 2119 945 2206 fuga
961 2120 1048 2206 pala·
1066 2139 1099 2189 10

86 2215 234 2302 pervenit
251 2215 292 2280 ad
309 2238 433 2280 amnem
450 2214 548 2281 ruinis
563 2213 739 2280 recentibus
752 2213 872 2300 pontis,
891 2236 985 2299 quem
998 2214 1047 2280 vis

77 2330 123 2375 me
142 2308 326 2387 abstulerat,
345 2308 534 2374 incidentem
546 2309 613 2373 iter.
641 2329 735 2391 quem
749 2328 821 2372 cum
834 2306 952 2373 incerto
965 2308 1048 2374 vado
1067 2327 1098 2378 11

77 2402 169 2468 111111
191 2425 320 2489 agmen,
347 2402 452 2469 fessus
475 2411 560 2467 metu
583 2423 620 2467 ac
641 2401 747 2467 labore
769 2400 859 2466 miles
882 2401 1047 2486 increpans

77 2519 139 2564 nen
157 2496 402 2563 abominandum
419 2497 570 2563 fluminis:
595 2496 676 2561 ‘iure
687 2494 832 2561 Acheros
850 2493 983 2560 vocaris’
1001 2494 1049 2560 in-

77 2602 98 2659 1.
136 2593 222 2676 quod
247 2591 302 2657 ubi
324 2592 364 2657 ad
386 2614 477 2657 aures
500 2591 612 2657 accidit
632 2589 731 2677 regis,
758 2589 871 2654 adiecit
892 2586 1048 2674 extemplo

77 2710 164 2752 mum
186 2686 259 2751 satis
282 2686 348 2751 suis
371 2685 570 2770 substititque
592 2683 707 2751 dubius
729 2706 770 2749 an
792 2682 945 2748 transiret.
980 2691 1099 2750 11111111

77 2781 168 2846 imus
182 2780 325 2846 minister
337 2803 377 2846 ex
390 2780 484 2866 regiis
497 2779 618 2865 pueris,
636 2779 713 2863 quid
725 2778 758 2844 in
771 2787 857 2844 tanto
871 2776 1048 2844 discrimine

76 2874 155 2940 iculi
172 2884 369 2940 cunctaretur
385 2875 595 2960 interrogans,
613 2873 744 2951 indicat,
763 2873 912 2939 Lucanos
926 2870 1048 2939 insidiis

77 2989 174 3035 terere
187 2967 301 3034 locum.
333 2968 418 3053 quod
431 2967 486 3032 ubi
497 2960 635 3053 respexit
652 2988 708 3032 rex
725 2966 834 3052 procul
850 2987 948 3054 grege
965 2965 1049 3031 facto
1068 2981 1101 3032 11

77 3063 199 3139 dentes,
223 3061 347 3147 stringit
363 3061 505 3149 gladium
522 3071 553 3126 et
570 3081 626 3145 per
642 3059 781 3125 medium
802 3081 927 3125 amnem
949 3068 1049 3125 trans·

77 3155 118 3219 tit
135 3176 268 3239 equum3
290 3155 416 3239 iamque
433 3154 466 3218 in
484 3154 600 3219 vadum
618 3174 782 3239 egressum
800 3151 921 3217 eminus
939 3161 1049 3217 veruto

77 3247 177 3316 canus
209 3248 282 3314 exul
312 3248 476 3335 transfigit.
525 3248 650 3333 lapsum
674 3246 747 3311 inde
773 3268 845 3311 cum
870 3243 1048 3311 inhaerente
1068 3262 1103 3312 11

77 3369 84 3407 a
108 3365 224 3428 corpus
246 3343 390 3408 exanime
411 3342 521 3407 detulit
543 3342 644 3408 amnis
666 3341 700 3405 in
720 3339 858 3405 hostium
882 3339 1047 3426 praesidia

81 3437 181 3504 foeda
197 3438 344 3503 laceratio
362 3437 500 3524 corporis
518 3436 612 3502 facta,
638 3455 773 3519 namque
785 3434 927 3521 praeciso
945 3433 1049 3499 medio

77 3543 147 3599 tem
170 3525 374 3598 Consentiam
399 3531 527 3609 misere,
554 3551 628 3616 pars
653 3529 732 3615 ipsis
757 3537 877 3595 retenta
902 3528 943 3595 ad
968 3526 1050 3593 ludi-

77 3649 138 3692 um.
182 3647 263 3709 quae
290 3647 363 3690 oum
388 3623 498 3689 iaculis
525 3623 673 3707 saxisque
699 3621 807 3708 procul
832 3621 1048 3700 incesseretur,
1068 3637 1101 3688 11

77 3720 137 3785 lier
159 3741 223 3785 una
243 3721 325 3784 ultra
346 3718 554 3784 humanarum
570 3717 687 3782 irarum
704 3715 799 3782 fidem
817 3717 968 3783 saevienti
985 3725 1049 3782 tur·
1139 3733 1141 3739 '

77 3843 80 3874 1
105 3813 252 3891 inmixta,
279 3823 315 3878 ut
335 3833 504 3899 parumper
525 3811 713 3878 sustinerent
732 3821 873 3899 precata,
899 3810 977 3874 flens
995 3807 1048 3884 ait,

77 3930 128 3974 rm
156 3905 216 3972 sibi
241 3906 417 3990 liberosque
440 3914 548 3992 captos
566 3905 651 3991 apud
671 3904 779 3971 hostes
802 3924 886 3979 esse,
913 3919 1045 3985 sperare.

77 4021 156 4087 pore
175 3995 269 4087 'regio
294 4011 464 4084 utcumque
489 3999 625 4065 mulcato
651 4020 686 4066 se
713 4021 787 4064 suos
808 3996 1048 4078 redempturum.
