2566 4524
146 261 208 327 172
400 270 519 325 LIBER
536 270 595 340 111,
613 269 656 323 51.
671 269 713 323 52.
733 273 770 338 [a.
780 287 808 323 u.
819 267 916 343 aaut]

143 430 278 495 militum
303 429 338 495 in
358 428 519 495 Aventino
542 439 676 505 creatos,
704 449 744 491 ne
770 425 969 491 comitiorum
994 427 1066 493 milit

143 526 393 612 praerogativam
411 523 531 588 urbana
548 523 673 586 comitia
690 521 791 586 isdem
806 521 939 586 tribunis
951 522 1055 608 plebis

111 622 194 688 edis
219 633 434 705 sequerentur,
462 619 581 703 peritus
602 639 707 681 rerum
732 618 932 702 popularium
954 619 1066 683 iumine

144 716 174 780 ei
191 717 351 801 potestati,
371 715 501 798 etipse,
519 712 703 797 priusquam
721 712 817 776 iretur
834 713 874 776 ad
892 711 1017 790 urbem,
1036 737 1066 798 pr

97 829 129 875 10
147 824 259 873 testate
277 809 412 873 eundem
429 830 595 872 numerum
612 807 652 872 ab
672 806 737 870 suis
756 807 925 871 creandum
947 817 1046 872 curat.

62 904 65 911 ’
121 896 124 903 ’
148 903 272 968 Collina
285 903 396 968 urbem
408 902 562 967 intravere
577 902 635 967 sub
651 902 760 986 signis,
779 901 944 985 mediaque
958 902 1037 967 urbe
1051 927 1066 966 a

146 999 179 1061 in
202 997 397 1060 Aventinum
417 1008 561 1082 pergunt.
598 996 643 1061 ibi
666 996 824 1061 coniuncti
844 995 934 1060 alteri
956 997 1066 1060 exercit

145 1091 225 1176 ginti
243 1090 373 1155 tribunis
393 1091 527 1155 militum
545 1091 706 1177 negotium
724 1089 889 1166 dederunt,
912 1099 948 1152 ut
972 1112 1012 1154 ex
1036 1113 1066 1156 su

146 1207 232 1249 mero
251 1186 330 1249 duos
349 1197 502 1261 crearent,
527 1185 581 1268 qui
599 1207 740 1250 summae
761 1206 867 1248 rerum
889 1195 1066 1269 praeessent

148 1277 303 1364 Oppium,
325 1278 400 1344 Sex.
419 1278 587 1343 Manilium
606 1291 719 1343 creant.

98 1396 127 1440 11
209 1373 321 1438 Patres
345 1373 468 1438 solliciti
487 1374 526 1438 de
545 1396 667 1437 summa
684 1395 802 1450 rerum,
826 1394 898 1436 cum
917 1382 1046 1438 senatus
1064 1404 1066 1428 ι

98 1491 127 1536 12
145 1483 243 1543 esset,
263 1469 372 1553 iurgiis
392 1469 516 1553 saepius
535 1478 638 1533 terunt
656 1478 780 1551 tempus
799 1489 893 1550 quam
912 1467 1063 1532 consiliis.

147 1563 259 1624 caedes
283 1562 466 1626 decemviris
490 1576 520 1626 et
537 1561 686 1646 Appiana
707 1560 804 1624 libido
829 1574 859 1624 et
877 1561 1066 1625 dedecoran

149 1654 372 1719 obiciebantur.
390 1655 543 1740 placebat,
554 1655 714 1719 Valerium
725 1654 956 1737 Horatiumque
969 1655 1015 1719 ire
1029 1656 1062 1718 in

146 1761 257 1814 tinum.
293 1749 338 1812 illi
359 1749 531 1836 negabant,
560 1772 593 1813 se
617 1749 706 1813 aliter
728 1749 825 1813 ituros
848 1770 944 1832 quam
963 1749 991 1812 si
1010 1749 1066 1813 deo

147 1843 336 1927 deponerent
358 1842 494 1929 iusignia
516 1845 719 1928 magistratus
738 1843 818 1920 eius,
842 1865 905 1925 quo
923 1866 1007 1907 anno
1025 1843 1066 1906 iar

99 1955 128 2000 13
147 1936 295 2000 abissent.
333 1937 514 2014 decemviri,
539 1947 703 2019 querentes
727 1959 761 2001 se
782 1937 815 2000 in
838 1937 979 2000 ordinem
1004 1937 1066 2022 cog]

148 2047 218 2093 ante
241 2053 336 2112 quam
358 2031 484 2115 perlatis
508 2031 644 2116 legibus,
673 2053 806 2114 quarum
828 2053 925 2094 causa
946 2032 1066 2095 creati«

149 2124 344 2207 deposituros
363 2125 528 2209 imperium
547 2148 580 2188 se
600 2125 733 2189 aiebant.

117 2242 128 2288 1
213 2217 289 2281 Lll.
335 2217 398 2282 Per
423 2217 471 2281 M.
494 2218 652 2296 Duilium,
684 2219 738 2301 qui
765 2217 907 2283 tribunus
934 2217 1039 2304 plebis
1065 2244 1066 2249 ¹

148 2312 259 2375 certior
281 2312 365 2376 facta
385 2312 489 2397 plebs,
514 2312 763 2377 contentionibus
782 2312 922 2376 adsiduis
940 2313 1020 2376 nihil
1039 2327 1066 2376 tr

113 2422 128 2468 2
147 2404 178 2468 in
198 2428 322 2469 sacrum
340 2419 477 2470 montem
492 2429 532 2470 ex
541 2407 701 2470 Aventino
715 2407 839 2482 transit,
859 2406 1066 2471 adfirmante]

146 2523 208 2563 non
230 2502 330 2584 prius,
354 2523 449 2583 quam
468 2500 569 2565 deseri
587 2500 696 2564 urbem
715 2501 854 2577 videant,
879 2523 987 2564 curam
1006 2501 1040 2564 in
1057 2524 1066 2564 a

147 2611 270 2679 patrum
293 2596 529 2658 descensuramr
553 2595 783 2658 admoniturum
803 2617 926 2658 sacrum
945 2605 1066 2659 montet

148 2689 279 2750 stantiae
298 2688 413 2771 plebis,
434 2689 642 2770 sciturosque,
665 2688 726 2751 nisi
743 2689 886 2752 restituta
902 2698 1060 2772 potestate

113 2797 128 2844 3
149 2781 182 2844 in
204 2782 402 2843 concordiam
424 2804 474 2845 res
492 2783 630 2864 nequire.
666 2782 718 2845 via
735 2781 944 2858 Nomentana,
969 2783 1066 2846 cuitu

148 2873 267 2936 uulensi
290 2896 404 2937 nomen
427 2874 500 2951 fuit,
527 2876 659 2961 profecti
682 2885 784 2939 castra
805 2876 838 2938 iu
860 2888 966 2939 monte
987 2900 1066 2941 sacr(

147 2989 234 3044 vere,
262 2968 446 3043 modestiam
473 2987 597 3055 patrum
624 2993 751 3034 suorum
777 2969 855 3033 nihil
881 2969 1030 3036 violando
1056 2972 1066 3034 i

148 3074 255 3127 secuta
272 3063 443 3127 exercitum
460 3064 549 3149 plebs
583 3065 682 3140 nullo,
702 3065 755 3148 qui
773 3086 829 3148 per
847 3074 982 3128 aetatem
1000 3067 1066 3149 ire]

113 3168 341 3223 tretractante.
385 3171 592 3243 prosecuntur
618 3159 767 3244 coniuges
795 3157 960 3242 liberique,
990 3160 1066 3224 cuim

145 3251 355 3334 relinquerent
378 3253 409 3316 in
428 3276 466 3318 ea
483 3253 575 3330 urbe,
598 3254 631 3316 in
649 3275 711 3336 qua
729 3275 787 3316 nec
803 3253 955 3337 pudicitia
971 3276 1030 3317 nec
1048 3253 1066 3317 li

147 3359 254 3408 sancta
272 3359 370 3422 esset,
394 3346 611 3410 miserabiliter
628 3347 808 3432 rogitantes.

114 3457 129 3501 a
213 3437 296 3502 Cum
314 3450 403 3503 vasta
420 3440 541 3504 Romae
560 3440 664 3504 omnia
682 3441 805 3504 insueta
823 3439 959 3504 solitudo
977 3440 1066 3505 fecisr

147 3530 216 3595 foro
238 3544 360 3617 praeter
381 3555 498 3617 paucos
522 3535 679 3598 seniorum
697 3556 789 3598 nemo
807 3543 904 3611 esset,
928 3535 1048 3598 vocatis

147 3624 180 3687 in
202 3639 343 3690 senatum
363 3627 502 3711 patribus
522 3628 680 3691 desertum
698 3628 895 3713 apparuisset
912 3627 1017 3693 forum
1052 3650 1066 3712 f

109 3734 124 3782 6
146 3719 287 3802 quoiam
305 3742 398 3804 quam
417 3721 569 3786 Horatius
588 3744 625 3786 ac
642 3721 788 3787 Valerius
806 3721 1063 3786 vociferarentur:

146 3813 379 3899 exspectabitis,
402 3829 506 3899 patres
525 3815 711 3900 conscripti?
738 3817 764 3880 si
782 3815 952 3880 decemviri
969 3816 1060 3880 finem

145 3909 253 3974 naciae
279 3932 342 3973 non
368 3909 501 3988 faciunt,
537 3933 626 3974 ruere
657 3933 693 3974 ac
720 3910 893 3996 deflagrare
920 3910 1024 3975 omnia
1047 3931 1066 3993 p

146 4004 240 4069 estis?
265 4003 350 4087 quod
371 4017 477 4069 autem
498 4005 584 4069 istud
605 4005 771 4091 imperium
793 4015 855 4084 est,
883 4004 1060 4079 decemviri,
