2566 4524
131 245 199 313 354
356 254 476 312 LIBER
492 253 563 325 VH,
581 253 658 308 3-5.
678 257 716 324 [a.
726 270 754 308 u.
767 270 791 308 c.
801 253 860 309 391.
873 254 939 325 392]

97 433 116 487 8
134 425 243 482 auctor
253 413 383 481 Cincius
398 413 551 478 adfirmat.
584 411 737 477 Horatius
751 412 861 477 consul
875 435 914 478 ea
925 412 998 501 lege
1015 414 1145 504 templum

131 512 220 578 Iovis
239 509 349 596 optimi
366 508 496 573 maximi
513 507 670 573 dedicavit
688 529 770 572 anno
787 516 861 593 post
877 530 972 595 reges
986 521 1145 591 exeamas

133 604 316 673 consilibus
330 613 441 691 postea
455 603 496 667 ad
508 603 686 680 dictatores,
705 602 779 686 quia
792 601 894 668 maius
908 604 1075 690 imperium
1087 615 1143 685 erat
1184 628 1188 691 ς

135 699 286 768 sollemne
308 698 390 764 clavi
412 697 530 783 figendi
552 697 738 766 translatum
760 706 816 762 est.
852 697 1036 766 intermisso
1053 699 1144 766 deinde
1172 722 1188 787 ἡ.

133 818 222 863 more
243 795 342 881 digna
363 793 458 858 etiam
475 815 532 879 per
550 815 584 859 se
601 793 671 857 visa
687 815 753 870 res,
776 802 1018 879 propterquam
1036 796 1146 862 fficbbr
1185 798 1188 807 '

99 910 115 959 a
135 897 301 957 crearetur.
338 887 461 973 quade
484 909 580 953 causa
602 895 724 953 creatus
741 886 784 952 L.
802 885 960 967 Manlius,
982 889 1104 976 perinde
1116 910 1145 955 ao

133 986 180 1052 rei
205 984 362 1072 gerendae
388 1005 426 1047 ac
451 1004 515 1047 non
541 980 710 1047 solvendae
736 980 895 1068 religionis
917 983 1024 1070 gratia
1044 992 1144 1050 creans

134 1087 233 1156 esset,
252 1076 370 1144 bellum
382 1076 559 1142 Hernicum
574 1076 736 1141 adfectans
755 1074 871 1141 dilectu
888 1077 1006 1146 acerbo
1022 1078 1167 1144 inventu·¹

134 1183 200 1239 tem
222 1172 354 1262 agitavit
375 1170 564 1256 tandemque
587 1169 732 1236 omnibus
754 1170 788 1234 in
810 1193 883 1235 eum
905 1170 1043 1237 tribunis
1063 1171 1145 1260 plebis

134 1269 249 1334 coortis
269 1289 327 1333 seu
343 1266 375 1331 vi
393 1287 451 1331 seu
467 1265 657 1330 verecundia
673 1265 776 1330 vietus
794 1265 950 1330 dictatura
968 1266 1055 1332 abiit.

100 1385 115 1433 1
198 1361 278 1427 IIII.
313 1360 425 1445 Neque
448 1382 486 1425 eo
507 1359 612 1424 minus
633 1358 786 1445 principio
808 1360 1005 1445 insequentis
1029 1361 1099 1428 anni
1115 1358 1167 1444 Q.

135 1454 272 1523 Servilio
284 1453 404 1534 Ahala,
421 1454 464 1520 L.
481 1451 624 1523 Genucio
638 1452 820 1520 oonsulibus
834 1454 902 1520 dies
915 1453 1042 1523 Manlio
1055 1455 1148 1522 dieitur

99 1550 218 1620 ΗΜ.
237 1549 415 1635 Pomponio
436 1549 562 1614 tribuno
584 1546 696 1634 plebis.
733 1547 886 1614 acerbitas
908 1549 944 1615 in
966 1550 1082 1617 dilectu
1099 1571 1147 1616 nou

135 1645 251 1711 damno
268 1643 363 1709 modo
382 1644 511 1721 civium,
532 1642 589 1707 sed
602 1643 696 1707 etiam
708 1642 896 1709 laceratione
911 1667 1079 1733 conponam
1090 1644 1147 1723 lah,

133 1739 249 1826 partim
270 1737 369 1827 virgis
393 1738 507 1816 caesis,
534 1738 590 1821 qui
611 1737 652 1802 ad
674 1736 802 1802 nomina
827 1759 892 1804 non
917 1740 1147 1826 respondissent,

100 1832 247 1921 apartim
269 1833 303 1897 in
323 1832 449 1897 vincula
471 1832 572 1897 ductis
578 1879 587 1909 ,
614 1831 717 1897 invisa
740 1841 806 1897 erat
824 1841 856 1898 et
872 1842 947 1898 ante
965 1835 1072 1900 omnia
1085 1831 1149 1899 inri-

135 1950 207 1992 sum
223 1927 329 2013 ipsum
346 1925 509 2013 ingenium
527 1935 616 1990 atrox
635 1948 871 2012 cognomenque
883 1926 1056 2014 Imperiosi
1070 1944 1148 2018 grave

133 2020 251 2086 liberae
269 2020 387 2084 civitati
408 2018 449 2084 ab
472 2020 678 2086 ostentatione
702 2021 849 2086 saevitiae
871 2022 1046 2102 adscitum,
1072 2040 1147 2108 quan

134 2135 199 2179 non
219 2113 322 2200 magis
343 2114 377 2178 in
398 2112 512 2179 alienis
530 2136 626 2199 quam
646 2115 681 2180 in
696 2115 853 2202 proximis
867 2138 905 2181 ao
924 2118 1079 2205 sanguine
1093 2116 1148 2203 ipa

99 2229 194 2278 tsuo
216 2210 383 2275 exerceret.
420 2209 603 2295 criminique
625 2210 655 2275 ei
676 2209 821 2276 tribunus
838 2210 921 2276 inter
939 2220 1046 2278 cetera
1062 2210 1151 2287 dabat¹

134 2304 220 2389 quod
232 2303 333 2370 filium
350 2305 510 2383 iuvenem,
528 2303 646 2370 nullius
663 2304 772 2391 probri
790 2313 991 2390 conpertum,
1012 2315 1148 2373 amnem

133 2399 226 2478 urbe,
249 2399 358 2477 domo,
380 2398 562 2485 penatibus,
585 2399 667 2477 for0,
691 2398 775 2477 luoe,
795 2421 970 2486 congressu
988 2399 1147 2486 aequalina

133 2493 340 2580 prohibitum,
366 2494 501 2579 inopus
525 2493 651 2572 servile,
677 2515 777 2579 prope
793 2493 828 2559 in
845 2491 1146 2580 carcerem'atquoir

101 2588 327 2676 aergastulum
358 2587 492 2666 dederit,
523 2587 579 2654 ubi
611 2610 735 2653 summo
765 2587 835 2653 loco
862 2596 956 2654 natus
983 2587 1146 2656 dictatoriut

133 2683 256 2748 iuvenis
271 2683 427 2747 cotidiana
440 2682 567 2748 miseria
580 2682 724 2760 disceret,
743 2704 817 2748 vere
830 2681 1009 2769 hperioso
1026 2691 1108 2770 patre
1120 2698 1146 2746 st

133 2785 243 2841 natum
265 2797 345 2841 esse.
381 2786 414 2841 at
435 2798 530 2861 quam
552 2776 593 2842 ob
611 2777 747 2842 noxam?
768 2777 842 2862 quia
858 2777 1062 2844 infacundior
1076 2776 1146 2844 sits

101 2889 115 2938 6
134 2867 243 2955 lingua
259 2869 466 2957 inpromptus.
493 2870 579 2955 quod
591 2879 721 2935 naturae
734 2869 885 2936 damnum
903 2880 1012 2937 utrum
1029 2869 1146 2937 nub-ien-

134 2962 210 3027 dum
227 2964 322 3051 patri,
342 2964 370 3030 si
387 2965 556 3051 quicquam
572 2966 607 3031 in
624 2989 662 3031 eo
679 2965 810 3030 humani
828 2976 926 3045 esset,
950 2991 993 3033 an
1011 2967 1145 3054 castigna-

133 3057 211 3122 dum
236 3080 274 3124 ac
299 3059 465 3125 vexatione
490 3060 616 3148 insigne
642 3060 823 3127 faciendum
848 3060 970 3126 fuisse?
1000 3084 1042 3127 ne
1062 3066 1143 3126 mum

133 3151 261 3236 quidem
287 3152 405 3219 bestias
431 3153 535 3219 minus
562 3153 644 3219 alere
671 3175 709 3219 ac
729 3154 853 3232 fovere,
881 3154 1011 3240 siquid
1035 3178 1074 3221 ex
1090 3170 1143 3240 pm·

100 3246 225 3331 rgenie
248 3268 306 3312 sua
326 3269 438 3334 parum
458 3269 646 3334 prosperum
668 3248 717 3313 sit.
752 3255 785 3312 at
802 3246 931 3314 hercule
947 3248 992 3314 L.
1010 3246 1142 3314 Manum

132 3339 251 3405 malum
268 3340 352 3408 malo
369 3364 486 3431 augere
503 3341 560 3406 lilii
576 3351 609 3407 et
625 3343 803 3408 tarditatem
820 3342 942 3430 ingenii
954 3343 1142 3431 insuperpn

132 3452 218 3498 mere
241 3444 287 3513 et,
315 3436 343 3501 si
364 3437 440 3521 quid
460 3437 495 3502 in
516 3459 554 3502 eo
576 3437 727 3524 exiguum
746 3438 897 3502 naturalis
915 3437 1039 3525 vigoris
1056 3426 1141 3514 sitit

133 3527 318 3686 Expinguere
363 3531 429 3597 vita
458 3531 575 3619 agresti
605 3541 637 3597 et
662 3530 780 3598 rustico
806 3531 893 3597 cultu
920 3533 1006 3599 inter
1029 3525 1141 3620 pecudi

156 3644 176 3686 a
199 3623 288 3689 endo.
1143 3638 1153 3653 ·’

100 3735 113 3783 1
198 3715 239 3782 V.
276 3715 431 3786 Omnium
452 3720 557 3809 potius
579 3721 629 3788 his
652 3720 924 3789 criminationibus
947 3745 1045 3808 quam
1064 3715 1141 3808 ipos

130 3809 254 3876 iuvenis
276 3812 420 3880 inritatus
442 3824 492 3881 est
512 3816 651 3886 animus:
676 3816 755 3902 quin
776 3826 887 3884 contra
910 3839 946 3884 se
968 3826 1141 3904 quoqnep*

131 3906 212 3972 renti
233 3929 362 3975 oausam
382 3909 519 3976 invidiae
541 3921 635 3996 atque
653 3911 818 3978 criminum
836 3933 910 3979 esse
927 3934 1024 4002 aegre
1038 3918 1139 3998 pum

98 4009 169 4066 ant
189 4024 299 4069 omnes
321 4005 366 4070 dii
386 4005 592 4093 hominesque
610 4006 740 4088 scirent,
764 4030 799 4075 se
815 4008 943 4096 parenti
959 4028 1050 4095 opem
1063 4002 1138 4070 nu
