2566 4524
147 258 192 323 20
430 268 549 323 LIBER
566 268 594 337 1,
612 267 707 321 16.1ῑ.
727 267 893 337 [aua38]

145 429 215 495 viro
234 428 390 492 nuntianti
412 426 491 490 haec
511 425 587 489 fidei
608 425 702 489 fuerit
723 446 881 509 quamque
902 422 1098 489 desiderium
1115 424 1182 492 Ro-

145 522 224 587 muli
246 522 331 606 apud
357 518 483 606 plebem
505 519 740 602 exercitumque
756 518 841 582 facta
863 518 927 582 fide
947 517 1180 585 inmortalitatis

146 618 278 681 lenitum
296 615 347 680 sit.

114 736 126 781 ι
211 709 327 774 XVII„
358 707 491 773 Patrum
507 709 632 772 interim
650 708 772 772 animos
790 717 950 772 certamen
965 708 1058 795 regni
1073 731 1115 774 ac
1127 732 1181 775 cu·

145 804 220 890 pido
234 802 389 867 versabat.
420 803 556 866 necdum
568 803 610 866 ad
623 802 777 887 singulos,
795 801 869 885 quia
882 823 975 866 nemo
987 825 1179 889 magnopere

146 898 304 965 eminebat
329 898 364 962 in
390 921 472 962 novo
497 897 630 983 populo,
656 908 856 982 pervenerat3
882 896 1074 963 factionibus
1101 899 1180 965 inter
1211 970 1215 975 ,

112 1014 128 1062 2
147 993 272 1058 ordines
291 992 476 1057 certabatur.
508 991 633 1056 oritmdi
650 990 691 1055 ab
707 989 846 1068 Sabinis,
863 1014 914 1068 ne,
933 993 1008 1074 quia
1020 1007 1095 1077 post
1108 993 1178 1058 Tau'

145 1098 279 1152 mortem
298 1086 338 1151 ab
357 1110 415 1150 sua
432 1098 520 1171 parte
538 1109 602 1150 uon
619 1096 685 1148 erat
703 1100 883 1170 regnatum,
909 1087 943 1149 in
961 1087 1112 1151 societate
1129 1110 1179 1152 ae·

145 1204 209 1267 qna
229 1183 463 1266 possessionem
484 1180 609 1265 imperii
630 1180 823 1257 amitterent,
850 1179 901 1244 sui
922 1180 1062 1265 eorporis
1081 1180 1176 1246 creari

144 1299 254 1362 regem
271 1276 427 1352 volebant,
446 1275 583 1339 Romani
595 1288 719 1339 veteres
736 1274 936 1359 peregrinum
949 1297 1058 1360 regem
1072 1298 1177 1361 asper·

112 1370 313 1439 anabantur.
356 1371 390 1434 in
415 1370 510 1434 variis
537 1368 753 1434 voluntatibus
779 1369 904 1454 regnari
933 1380 1041 1433 tamen
1069 1391 1174 1434 omnes

111 1464 304 1541 avolebant,
322 1463 475 1528 libertatis
493 1462 658 1527 dulcedine
675 1463 816 1528 nondum
834 1475 973 1548 experta.
1013 1464 1109 1528 timor
1125 1464 1175 1528 de·
1213 1524 1215 1549 ;

144 1557 219 1622 inde
236 1572 342 1643 patres
359 1558 503 1633 incessit,
522 1580 562 1621 ne
580 1558 738 1621 civitatem
756 1558 824 1622 sine
842 1559 988 1642 imperio,
1007 1559 1173 1623 exercitum
1211 1554 1215 1591 ³

146 1651 214 1715 sine
232 1652 326 1728 duce,
349 1651 519 1715 multarum
536 1651 621 1714 circa
639 1652 812 1716 civitatium
829 1652 962 1716 inritatis
979 1653 1109 1731 animis,
1131 1652 1173 1717 vis

145 1745 252 1829 aliqua
272 1756 402 1810 externa
428 1746 610 1810 adoriretur.
651 1757 683 1810 et
709 1769 779 1810 esse
806 1747 903 1832 igitur
929 1746 1059 1829 aliquod
1085 1752 1173 1831 capnt

145 1838 290 1924 placebat
308 1852 340 1904 et
357 1863 451 1904 nemo
469 1840 557 1904 alteri
575 1840 746 1904 concedere
763 1842 797 1904 in
815 1842 956 1905 animum
972 1839 1150 1906 inducebat.

112 1954 128 2000 5
209 1934 260 1997 Ita
277 1957 344 1998 rem
365 1935 447 1998 inter
468 1957 503 1998 se
521 1945 647 1998 centum
668 1945 773 2020 patres
796 1935 906 1998 decem
927 1935 1064 2000 decuriis
1087 1933 1171 1999 factis

147 2027 343 2112 singulisque
360 2028 393 2090 in
412 2028 554 2114 singulas
577 2030 720 2094 decurias
739 2030 866 2107 creatis,
893 2029 948 2113 qui
970 2051 1113 2093 summae
1129 2050 1171 2093 re-

144 2144 216 2184 rum
241 2133 437 2206 praeessent,
464 2124 655 2188 consociant.
697 2124 806 2188 decem
832 2123 1069 2209 imperitabant,
1096 2144 1170 2187 unus

111 2234 127 2282 o
146 2237 220 2279 cum
237 2216 414 2302 insignibus
432 2217 554 2302 imperii
572 2229 603 2282 et
620 2218 782 2283 lictoribus
800 2232 880 2294 erat,
899 2219 1038 2302 quinque
1056 2219 1169 2283 dierum

148 2311 249 2394 spatio
271 2310 437 2376 finiebatur
458 2313 625 2396 imperium
648 2335 684 2376 ac
707 2335 763 2397 per
786 2335 895 2377 omnes
916 2313 950 2376 in
972 2311 1082 2376 orbem
1103 2311 1169 2387 ibat,

146 2426 349 2488 annuumque
371 2407 570 2470 intervallum
592 2407 682 2491 regni
700 2406 770 2470 suit.
810 2407 842 2470 id
861 2406 900 2470 ab
919 2429 966 2484 re,
994 2407 1081 2490 quod
1098 2423 1170 2471 nnnc
1193 2430 1196 2437 ·

146 2519 271 2582 quoque
289 2510 374 2563 tenet
391 2522 516 2576 nomen,
534 2501 748 2584 interregnum
767 2501 967 2585 appellatum.

113 2613 127 2657 7
210 2593 239 2657 F
239 2616 358 2658 remere
376 2594 488 2657 deinde
506 2592 610 2678 plebs:
630 2595 869 2679 multiplicatam
887 2595 1085 2671 servitutem,
1104 2617 1167 2660 oen·
1192 2594 1195 2599 ’

146 2696 213 2750 tum
231 2710 288 2771 pro
305 2710 368 2751 uno
386 2688 530 2752 dominos
549 2688 664 2765 factoS,
691 2712 750 2753 nec
772 2691 853 2754 ultra
873 2690 935 2753 nisi
957 2712 1075 2775 regem,
1089 2707 1119 2754 et
1135 2684 1167 2752 ab

112 2796 128 2844 8
146 2779 224 2864 ipsis
243 2794 382 2844 creatum
400 2781 587 2845 videbantur
603 2783 736 2867 passuri.
774 2807 846 2847 cum
865 2783 1039 2847 sensissent
1058 2807 1096 2848 ea
1113 2803 1169 2847 mo-

145 2874 213 2935 veri
230 2885 344 2958 patres,
364 2875 559 2940 offerendum
576 2876 659 2941 ultro
676 2877 736 2940 rati
753 2879 838 2960 quod
856 2877 1002 2941 amissuri
1020 2893 1118 2956 erant,
1135 2877 1169 2939 ita

144 2967 281 3051 gratiam
297 2969 406 3033 ineunt
424 2994 548 3035 summa
564 2983 720 3056 potestate
736 2973 854 3058 pupulo
871 2972 1040 3058 permissa,
1066 2986 1101 3037 ut
1118 2990 1169 3036 non

114 3081 127 3126 a
145 3060 218 3146 plus
237 3062 346 3128 darent
363 3064 439 3129 iuris
458 3088 552 3149 quam
571 3067 753 3131 detinerent.
790 3067 996 3131 decreverunt
1014 3068 1113 3144 enim,
1134 3074 1169 3138 ut,

146 3178 218 3221 cum
236 3158 372 3243 populus
390 3182 498 3246 regem
515 3161 668 3237 iussisset,
688 3161 722 3224 id
739 3161 785 3225 sic
802 3176 905 3225 ratum
919 3172 1013 3236 esset,
1034 3162 1062 3226 si
1075 3176 1170 3247 patres

146 3266 290 3317 auctores
311 3252 430 3318 fierent.
466 3254 560 3318 hodie
583 3276 708 3338 quoque
730 3254 764 3318 in
781 3255 905 3342 legibus
928 3256 1172 3342 magistratibus-

146 3365 208 3427 que
225 3348 374 3432 rogandis
392 3359 562 3432 usurpatur
578 3349 663 3413 idem
684 3349 734 3413 ius
754 3349 785 3412 vi
807 3351 967 3435 adempta:
994 3352 1172 3436 priusquam

146 3439 281 3522 populus
306 3441 492 3527 suffragium
514 3442 612 3520 ineat,
640 3442 674 3506 in
695 3443 847 3508 incertum
865 3445 1065 3509 comitiorum
1088 3465 1173 3510 even·

148 3543 215 3596 tum
233 3546 337 3618 patres
356 3547 499 3600 auctores
517 3535 604 3600 fiunt

97 3653 129 3700 10
212 3627 296 3690 Tum
313 3628 448 3693 interrex
467 3631 609 3695 contione
624 3631 776 3696 advocata
795 3632 893 3716 ‘quod
906 3632 1026 3697 bonum
1039 3633 1173 3699 faustum

146 3721 287 3805 felixque
305 3724 369 3801 sit‚’
391 3725 491 3809 inquit
511 3725 679 3807 ‘Quirites,
707 3749 814 3812 rogem
833 3739 948 3792 create:
975 3728 1021 3792 ita
1037 3728 1174 3814 patribus

146 3818 251 3882 visum
269 3833 324 3885 est.
352 3833 456 3907 patres
470 3822 594 3899 deinde,
614 3823 641 3886 si
655 3822 794 3908 dignum,
814 3824 868 3907 qui
882 3825 1041 3889 secundus
1061 3825 1101 3889 ab
1116 3824 1175 3889 Ro-

97 3935 128 3982 11
147 3913 233 3978 mulo
251 3928 439 3994 numeretur,
458 3917 606 3993 crearitis,
626 3930 768 3982 auctores
787 3918 882 3982 fient.'
905 3919 984 3983 adeo
1003 3919 1036 3982 id
1054 3936 1175 4005 gratum
1212 3976 1215 4015 Ι

145 4008 231 4094 plebi
248 4009 321 4091 tuit,
341 4022 388 4091 ut,
411 4034 451 4076 ne
469 4012 543 4075 victi
560 4009 713 4075 beneficio
730 4012 918 4092 viderentur,
937 4013 971 4078 id
987 4014 1084 4078 modo
1102 4012 1175 4078 scis·
1212 4022 1215 4081 Ξ
