2566 4524
129 244 194 312 506
360 252 480 309 LIBER
495 252 538 325 X,
555 250 669 307 11-13.
687 252 727 321 [ι.
735 266 765 307 ι.
777 249 945 323 amabe]

131 413 324 485 Samnitium
341 420 477 479 arceant
514 433 549 478 se
567 431 760 498 quamquam
776 408 862 478 bello
881 433 956 478 oum
971 408 1153 481 Samnitibus

132 518 281 598 suscepto
306 507 485 575 necessaria
509 507 573 573 iam
598 505 686 572 facta
712 507 866 572 adversm
892 505 1059 574 Romanos
1086 507 1155 576 ides

129 607 182 686 sit,
200 616 307 672 tamen
324 602 452 671 obsides
470 603 545 669 dare
562 612 689 689 paratos
707 624 788 669 esse.

97 725 112 773 1
192 699 275 766 XII
302 698 416 765 Brevia
434 696 622 764 consultatio
639 707 769 764 senatus
786 695 861 764 fuit:
851 697 923 764 ·ad
940 720 1044 765 uuum
1060 719 1156 766 omnes

130 794 326 884 iungendum
355 792 470 860 foedus
496 814 568 859 cum
594 791 737 859 Lucanis
766 814 882 878 resque
911 789 1158 882 repetendasab

97 911 113 960 ι
133 889 330 959 Sammtrbus
352 896 491 956 censent.
527 886 664 999 benigne
684 909 874 975 responsum
890 887 1042 956 Lucanis
1061 887 1202 997 ictum·

130 1008 193 1074 que
209 984 335 1051 foedus.
370 982 494 1051 fetiales
516 981 621 1062 missi,
643 1003 698 1068 qm
687 980 894 1050 Samnitem
915 983 1075 1051 decedere
1093 1002 1167 1072 agro

132 1080 292 1148 sociorum
309 1100 347 1145 ao
363 1079 519 1145 deducere
537 1077 710 1144 exaratum
727 1076 1001 1146 finibusLucanis
1018 1077 1158 1146 iuberent

132 1175 249 1263 quibus
265 1174 395 1242 obviam
415 1172 506 1241 missi
526 1172 568 1240 ab
587 1170 785 1241 Samnitibus
807 1173 863 1258 qui
885 1170 1157 1252 denuntiarent‚'
1137 1194 1160 1239 a
1200 1242 1202 1261 Ι

133 1271 219 1357 quod
240 1268 383 1336 adissent
403 1267 437 1333 in
456 1265 587 1336 Samnio
609 1266 792 1346 concilium,
813 1267 901 1334 haud
916 1267 1089 1336 inviolatos
1105 1265 1161 1334 abi-
1199 1276 1202 1345 l

98 1387 114 1437 ι
132 1375 230 1433 turos.
260 1363 339 1431 baec
355 1372 525 1451 postquam
542 1361 650 1428 audita
667 1371 742 1429 sunt
754 1361 888 1442 Romae,
906 1360 1031 1430 bellum
1047 1358 1161 1430 Samni-
1199 1368 1202 1443 ξ

132 1459 218 1527 tibus
231 1468 264 1527 et
274 1467 380 1546 patres
394 1467 584 1525 censuerunt
596 1466 629 1523 et
640 1457 777 1545 populus
794 1456 897 1525 iussit
924 1456 1078 1525 eonsules
1092 1458 1161 1524 inter

133 1577 170 1621 se
186 1552 365 1642 provincias
381 1552 488 1640 partiti
506 1561 593 1618 suut.
613 1550 757 1638 Scipioni
763 1551 903 1632 Etruria,
912 1551 1035 1620 Fulvio
1048 1549 1162 1621 Somni·

131 1660 181 1717 tes
199 1648 408 1728 obvenerunt,
431 1648 611 1735 diversique
631 1648 674 1715 ad
696 1671 790 1715 suum
807 1650 945 1734 quisque
962 1648 1086 1718 bellum
1100 1669 1162 1737 pm·

97 1743 329 1815 eficiscuntur.
365 1696 508 1830 Scipioni
530 1764 628 1831 segne
648 1741 768 1809 bellum
785 1754 817 1809 et
835 1743 940 1810 simile
961 1744 1079 1831 prioris
1099 1740 1162 1811 anni

135 1837 265 1904 militiae
287 1838 466 1925 expectanti
486 1837 595 1904 hostes
612 1838 655 1903 ad
671 1834 880 1904 Volaterras
870 1848 1030 1906 mstruoto
1048 1837 1162 1950 agmine

99 1955 115 2003 o
133 1941 345 2001 occurrerunt.
374 1941 551 2020 pugnatum
567 1932 687 1998 maiore
703 1943 792 2020 parte
804 1933 868 2000 diei
880 1955 1002 2022 magna
1014 1933 1202 2020 utrimque

133 2027 240 2093 caede.
275 2048 340 2092 nox
361 2025 504 2104 incertis,
526 2047 591 2111 qna
611 2027 688 2094 data
708 2027 840 2094 victoria
861 2039 964 2109 esset,
988 2026 1162 2103 intervenit
1199 2026 1202 2055 ²

99 2141 115 2191 o
133 2120 190 2186 lux
210 2121 382 2205 insequens
399 2120 552 2186 victorem
568 2120 751 2207 victumque
772 2122 924 2201 ostendit,
949 2147 1030 2191 nam
1046 2118 1164 2192 Ernst

134 2214 259 2283 silentio
279 2214 381 2281 noctis
404 2223 509 2281 castra
532 2215 736 2301 reliquerunt
771 2216 938 2285 Romanm
961 2215 1164 2307 egressusiu

133 2311 236 2377 aciem
252 2308 309 2376 ubi
324 2308 523 2397 professione
538 2309 678 2377 hostium
695 2333 880 2380 concessam
893 2312 1066 2381 victoriam
1078 2311 1162 2390 videt,

133 2426 322 2493 progressus
340 2405 381 2471 ad
398 2414 512 2485 castra,
529 2405 639 2473 vacuis
657 2426 730 2472 oum
746 2407 883 2493 plurima
898 2407 1024 2494 praeda
1041 2443 1086 2456 -
1101 2426 1163 2475 ιιι

102 2509 167 2568 ret
188 2499 303 2567 stativa
325 2509 357 2566 et
382 2500 502 2586 trepide
528 2499 652 2567 deserta
672 2500 797 2567 fuerant
814 2539 857 2551 —
874 2502 1006 2588 potitur.
1048 2500 1164 2572 indsin

134 2595 296 2662 Faliscum
313 2617 425 2683 agrum
443 2594 542 2682 copiis
558 2594 698 2662 reductis
716 2618 788 2662 oum
805 2596 1026 2683 inpedimenta
1043 2593 1164 2665 Faleris

135 2713 209 2756 cum
233 2688 359 2755 modico
387 2689 545 2776 praesidio
570 2690 764 2775 reliquisset,
791 2691 940 2777 expedito
972 2695 1104 2780 agmine
1131 2688 1164 2757 od

100 2803 117 2850 8
135 2784 373 2870 depopulandos
391 2784 529 2851 hostium
546 2785 626 2851 lines
643 2785 770 2853 incedit.
806 2786 913 2853 omnia
935 2788 1025 2855 ferro
1048 2788 1164 2876 ignique

136 2887 309 2956 vastantur,
324 2878 459 2963 praedae
472 2879 611 2964 undique
625 2889 723 2946 actae.
750 2903 810 2946 nec
823 2880 928 2947 solum
942 2884 1044 2950 modo
1052 2893 1164 2951 vastum

136 2970 221 3037 hosti
242 2970 399 3052 relictum,
422 2973 480 3040 sed
501 2973 639 3041 castellis
656 2975 752 3041 etiam
769 2975 911 3061 vicisque
934 2977 1090 3045 inlatus
1079 2977 1163 3066 igniet

133 3065 265 3134 urbibus
284 3069 505 3155 oppugnandis
522 3078 740 3155 temperatum,
758 3069 890 3155 inques
908 3071 1009 3139 timor
1019 3072 1163 3141 Euam

134 3162 337 3248 compulerat

100 3277 115 3326 a
200 3255 260 3323 Cn.
277 3257 385 3324 Fulvii
401 3258 540 3324 consulis
558 3258 644 3325 clara
664 3282 773 3348 pugna
788 3259 822 3325 in
841 3257 978 3328 Samnio
996 3265 1043 3330 ad
1060 3263 1163 3332 Bovia-

133 3375 211 3416 num
236 3351 481 3437 haudquaquam
512 3352 681 3439 ambiguae
707 3354 856 3421 victoriae
882 3354 956 3422 fuit.
992 3358 1162 3426 Bovianum

134 3444 208 3509 inde
226 3446 397 3531 adgressus
415 3467 475 3512 uec
491 3446 536 3513 ita
552 3447 653 3514 multo
669 3457 743 3534 post
759 3446 959 3516 Aufidenam
975 3452 1011 3517 vi
1029 3454 1121 3542 cepit

101 3560 116 3608 1
199 3537 301 3604 XIII.
331 3539 457 3606 Eodem
478 3563 561 3607 anno
580 3540 750 3609 Carseolos
772 3542 896 3610 colonia
917 3543 955 3610 in
977 3569 1095 3636 agrum
1109 3546 1163 3613 Δο-

134 3631 332 3716 quioulorum
350 3634 493 3702 deducta
519 3635 654 3702 Fulvius
668 3635 779 3704 consul
791 3638 832 3704 ds
841 3635 1050 3708 Samnitibus
1067 3641 1161 3708 trium·

99 3725 253 3813 aphavit
295 3748 368 3792 oum
389 3729 516 3796 comitia
541 3730 718 3798 consularia
743 3731 913 3812 instarent,
941 3733 1035 3802 fama
1056 3744 1159 3809 exorta

99 3839 116 3887 ιι
132 3820 289 3889 Etruscos
304 3819 554 3907 Samnitesque'
544 3835 689 3913 ingentes
707 3826 906 3893 conscribere
925 3829 1161 3916 exerciturm

133 3913 198 3981 lam
216 3917 363 3984 omuibus
382 3918 522 3984 conciliis
540 3920 650 3987 vexari
667 3920 826 4008 principes
843 3920 1072 4004 Etrusoomm,
1089 3917 1161 4009 quod

132 4031 197 4075 non
219 4009 330 4080 Gallos
353 4034 552 4100 quacumque
578 4015 762 4082 condicione
789 4017 945 4084 traxerint
971 4018 1014 4085 ad
1040 4017 1159 4092 ballum·
