2566 4524
101 225 104 231 ’
145 253 211 318 418
352 257 471 316 amaa
487 258 573 332 vm,
592 258 690 332 raso.
711 255 972 330 [cassans]

146 428 273 486 ruerent
291 418 390 496 caesi,
409 417 580 504 primisque
598 416 734 484 tenebris
747 415 937 483 Privernum
954 416 1029 484 inde
1045 419 1161 506 petitum

148 514 274 602 agmine
288 513 423 598 trepido,
442 522 478 577 ut
493 512 593 578 muris
609 512 717 601 potius
735 534 831 597 quam
847 512 934 578 vallo
952 534 1025 580 sese
1041 522 1161 581 tutaren-

148 622 208 674 tur.
252 630 272 673 a
287 606 441 673 Priverno
458 606 604 691 Plautius
626 606 707 674 alter
722 606 834 675 consul
851 607 1043 694 pervastatis
1059 608 1161 696 passim

148 704 233 792 agris
259 702 438 789 praedaque
465 700 577 768 abacta
601 701 636 768 in
656 724 770 790 agrum
790 701 988 783 Fundanum
1009 702 1160 769 exercim
1193 774 1197 783 ,

97 817 131 870 10
149 796 279 863 inducit.
322 794 511 883 ingredienti
531 795 611 863 fines
635 804 763 862 senatus
779 796 1012 864 Fundanorum
1033 796 1161 864 carisa

148 899 280 979 negant,
303 911 338 956 se
354 912 413 977 pro
431 888 578 956 Vitruvio
596 899 777 976 sectamque
795 890 863 957 eius
881 889 1003 959 secutis
1020 899 1160 979 precatum

147 985 288 1065 venisse,
316 985 373 1051 sed
398 1006 456 1071 pro
476 983 631 1051 Fundano
656 984 789 1072 populo,
815 1006 912 1071 quem
937 994 1032 1052 extra
1054 983 1159 1072 culpan

147 1079 223 1147 belli
246 1102 316 1146 esse
337 1079 444 1165 ipsum
461 1077 643 1145 Vitruvium
659 1078 832 1158 iudicasse,
855 1101 928 1146 cum
945 1077 1161 1168 receptaculum
1195 1092 1198 1169 j

98 1195 130 1249 11
148 1175 246 1263 fugae
262 1173 450 1241 Privernum
471 1172 630 1252 habuerit,
656 1197 721 1240 non
741 1174 885 1262 patriam.
920 1172 1069 1242 Priverni
1083 1173 1161 1262 igitur
1196 1204 1198 1215 ·

147 1270 255 1341 hostes
273 1270 382 1357 populi
399 1269 536 1337 Romani
557 1269 753 1355 quaerendos
774 1271 1077 1357 persequendosque
1096 1289 1160 1346 essa

148 1365 203 1451 qui
225 1363 322 1431 simul
340 1388 360 1430 a
379 1363 543 1431 Fundanis
565 1385 603 1429 ac
623 1363 778 1430 Romanis
800 1365 965 1450 utriusque
983 1364 1105 1454 patriae
1125 1361 1161 1428 in-

148 1481 303 1526 memores
318 1457 498 1525 defecerint.
533 1457 696 1525 Fundanis
710 1481 822 1545 paoem
839 1480 911 1526 esse
928 1467 962 1525 et
979 1458 1100 1526 animos
1110 1457 1160 1524 Ro·

98 1574 131 1625 12
149 1576 261 1620 manos
279 1562 311 1619 et
326 1563 450 1642 gratam
472 1553 655 1620 memoriam
677 1562 826 1640 acceptae
848 1553 996 1620 civitatis.
1032 1575 1118 1622 orare
1134 1570 1159 1616 se

150 1649 324 1728 consulem,
347 1659 383 1714 ut
399 1648 518 1714 bellum
535 1648 577 1715 ab
593 1649 721 1715 innoxio
739 1649 857 1736 populo
874 1648 1049 1716 abstinente
1074 1668 1159 1738 agros,

147 1744 273 1824 urbem,
296 1765 428 1830 corpora
449 1744 590 1830 ipsorum
612 1745 844 1832 coniugumque
861 1766 900 1811 ac
916 1743 1089 1812 liberonnn
1104 1762 1158 1810 suo·

97 1857 130 1909 13
148 1863 219 1906 rum
235 1841 269 1905 in
285 1848 440 1925 potestate
461 1838 571 1926 populi
587 1837 724 1905 Romani
745 1860 815 1906 esse
837 1838 1017 1925 futuraque.
1054 1837 1159 1906 eonlan·

148 1935 229 2000 datis
242 1933 405 1999 Fundanis
423 1934 533 1999 consul
550 1934 723 2019 litterisque
735 1934 873 2001 Romam
885 1934 1009 2014 missis,
1026 1934 1063 2001 in
1073 1930 1160 2001 officio

147 2028 320 2095 Fundanos
339 2048 423 2107 esse,
447 2029 488 2093 ad
504 2028 692 2095 Privernum
709 2027 797 2095 flexit
813 2029 881 2095 iter.
925 2030 1017 2116 prius
1039 2025 1159 2097 animal·

147 2144 275 2190 versum
291 2123 325 2187 in
343 2144 412 2201 eos,
431 2123 486 2207 qui
503 2124 606 2210 capita
622 2124 845 2192 coniurationis
857 2125 998 2205 fuerant,
1017 2148 1039 2193 a
1051 2120 1159 2192 consult

97 2215 258 2289 rescribit
276 2215 445 2298 Claudius3
467 2219 509 2285 ad
530 2228 685 2285 trecentos
703 2219 931 2308 quinquaginta
948 2241 991 2286 ex
1008 2217 1158 2287 coniurati

147 2313 269 2379 vinctos
279 2312 416 2379 Romam
433 2314 547 2380 missos
566 2335 698 2398 eamque
717 2314 907 2381 deditionem
925 2313 966 2380 ab
986 2323 1099 2381 senatu
1111 2331 1158 2379 non

146 2416 323 2494 receptam,
346 2407 432 2492 quod
449 2408 609 2496 egentium
627 2418 720 2493 atque
738 2408 902 2474 humilium
919 2429 1026 2495 poena
1048 2401 1158 2492 defungi

145 2502 227 2571 velle
245 2502 436 2569 Fundanum
453 2503 639 2569 censuerint.

113 2617 128 2667 1
210 2597 295 2665 XX.
321 2596 510 2664 Privernum
524 2596 649 2664 duobus
664 2595 879 2663 consularibus
894 2597 1087 2666 exercitibus
1103 2615 1159 2664 cun

146 2691 352 2770 obsideretur,
375 2691 454 2757 alter
471 2692 581 2757 consul
598 2691 796 2757 comitiorum
813 2713 910 2758 causa
926 2691 1068 2759 Romam
1088 2710 1160 2758 reio

112 2805 128 2855 2
147 2795 247 2851 catus.
274 2807 415 2852 carceres
433 2807 470 2851 eo
488 2808 571 2852 anno
587 2784 622 2850 in
639 2786 722 2853 circo
739 2786 875 2873 primum
888 2787 1010 2853 statuti.
1038 2785 1159 2854 nondun

144 2878 328 2966 perfunctos
354 2902 429 2945 eura
450 2881 642 2947 Privernatis
669 2880 745 2948 belli
770 2880 923 2947 tumultus
948 2879 1068 2950 Gallici
1092 2882 1159 2949 fam

113 2994 128 3042 s
146 2982 237 3038 atrox
253 2972 370 3039 invasit
387 2973 464 3040 haut
481 2976 581 3042 ferme
597 2998 750 3061 umquam
766 2975 911 3064 neglecta
930 2976 1088 3062 patribus.
1120 2994 1159 3043 ex·

145 3067 263 3156 templo
285 3068 382 3157 igitur
404 3070 549 3136 consules
572 3071 646 3136 novi
667 3069 711 3136 L.
728 3069 886 3136 Aemilius
904 3068 1159 3138 Mamercinusel

146 3161 185 3229 (l.
198 3161 344 3230 Plautius
362 3188 400 3231 eo
418 3166 488 3252 ipso
506 3167 571 3244 die,
589 3165 665 3231 Kal.
682 3164 909 3250 Quinctilibus,
927 3187 994 3251 quo
1012 3168 1160 3256 magistrt-

144 3267 213 3323 tum
229 3259 378 3338 inierunt,
398 3282 567 3348 conparare
584 3260 667 3326 inter
684 3282 718 3326 se
731 3259 909 3347 provincias
921 3261 1020 3343 iussi,
1039 3260 1162 3330 Mamer·

145 3354 248 3433 cinus,
272 3355 323 3420 cui
342 3352 501 3422 Gallicum
518 3355 637 3421 bellum
655 3364 815 3440 evenerat,
843 3354 983 3423 scribere
1006 3357 1160 3426 exercitm

111 3444 213 3514 tsine
234 3446 300 3513 ulla
320 3450 493 3515 vacationis
515 3450 617 3515 venia.
653 3449 730 3534 quin
747 3448 895 3536 opificum
915 3471 1046 3537 quoque
1063 3451 1160 3540 vulqus

145 3548 177 3606 et
194 3540 356 3621 sellularii,
375 3544 502 3611 minime
520 3545 648 3610 militiae
659 3545 809 3611 idoneum
821 3566 939 3633 genus,
959 3548 1059 3614 exciti
1071 3547 1160 3613 diem

145 3641 197 3700 tur
209 3633 370 3721 Veiosque
387 3638 499 3726 ingens
518 3639 673 3706 exereitus
691 3646 884 3721 contractus,
901 3648 939 3706 ut
956 3640 1033 3709 inde
1052 3640 1160 3710 obvfan

110 3748 126 3798 s
145 3725 247 3796 Gallis
265 3729 371 3796 iretur.
405 3732 532 3820 longius
550 3734 684 3814 discedi,
702 3756 742 3800 ne
760 3734 822 3801 alio
838 3734 951 3802 itinere
969 3735 1071 3803 hostis
1089 3732 1160 3802 sollo

142 3836 190 3892 ret
208 3825 250 3892 ad
266 3824 377 3892 urbem
393 3825 557 3908 incedens,
578 3851 645 3896 non
660 3827 788 3916 placuit.
832 3852 953 3917 paucos
972 3832 1087 3898 deinde
1101 3832 1160 3917 post

143 3920 211 3988 dies
234 3922 310 3988 satis
333 3921 496 4008 explorata
513 3923 661 4010 temporis
679 3924 748 3989 eius
766 3924 871 4009 quiete
889 3948 910 3992 a
928 3921 1033 3993 Gallis
1049 3924 1159 3992 Priver·

110 4034 126 4083 s
143 4037 220 4080 num
237 4017 339 4084 omnis
357 4038 511 4085 conversa
526 4018 586 4086 vis.
630 4017 748 4105 duplex
770 4019 844 4086 inde
865 4018 954 4088 fama
977 4030 1041 4090 est:
1067 4017 1117 4088 olii
1133 4009 1158 4080 tl
