2566 4524
310 241 429 303 ιιιιιιιι
445 240 502 312 ιι,
520 241 562 296 23.
576 241 619 298 ιι.
642 246 681 311 [a.
693 242 866 316 oaorem]
1035 236 1100 305 329

92 402 188 469 animos
202 376 378 491 cunctando
391 399 546 487 auximus,
564 400 629 483 iam
638 400 791 467 minimet
778 402 938 470 toleranda
952 407 1101 492 superbia

91 497 202 563 insultat.
228 482 322 562 cede
343 517 425 577 unus
448 476 594 561 omnibus
616 504 648 561 et
668 506 776 582 patere
798 507 829 563 te
851 499 934 564 vinci
957 501 1098 579 consilio,

90 601 114 656 ιι
126 591 271 657 maturius
287 573 420 675 bello
390 612 508 655 vincas.
510 589 590 656 'ad
609 613 647 656 ea
661 589 825 672 Camillus,
843 615 925 678 quae
942 593 1026 660 bella
1039 618 1098 662 suo
1118 615 1134 662 ι

90 687 161 752 unius
183 684 324 772 auspicio
343 693 464 779 gesta
459 684 499 750 ad
522 707 592 750 eam
614 685 697 752 diem
717 696 835 766 essent,
862 711 978 776 negare
1000 690 1098 763 ineis

89 803 169 866 neque
191 804 225 847 se
247 801 351 864 neque
371 778 525 865 populum
546 780 726 846 Romanum
749 791 803 847 aut
791 783 948 848 tconsilii
973 786 1022 859 sui
1045 796 1099 851 aut
1187 777 1192 785 ¹

89 876 211 963 fortunae
227 875 335 963 paenit
335 874 429 940 uisse.
465 896 550 939 nunc
568 875 647 956 scire
666 899 700 942 se
721 876 876 964 collegam
898 877 1040 953 habere
1031 902 1099 947 rure

87 969 260 1058 imperioque
277 991 399 1055 parem,
426 968 535 1056 vigore
553 970 646 1034 aetat
636 994 664 1035 rs
681 979 902 1057 praestantem.
938 973 1045 1058 itaque
1064 997 1098 1040 se
1118 994 1151 1044 ιο

87 1067 154 1150 quod
179 1066 219 1130 ad
241 1063 413 1129 exercitum
439 1063 568 1128 attineat
589 1086 698 1152 regere
721 1087 904 1145 consuesse,
932 1090 995 1132 non
1019 1069 1097 1155 regi,

88 1160 206 1247 collegae
228 1159 394 1246 imperium
417 1180 451 1223 se
474 1181 538 1224 non
558 1181 653 1245 posse
674 1160 824 1246 inpedire.
861 1161 920 1226 diis
947 1161 1028 1226 bene
1050 1163 1100 1226 iu-

87 1255 213 1320 rantibus
232 1266 339 1344 ageret
357 1253 442 1337 quod
460 1275 477 1317 e
494 1275 529 1318 re
546 1253 673 1339 publica
690 1255 826 1321 duceret.
855 1256 950 1320 aetati
968 1278 1044 1322 suae
1063 1279 1097 1321 se
1117 1277 1147 1324 11

86 1350 192 1413 reniam
210 1349 305 1414 etiam
326 1357 447 1434 petere,
475 1370 515 1413 ne
532 1348 566 1412 in
582 1349 683 1435 prima
701 1350 767 1415 acie
790 1359 887 1416 esset:
914 1372 995 1436 quae
1014 1352 1098 1418 senis

86 1445 176 1509 munia
192 1445 226 1509 in
243 1443 325 1510 bello
343 1443 419 1521 sint,
447 1443 486 1508 iis
510 1465 544 1508 se
566 1466 629 1509 non
647 1444 837 1510 defuturum.
877 1445 912 1509 id
933 1469 952 1512 a
975 1446 1034 1510 diis
1052 1446 1100 1510 in-

86 1539 253 1604 mortalibus
270 1530 404 1624 precari,
432 1559 472 1601 ne
494 1538 549 1623 qui
571 1559 664 1603 casus
688 1562 780 1604 suum
804 1539 969 1605 consilium
991 1540 1100 1606 lauda-

86 1628 135 1697 bile
151 1634 274 1703 efficiat.
311 1654 370 1698 nec
392 1632 432 1698 ab
450 1632 630 1699 hominibus
654 1633 799 1700 salutaris
823 1635 977 1702 sententia
998 1659 1057 1702 nec
1079 1660 1098 1703 a
1118 1657 1151 1705 ιι

86 1725 133 1792 diis
149 1738 211 1793 tam
228 1728 299 1814 piae
315 1749 427 1815 preces
450 1728 574 1792 auditae
597 1736 678 1792 sunt.
714 1729 848 1815 primam
871 1730 969 1795 aciem
991 1740 1100 1796 auctor

82 1839 194 1911 pugnae
210 1823 345 1907 instruit,
365 1822 506 1889 subsidia
525 1820 678 1888 Camillus
696 1824 800 1889 firmat
816 1825 1016 1910 validamque
1036 1835 1099 1891 sta-

83 1917 185 1983 tionem
202 1940 261 2005 pro
279 1917 390 1983 castris
414 1917 557 2003 opponit;
583 1918 652 2003 ipse
675 1919 758 1985 edito
780 1919 850 1985 loco
873 1929 994 2006 spectat
995 1942 1030 1985 or
1051 1920 1099 1984 in-

81 2014 199 2078 tentus'
190 2037 224 2077 ιιι
243 2022 335 2077 event
335 2035 357 2076 u
323 2011 467 2076 talieni
485 2012 607 2077 consilii
625 2024 725 2079 constr
716 2014 771 2079 tit.

134 2105 288 2190 XXIIII.
329 2105 432 2191 Simul
457 2107 558 2192 primo
585 2128 740 2172 concursu
766 2130 975 2195 concrepuere
1002 2132 1097 2187 arma,
1119 2131 1131 2176 1

77 2198 168 2268 bostis
188 2200 273 2279 dolo,
297 2223 361 2267 non
377 2209 442 2265 met
443 2225 463 2264 u
481 2202 595 2287 pedem
611 2210 672 2265 rett
647 2201 738 2265 ttulit.
774 2201 853 2267 lenis
876 2202 951 2267 abt
939 2213 1028 2290 tergo
1046 2203 1106 2268 cli
1086 2223 1135 2270 a

77 2316 129 2362 vus
147 2307 213 2363 erat
229 2297 311 2361 inter
328 2295 428 2361 aciem
446 2304 477 2358 et
496 2303 666 2373 castra,et
636 2295 783 2379 equod,
800 2296 890 2359 multi
891 2296 967 2360 tudo
986 2318 1102 2382 suppe-

77 2391 203 2470 ditabat,
231 2391 351 2475 aliquot
375 2389 496 2472 validas
524 2388 703 2454 cohortes
693 2411 726 2452 ιιι
754 2388 864 2454 castris
891 2398 1026 2454 armatas
1053 2389 1101 2453 in·

77 2496 268 2570 snuotasque
289 2484 490 2568 reliquerant,
518 2505 599 2568 quac
620 2483 702 2548 inter
723 2483 927 2549 commissum
948 2483 1011 2548 iam
1035 2505 1102 2548 cer-

77 2591 188 2659 tamen,
225 2579 282 2644 ubi
311 2579 394 2644 vallo
425 2579 709 2666 adpropinquasset
741 2577 855 2656 hostis,
892 2587 1099 2664 erumperent.

77 2675 234 2742 Romanus
253 2675 415 2740 cedentem
432 2675 557 2739 hostem
575 2673 675 2739 offuso
693 2673 852 2759 sequendo
866 2673 904 2739 in
920 2673 1024 2739 locum
1042 2673 1101 2738 ini·
1120 2693 1136 2741 3

77 2793 168 2856 quum
186 2779 358 2857 pertractus
377 2779 548 2856 oportunus
566 2769 640 2834 huic
654 2769 808 2857 eruptioni
821 2768 891 2834 fuit.
917 2792 1029 2835 versus
1043 2769 1102 2834 ita—

77 2888 131 2952 que
148 2866 183 2930 in
200 2864 351 2933 victorem
369 2874 467 2930 terror
484 2874 515 2929 et
532 2886 614 2930 novo
636 2863 728 2930 hoste
750 2874 781 2929 et
803 2864 916 2951 supina
936 2864 1019 2929 valle
1036 2863 1103 2928 Ro-

77 2984 197 3028 nanam
218 2959 380 3025 inclinavit
402 2959 510 3025 aciem.
550 2958 668 3025 instant
689 2957 800 3025 Volsci
825 2971 980 3037 recentes,
1008 2959 1062 3043 qui
1084 2978 1137 3025 aa

77 3056 183 3123 rastris
204 3055 358 3145 impetum
379 3054 532 3135 fecerant,
559 3053 717 3141 integrant
743 3063 775 3118 et
795 3053 841 3117 illi
866 3076 1020 3141 pugnam,
1047 3053 1102 3136 qui

77 3150 396 3234 simulatacesserant
412 3148 499 3236 fuga.
534 3148 599 3214 iam
615 3171 679 3214 non
695 3147 865 3234 recipiebat
883 3169 917 3211 se
934 3146 1097 3212 Romanus

77 3244 176 3325 miles,
205 3244 293 3310 sed
283 3266 438 3312 mmemor
458 3243 591 3309 recentis
617 3242 752 3309 ferociae
778 3241 954 3326 veterisque
981 3239 1102 3304 decoris

77 3363 160 3428 :erga
182 3338 303 3428 passim
324 3339 474 3406 dabatat
441 3348 535 3424 atque
558 3338 659 3404 effuso
683 3360 778 3404 cursu
803 3345 906 3402 castra
931 3333 1101 3422 repetebat,

77 3458 144 3502 rum
163 3432 319 3500 Camillus
342 3432 462 3500 subiect
450 3443 500 3499 tus
523 3432 563 3513 ab
586 3431 891 3498 circumstantibus
881 3455 915 3496 ιιι
937 3453 1053 3516 equum
1072 3441 1103 3494 et
1121 3450 1138 3498 5

77 3530 186 3617 raptim
205 3528 353 3595 subsidiis
364 3529 488 3616 opposit
488 3529 530 3594 is:
476 3528 718 3607 t·‘haecest,'
726 3527 827 3613 inquit
837 3526 964 3593 m‘ilites
965 3548 1102 3613 ,pugna

77 3647 168 3711 quarn
186 3624 347 3713 poposcist
335 3624 395 3689 tis?
416 3623 486 3710 quis
504 3623 612 3702 homo,
632 3623 702 3708 quis
721 3623 866 3688 deust
818 3632 866 3687 est
870 3670 878 3700 ‚
898 3644 993 3707 quem
1011 3643 1104 3686 accu-
1146 3662 1148 3668 ·

77 3741 143 3786 sare
165 3718 315 3805 possitis?
344 3727 449 3783 vestra
470 3717 525 3783 illa
546 3717 719 3797 temeritas,
746 3726 852 3781 vestra
872 3716 1000 3804 ignavia
1025 3715 1104 3778 haec

77 3824 130 3880 est.
178 3813 278 3879 secuti
304 3812 399 3878 alium
425 3813 539 3877 ducem
566 3811 732 3897 sequimini
758 3833 843 3877 nunc
866 3808 1035 3876 Camillum
1062 3817 1102 3883 et,
1123 3827 1139 3874 6

77 3909 158 3994 quod
182 3907 280 3983 ductu
301 3928 373 3995 meo
395 3906 516 3999 soletis,
544 3907 668 3991 vincite.
708 3905 784 3991 quid
810 3905 927 3972 vallum
950 3911 981 3968 et
1003 3908 1106 3966 castra

77 4002 245 4091 spectatis?
274 4002 430 4093 nemipem
453 4011 591 4089 vestrum
612 4001 668 4068 illa
688 4000 749 4087 nisi
771 4001 922 4066 victorem
941 4002 1106 4081 receptura
