2566 4524
281 250 401 307 LIBER
417 253 452 318 V,
471 251 513 306 31.
526 252 568 307 32.
588 254 626 324 [a.
639 251 828 324 0.393-391]
1001 244 1066 310 283

53 410 165 500 nfuga
182 409 252 488 fuit,
269 408 457 494 triumphus,
475 408 606 488 Manlio,
625 420 661 474 ut
673 433 771 478 ovans
784 412 1000 528 ingrederetur
1013 437 1067 481 ur-

53 531 119 585 tem,
137 507 300 570 decretum
318 513 375 569 est.

97 600 225 664 Eodem
243 620 325 663 anno
342 619 461 663 novum
478 596 597 663 bellum
614 620 686 664 cum
704 597 957 667 Volsiniensibus
976 624 1066 670 exor-
1084 623 1100 672 e

53 719 110 774 nm,
129 717 196 779 quo
212 703 341 780 propter
357 692 475 758 famem
491 693 764 779 pestilentiamque
781 695 815 759 in
832 719 908 782 agro
921 697 1066 764 Romano

53 787 234 854 :siccitate
251 785 470 869 caloribusque
492 786 597 852 nimiis
620 798 720 853 ortam
743 790 898 855 exercitus
922 790 995 857 duci
1012 814 1067 859 ne·

53 883 143 948 uivit.
183 880 224 946 ob
248 903 328 965 quae
351 879 566 947 Volsinienses
591 880 805 967 Salpinatibus
832 884 987 949 adiunctis
1015 907 1067 953 su-

53 977 144 1043 crbia
162 975 238 1041 elati
255 975 336 1040 ultro
350 997 443 1061 agros
456 975 618 1042 Romanos
631 977 840 1043 incursavere.
864 979 982 1044 bellum
994 978 1067 1043 inde

53 1071 161 1138 nebus
179 1070 305 1155 populis
322 1069 484 1135 indictum.

95 1164 139 1231 O.
156 1164 261 1230 Iulius
279 1184 391 1228 censor
408 1163 556 1243 decessit;
574 1164 607 1229 in
625 1165 692 1229 eius
710 1164 815 1230 locum
832 1165 879 1231 M.
900 1165 1065 1233 Cornelius
1085 1187 1099 1236 6

53 1259 203 1336 affecere,
231 1280 312 1342 quae
333 1280 384 1323 res
405 1268 517 1344 postea
541 1258 684 1347 religioni
705 1258 779 1337 fuit,
807 1261 881 1344 quia
902 1283 941 1325 eo
966 1260 1066 1325 lustro

53 1362 141 1420 loma
156 1361 207 1418 est
224 1362 331 1437 capta;
356 1373 415 1416 neo
433 1352 545 1419 deinde
563 1375 712 1437 umquam
730 1353 764 1420 in
785 1354 939 1418 demortui
961 1354 1065 1420 locum
1085 1376 1099 1422 ⁷

53 1470 147 1515 snsor
169 1445 334 1511 sufficitur.
379 1445 623 1530 consulibusque
645 1446 754 1512 morbo
780 1448 928 1533 inplicitis
950 1448 1067 1534 placuit

53 1565 85 1608 er
102 1541 323 1624 interregnum
343 1539 486 1604 renovari
508 1539 656 1625 auspicia.
701 1540 806 1624 itaque
824 1564 897 1609 cum
919 1564 960 1607 ex
977 1565 1067 1607 sena-
1084 1561 1100 1610 8

53 1660 81 1702 rs
100 1633 250 1700 consulto
268 1633 413 1698 consules
431 1633 616 1720 magistratu
635 1656 669 1698 se
691 1634 904 1714 abdicassent,
930 1636 1068 1701 interrex

53 1739 158 1796 ceatur
176 1726 224 1791 M.
240 1726 355 1793 Furius
371 1725 534 1805 Camillus,
553 1728 608 1810 qui
623 1726 662 1793 P.
679 1726 860 1796 Cornelium
875 1729 1065 1816 Scipionem,

53 1848 58 1888 ι
79 1821 201 1888 deinde
222 1820 263 1884 L.
282 1819 444 1885 Valerium
466 1820 606 1885 Potitum
627 1821 813 1908 interregem
835 1823 981 1908 prodidit.
1026 1823 1066 1888 ab
1085 1843 1100 1893 θ

53 1939 70 1983 n
88 1915 189 1982 creati
207 1937 265 1980 sex
281 1913 398 1980 tribuni
410 1915 544 1980 militum
558 1916 714 1981 consulari
725 1927 889 2002 potestate,
907 1926 952 1995 ut,
972 1919 1067 1985 etiam

53 2010 64 2075 i
82 2010 136 2076 cui
152 2032 261 2075 eorum
277 2009 475 2075 incommoda
492 2009 630 2075 valitudo
648 2009 773 2089 fuisset,
793 2012 885 2097 copia
901 2012 1067 2099 magistra·

53 2128 127 2171 rum
143 2105 191 2169 rei
208 2103 352 2189 publicae
370 2113 463 2169 esset.

98 2197 259 2263 XXXII.
295 2197 370 2262 Kal.
391 2196 602 2280 Quinctilibus
621 2198 839 2283 magistratum
857 2221 1005 2284 occepere
1022 2200 1064 2263 L.
1087 2220 1098 2266 1

53 2293 217 2368 aucretius,
239 2291 368 2359 Servius
385 2289 554 2377 Sulpicius,
572 2289 620 2354 M.
630 2290 796 2368 Aemilius,
814 2293 856 2355 L.
866 2292 982 2357 Furius
995 2292 1067 2356 Me-

53 2386 176 2455 ullinus
197 2386 377 2472 septimum,
401 2384 546 2471 Agrippa
562 2385 691 2463 Furius,
713 2384 751 2450 O.
769 2385 925 2450 Aemilius
943 2386 1065 2451 iterum.

53 2500 81 2545 ι
98 2479 149 2545 his
170 2480 214 2545 L.
232 2480 382 2545 Lucretio
404 2489 436 2544 et
459 2479 497 2544 0.
516 2479 653 2544 Aemilio
675 2477 884 2544 Volsiniensis
906 2481 1067 2565 provincia
1084 2500 1100 2547 2

53 2573 152 2651 venit,
172 2572 349 2659 Salpinates
367 2573 530 2660 Agrippae
548 2572 645 2638 Furio
663 2583 694 2637 et
713 2571 781 2638 Ser.
798 2571 948 2659 Sulpicio.
979 2573 1066 2659 prius
1085 2593 1100 2640 3

53 2665 373 2733 umVolsiniensibns
387 2676 562 2754 pugnatum
577 2676 633 2732 est.
657 2667 774 2732 bellum
786 2690 916 2735 numero
929 2667 1068 2734 hostium

53 2779 162 2849 rgens,
179 2763 347 2827 certamine
364 2761 450 2826 haud
466 2783 543 2826 sane
561 2783 707 2846 asperum
725 2762 793 2827 fuit.
821 2763 895 2828 fusa
912 2784 1067 2827 concursu

53 2856 142 2923 tiuro
158 2856 241 2925 acies
258 2857 293 2921 in
310 2857 433 2943 fugam3
451 2856 606 2923 miliat
556 2867 625 2922 octo
643 2865 743 2923 armat
744 2880 833 2923 orum
851 2857 891 2923 ab
910 2858 995 2967 equit
983 2857 1066 2923 tibus

53 2951 208 3017 ataolua
223 2951 335 3037 positis
352 2951 447 3016 armis
464 2951 499 3014 in
515 2950 610 3014 dedit
589 2958 705 3017 tlonem
722 2968 883 3017 venerunt.
911 2953 979 3016 eius
992 2951 1067 3017 belli
1084 2971 1101 3018 4

53 3058 130 3109 urna
144 3045 255 3124 effecit,
273 3068 314 3111 ne
332 3068 367 3110 se
384 3067 509 3132 pugnae
528 3046 756 3110 committerent
771 3044 949 3131 Salpinates
915 3067 1068 3112 eszmoe-

53 3130 139 3201 ribus
154 3140 262 3207 mmati
279 3157 315 3204 se
332 3140 475 3205 tutabant
462 3149 521 3205 tur
548 3139 684 3205 Romani
701 3141 833 3224 praedas
850 3161 970 3224 passrm
984 3147 1015 3204 e
1028 3161 1068 3203 ex

53 3216 196 3318 ’alpinati
216 3256 294 3322 agro
319 3243 352 3302 et
373 3257 415 3300 ex
435 3233 627 3299 Volsiniensi
649 3234 735 3299 nullo
757 3257 827 3299 earn
853 3234 917 3296 vim
944 3243 1068 3297 arcente

53 3338 185 3408 flerunt,
213 3331 313 3395 donec
330 3328 584 3395 Volsiniensibus
603 3329 697 3393 fessis
715 3327 797 3393 bello
815 3350 853 3392 ea
874 3325 1066 3404 condicione,
1085 3346 1101 3394 5

53 3420 143 3489 *res
161 3423 279 3508 populo
295 3423 440 3489 Romano
457 3422 669 3487 redderentt
639 3421 936 3508 stipendiumque'
910 3443 977 3485 e1us
995 3419 1069 3487 anui

53 3518 191 3585 xaoimi
207 3527 410 3603 praestarent,
426 3517 462 3581 in
478 3516 590 3602 viginti
607 3539 705 3581 annos
723 3515 862 3581 indutiae
880 3515 980 3581 datae.

102 3611 229 3678 Eodem
247 3634 329 3677 anno
346 3611 394 3676 M.
410 3609 577 3677 Caedicius
595 3611 635 3675 de
652 3609 745 3696 plebe
757 3609 912 3673 nuntiavit
925 3608 1066 3687 tribunis,
1087 3630 1102 3679 6

53 3710 74 3761 Β
91 3705 126 3771 in
143 3729 227 3772 nova
239 3705 301 3784 via,
318 3705 374 3770 ubi
386 3727 470 3770 nunc
483 3704 633 3770 sacellum
646 3716 694 3768 est
708 3726 803 3789 supra
816 3704 926 3768 aedem
939 3701 1067 3780 Vestae,

53 3812 150 3869 Quem
167 3799 270 3869 noctis
287 3798 410 3865 silentio
424 3799 549 3865 audisse
563 3797 725 3862 clariorem
737 3798 884 3874 humana,
904 3819 985 3881 quae
1002 3821 1070 3863 ma

53 3882 227 3963 intratibus
235 3895 298 3961 dici
305 3895 435 3973 iuberet,
456 3891 565 3960 Gallos
575 3894 752 3958 adventare.
775 3893 817 3971 id,
836 3892 924 3969 utfit,
943 3901 1101 3976 proptert

53 3991 179 4057 ueteris
206 3989 412 4055 bumilitatem
438 3999 579 4073 spretum
604 3996 636 4052 et
663 3987 748 4071 quod
774 3986 945 4072 longinqua
971 4003 1070 4067 eoque
