2566 4524
154 250 220 315 410
313 242 317 248 ’
352 253 985 328 ursnav1H,11.1a[aae.4rt-41q

155 421 239 487 tibus
257 416 680 493 renovanwfoedusrussum
699 424 930 499 renovaturque
948 437 989 481 ex
1001 436 1038 482 eo
1050 425 1154 501 quoon-
1196 430 1200 519 i

105 539 136 586 16
154 517 204 582 nis
230 524 303 601 post
328 513 413 578 diem
438 511 595 578 decimum
620 510 816 576 Latinarum.
861 508 1021 594 equitibus
1046 509 1154 597 Campa·
1197 494 1200 575 l

154 611 203 677 nis
222 611 333 676 civitas
347 608 492 675 Romana
509 607 596 683 data,
616 614 881 689 monumentoque
898 613 935 670 ut
953 613 1038 671 esset
1052 626 1154 671 aenum

155 705 321 773 tabulam'
312 727 345 769 m
358 703 436 770 aede
451 701 530 768 Cast
518 703 593 768 toris
602 701 723 768 Romae
736 700 881 767 fixerunt
910 699 1047 788 vectigal
1056 719 1153 786 quoquo
1169 725 1174 735 ’

154 803 201 867 eis
212 799 395 885 Campanus
408 796 544 884 populus
561 797 667 862 iussus
685 795 822 882 pendere
840 795 874 861 in
891 794 1035 882 singulos
1051 804 1155 880 quotan-

154 896 260 961 nis-
278 894 367 959 fuere
385 901 491 958 autem
508 889 593 956 mille
611 900 643 956 et
659 889 795 956 sescenti
811 927 854 939 -
872 889 1021 956 denarios
1037 907 1153 955 nummos

155 989 386 1075 quadringenos
404 986 653 1072 quinquagenos.

122 1104 135 1150 1
219 1081 301 1147 XII.
328 1081 378 1146 Ita
392 1080 475 1146 bello
488 1089 593 1166 gesto,
612 1077 759 1164 praemiis
773 1099 939 1164 poenaque
955 1080 1015 1166 p'ro
1032 1078 1154 1162 cunque

153 1179 265 1244 merito
282 1175 464 1263 persolutis,
483 1174 522 1239 T.
536 1172 678 1239 Manlius
691 1172 828 1240 Romam
844 1172 946 1239 rediit
978 1173 1031 1240 cui
1046 1168 1154 1239 venienti

155 1273 292 1339 seniores
306 1280 428 1336 tantum
441 1269 567 1336 obviam
580 1269 684 1334 exisse
698 1276 834 1347 constat,
852 1267 1050 1334 iuventutem
1062 1277 1090 1334 et
1099 1276 1155 1332 tum

154 1376 185 1432 et
202 1365 288 1432 omni
305 1366 370 1431 vita
386 1364 500 1429 deinde
517 1371 694 1429 aversatam
712 1383 785 1427 eum
802 1372 1052 1448 execratamque.

118 1479 135 1526 a
217 1459 364 1526 Antiates
386 1460 420 1524 in
441 1481 553 1546 agrum
576 1455 774 1535 Ostiensem,
800 1454 988 1536 Ardeatem,
1018 1455 1155 1524 Solonium

152 1555 347 1621 incursiones
365 1553 516 1619 fecerunt.
546 1551 688 1617 Manlius
706 1550 830 1630 consul,
849 1550 925 1635 quia
941 1552 1011 1637 ipse
1028 1547 1156 1638 pervale-

153 1649 295 1714 tudinem
312 1648 346 1713 id
363 1647 481 1714 bellum
499 1647 613 1731 exequi
629 1645 804 1730 nequierat,
823 1645 1009 1712 dictatorem
1026 1647 1067 1712 L.
1082 1641 1157 1731 Papi·

152 1744 235 1809 rium
254 1741 420 1820 Crassum,
448 1742 503 1827 qui
524 1751 593 1807 tum
614 1740 694 1806 forte
717 1749 783 1805 erat
803 1749 938 1826 praetor,
962 1738 1055 1820 dixit3
1079 1737 1113 1805 ab
1128 1756 1154 1803 so

118 1855 135 1902 a
152 1839 303 1924 magister
325 1837 466 1922 equitum
486 1837 528 1903 L.
546 1836 694 1922 Papirius
718 1834 838 1902 Cursor
863 1836 976 1902 dictus.
1013 1835 1088 1902 nihil
1108 1853 1156 1899 mo·

150 1931 303 1999 morabile
321 1932 473 1997 adversus
491 1929 638 1996 Antiates
657 1929 697 1996 ab
715 1930 865 1995 dictatore
883 1941 1012 2016 gestum
1029 1940 1087 2007 est,
1103 1946 1155 1994 cum

153 2025 271 2109 aliquot
288 2047 413 2090 menses
432 2025 545 2089 stativa
562 2025 596 2089 in
613 2046 690 2112 agro
707 2023 831 2089 Antiati
847 2023 1022 2090 habuisset.

117 2139 136 2186 4
217 2115 314 2184 Anno
327 2118 445 2204 insigni
457 2118 587 2184 victoria
601 2119 640 2184 de
653 2127 700 2184 tot
714 2140 751 2184 ac
765 2126 829 2184 tam
845 2118 1029 2205 potentibus
1046 2113 1155 2205 populis.

152 2212 194 2277 ad
211 2211 273 2277 hoc
290 2211 456 2280 consulum
469 2212 597 2278 alterius
610 2212 709 2278 nobili
721 2221 835 2290 morte,
854 2212 983 2278 alterius
998 2213 1078 2279 sicut
1088 2207 1156 2286 trud
1196 2239 1200 2283 ι

152 2307 197 2372 ita
214 2307 298 2373 claro
316 2307 357 2372 ad
369 2307 554 2373 memoriam
566 2307 712 2393 imperio,
732 2328 913 2374 successere
927 2307 1074 2374 consules
1086 2305 1155 2372 Titus

119 2422 134 2469 s
152 2400 309 2467 Aemilius
318 2399 544 2479 Mamercinus,
561 2399 634 2488 [Q]
645 2401 800 2468 Publilius
810 2401 1038 2487 Pulsisque
1050 2403 1082 2468 in
1093 2396 1155 2466 simi
1195 2462 1197 2467 .

150 2495 214 2560 lem
231 2497 394 2562 materiam
411 2518 515 2560 rerum
533 2506 564 2561 et
576 2496 638 2582 ipsi
651 2506 706 2562 aut
719 2519 847 2562 suarum
859 2519 966 2562 rerum
979 2507 1035 2562 aut
1047 2495 1156 2582 partium
1198 2550 1200 2555 ,

151 2592 184 2655 in
201 2613 235 2656 re
252 2591 380 2677 publica
397 2591 499 2677 magis
518 2612 613 2674 quam
631 2592 749 2676 patriae
772 2612 938 2657 memores.
983 2592 1112 2658 Latinos
1129 2584 1157 2654 ob
1195 2616 1200 2665 t

150 2686 229 2750 iram
247 2686 316 2772 agri
333 2685 442 2750 amissi
455 2684 641 2751 rebellantes
655 2686 688 2750 in
702 2686 820 2772 campis
830 2686 1022 2752 Fenectanis
1035 2687 1158 2752 fuderunt

117 2800 133 2846 o
153 2779 325 2861 castrisque
339 2787 502 2843 exuerunt.
528 2778 573 2844 ibi
586 2778 739 2857 Publili0,
758 2780 848 2845 cuius
862 2780 961 2846 ductu
978 2780 1157 2868 auspicioque
1197 2864 1199 2871 Ι

151 2894 201 2937 res
215 2881 324 2958 gestae
339 2880 436 2949 erant,
453 2872 488 2936 in
500 2872 691 2938 deditionem
704 2874 876 2960 accipiente
885 2874 1024 2941 Latinos
1036 2872 1157 2961 populos,

150 2988 284 3049 quorum
301 2965 346 3031 ibi
363 2964 509 3032 iuventus
528 2990 621 3033 caesa
635 2977 714 3046 erat,
733 2966 889 3034 Aemilius
904 2969 946 3034 ad
954 2967 1080 3035 Pedum
1091 2986 1157 3034 exer·

116 3061 248 3128 scitum
266 3061 365 3126 duxit.
401 3060 547 3128 Pedanos
567 3061 712 3128 tuebatur
725 3062 856 3140 Tiburs,
875 3062 1100 3131 Praenestinus
1112 3057 1157 3127 ve
1197 3118 1200 3130 .

150 3155 343 3241 liternusque
369 3156 519 3242 populus,
547 3167 697 3222 venerant
724 3166 755 3222 et
781 3157 821 3223 ab
848 3158 999 3225 Lanuvio
1022 3157 1158 3240 Antioque

115 3267 132 3316 8
152 3251 277 3316 auxilia.
303 3251 359 3316 ubi
377 3274 449 3316 cum
466 3251 592 3336 proeliis
611 3252 738 3336 quidem
753 3251 894 3362 superior
905 3252 1073 3319 Romanus
1085 3255 1157 3323 esset
1199 3310 1200 3319 ,

152 3346 192 3409 ad
213 3345 355 3412 urbem
345 3369 449 3432 rpsam
466 3344 590 3412 Pedum
612 3356 777 3431 castraque
801 3347 959 3413 sociorum
981 3348 1157 3452 populomfssr

116 3458 132 3506 9
150 3460 232 3521 quae
249 3439 320 3504 urbi
338 3441 484 3506 adiuncta
502 3450 603 3518 erant,
621 3450 744 3527 mteger
760 3440 849 3507 labor
866 3451 1016 3521 restaret,
1035 3438 1131 3509 bello
1124 3458 1158 3502 ιιι·

65 3614 67 3617 ¹
150 3531 234 3597 fecto
264 3542 391 3616 repente
423 3535 541 3600 omisso
571 3534 695 3614 consul,
736 3536 810 3620 quia
844 3535 987 3624 collegae
1024 3537 1158 3602 decretm

149 3625 341 3710 triumphum
364 3629 527 3707 audivit,
518 3651 587 3715 1pse
609 3652 735 3714 quoque
757 3629 907 3715 triumphi
926 3641 1002 3697 ante
1020 3627 1157 3696 victoriam

100 3741 133 3789 10
151 3720 308 3807 flagitator
324 3721 460 3788 Romam
477 3724 578 3790 rediit.
619 3746 682 3809 qua
700 3724 870 3810 cupiditate
887 3725 1023 3793 offensis
1040 3720 1154 3812 patribu⁸

148 3816 399 3901 negantibusque
429 3819 491 3884 nisi
516 3818 606 3884 Pedo
637 3829 728 3904 capto
760 3827 814 3884 aut
840 3819 949 3885 dedito
966 3817 1154 3906 triumphum»

147 3909 221 3976 hinc
243 3910 395 3976 alienatus
418 3911 458 3977 ab
482 3922 593 3978 senatu
609 3910 767 3978 Aemilius
791 3912 950 3980 seditiosis
968 3907 1155 3980 tribunatibut

98 4021 130 4070 11
149 4004 282 4070 similem
309 4005 422 4071 deinde
448 4006 645 4073 consulatum
670 4007 779 4094 gessit.
823 4029 899 4074 nam
924 4029 1044 4095 neque,
1073 3993 1155 4090 qiwtl
