2566 4524
214 249 279 317 428
439 257 558 314 LIBER
574 256 659 329 VIII,
677 256 720 314 29.
733 256 776 313 30.
795 259 870 327 [au.
880 257 1026 329 almo]

216 444 256 490 ex
282 417 466 487 auctoritate
487 425 614 502 patrum
635 415 771 502 populus
794 414 948 482 adversus
971 415 1120 485 Vestinos
1141 410 1221 487 iussit.

182 539 198 591 a
215 513 378 606 provincia
395 534 434 578 ea
445 510 561 589 Bruto,
582 507 747 576 Samnium
761 507 897 576 Camillo
916 518 1002 577 sorte
1019 513 1131 580 evenit
1157 537 1224 582 excr-

216 612 296 678 citus
319 617 452 692 utroque
469 605 556 671 ducti
573 614 605 670 et
622 623 697 670 cura
714 604 902 671 tuendorum
920 605 1034 673 finium
1052 607 1155 676 hostes
1169 633 1225 697 pro

182 704 309 778 shibiti
334 702 524 788 coniungere
550 723 646 765 arma.
691 708 830 764 ceterum
857 699 991 767 alterum
1019 703 1174 770 consulem
1192 704 1225 771 L.

214 799 361 875 Furium,
381 796 432 862 cui
443 794 543 860 maior
556 793 655 859 moles
668 816 773 860 rerum
786 794 922 880 inposita
936 806 1017 875 erat,
1037 797 1144 866 morbo
1155 798 1227 887 gravi

182 893 392 980 sinplicitum
417 890 543 956 fortuna
564 888 647 956 bello
670 887 839 967 subtraxit,
865 889 1039 975 iussusque
1066 893 1226 960 dictatorem

216 989 320 1054 dicere
349 987 396 1052 rei
425 985 582 1073 gerendae
613 1006 709 1049 causa
738 983 833 1071 longe
865 983 1077 1052 clarissimum
1102 986 1175 1054 bello
1195 1010 1228 1053 ca

216 1091 403 1170 tempestate
420 1079 500 1146 dixit
516 1079 559 1145 L.
571 1078 736 1164 Papirium
752 1077 936 1159 Cursorem,
956 1104 976 1146 a
994 1104 1060 1168 quo
1074 1082 1115 1168 Q.
1127 1082 1228 1151 Fabius

167 1198 200 1249 ιο
216 1176 380 1244 Maximus
398 1175 565 1242 Rullianus
583 1174 735 1261 magister
753 1174 893 1259 equitum
910 1185 960 1241 est
977 1176 1098 1258 dictus,
1120 1201 1173 1266 par
1184 1200 1228 1245 no-

217 1273 281 1340 bile
302 1271 397 1338 rebus
420 1271 453 1336 in
471 1292 508 1335 eo
526 1269 712 1356 magistratu
729 1269 843 1356 gestis,
867 1269 1026 1337 discordia
1044 1282 1161 1353 tamen,
1180 1294 1228 1358 qus

218 1390 316 1456 prope
333 1367 375 1433 ad
392 1366 537 1431 ultimum
554 1364 763 1449 dimicationis
782 1374 911 1430 ventum
929 1375 991 1445 est,
1016 1367 1161 1435 nobilius.

167 1483 198 1532 11
282 1460 336 1528 Ab
364 1461 461 1527 altero
488 1459 617 1526 consule
643 1460 676 1524 in
698 1458 840 1526 Vestinis
862 1460 1029 1548 multiplex
1051 1461 1167 1530 bellum
1183 1482 1228 1529 net

217 1579 352 1642 usquam
379 1555 466 1621 vario
493 1563 607 1620 eventu
633 1564 760 1642 gestum
787 1564 845 1620 est.
889 1578 965 1622 nam
994 1567 1028 1622 et
1058 1557 1229 1645 pervastavit

218 1673 312 1739 agros
335 1659 367 1715 et
387 1649 567 1736 populando
592 1659 687 1735 atque
709 1650 829 1715 urendo
852 1659 935 1716 tecta
956 1650 1099 1719 hostium
1121 1664 1229 1738 sataque

168 1763 201 1814 12
218 1745 253 1812 in
269 1745 369 1812 aciem
386 1744 501 1811 invitos
520 1745 668 1810 extraxit:
686 1745 779 1811 etita
795 1745 914 1833 proelio
932 1769 997 1812 uno
1016 1749 1134 1814 accidit
1145 1747 1229 1815 Vasti·

217 1863 331 1907 norum
348 1863 413 1919 res,
436 1839 681 1925 haudquaquam
699 1849 805 1905 tamen
821 1840 983 1906 incruento
1002 1843 1105 1909 milite
1123 1866 1189 1922 suo,
1203 1854 1229 1906 ut

217 1958 281 2001 non
298 1936 331 2001 in
349 1944 452 2000 castra
469 1935 572 2000 solum
588 1935 770 2022 refugerent
790 1934 912 2014 hostes,
939 1935 997 2002 sed
1018 1937 1085 2003 iam
1106 1961 1147 2004 ne
1166 1936 1229 2003 vallo

180 2048 183 2053 ·
218 2029 346 2112 quidem
363 2050 401 2094 ao
417 2027 514 2094 fossis
533 2029 605 2094 freti
623 2028 834 2096 dilaberentur
850 2030 883 2095 in
897 2031 1029 2118 oppida,
1049 2033 1115 2100 situ
1126 2031 1229 2101 mbim

167 2140 199 2190 18
218 2120 446 2207 moenibusque
470 2144 505 2188 se
527 2122 696 2190 defensuri.
732 2133 893 2209 postremo
919 2125 1039 2212 oppida
1065 2123 1229 2213 quoqueri

200 2287 205 2299 ,
218 2238 401 2304 expugnare
418 2218 560 2296 adortus,
578 2219 680 2304 primo
695 2217 844 2284 Cutinam
856 2219 977 2306 ingenti
990 2221 1107 2288 ardore
1118 2222 1230 2288 militm

218 2321 273 2377 aut
289 2311 455 2377 vulnerum
471 2312 531 2391 ira,
551 2312 636 2396 quod
653 2312 717 2378 hau
734 2312 801 2379 fere
814 2314 981 2398 quisquam
995 2314 1123 2404 integer
1131 2312 1231 2403 'proelio
1269 2376 1273 2381 .

167 2425 200 2474 14
219 2418 410 2486 excesserat,
431 2407 524 2472 scalis
538 2408 634 2493 cepit,
654 2408 767 2473 deinde
778 2406 957 2495 Cingiliam.
984 2411 1153 2497 utriusque
1165 2408 1230 2476 mbis

218 2502 368 2587 praedam
390 2502 555 2580 militibus,
583 2503 669 2587 quod
691 2524 745 2568 eos
766 2524 869 2587 neque
890 2513 1000 2589 portae
1019 2526 1081 2571 nec
1098 2506 1178 2572 muri
1190 2505 1230 2568 ho-
1268 2536 1273 2571 ;

219 2596 314 2661 stium
332 2607 508 2675 arcuerunt,
533 2597 697 2662 concessit.

184 2710 198 2757 1
282 2690 403 2756 XXX.
431 2691 471 2756 In
486 2690 652 2758 Samnium
668 2692 795 2757 incertis
812 2691 891 2756 itum
909 2693 1061 2779 auspiciis
1081 2707 1145 2775 est;
1163 2694 1231 2762 emus
1268 2722 1273 2731 ·

217 2785 263 2850 rei
285 2786 396 2850 vitium
418 2809 481 2852 non
502 2787 536 2850 in
558 2786 632 2852 belli
654 2797 814 2864 eventum,
842 2788 928 2871 quod
949 2810 1104 2876 prospere
1128 2801 1231 2878 gestum
1269 2814 1273 2857 :

184 2896 200 2944 2
219 2888 281 2956 est,
302 2880 358 2943 sed
374 2880 408 2943 in
424 2879 544 2946 rabiem
562 2891 657 2965 atque
669 2882 731 2947 iras
745 2882 969 2967 imperatorum
982 2885 1090 2951 vertit.
1118 2902 1231 2968 namquo

217 2972 364 3060 Papirius
392 2974 524 3040 dictator
549 2999 569 3041 a
593 2976 726 3063 pullario
752 2976 890 3042 monitus
913 2998 986 3042 cnm
1010 2978 1055 3043 ad
1076 2979 1232 3067 auspicium
1271 3032 1273 3043 .

217 3068 422 3154 repetendum
434 3069 570 3135 Romam
587 3070 845 3156 proficisceretur,
864 3070 1019 3157 magistro
1038 3075 1181 3158 equitum
1195 3072 1232 3137 do·
1271 3096 1273 3117 =

217 3162 385 3243 nuntiavit,
412 3173 447 3229 ut
470 3186 540 3230 sese
562 3164 631 3230 loco
649 3173 769 3230 teneret
786 3187 848 3229 neu
866 3163 996 3230 absente
1017 3189 1054 3232 se
1072 3190 1149 3235 cum
1164 3168 1232 3234 hosts

184 3277 347 3325 amanum
378 3269 564 3325 consereret.
610 3258 650 3343 Q.
677 3258 797 3325 Fabius
824 3282 897 3325 eum
922 3269 996 3346 post
1024 3264 1231 3348 profectionem
1271 3312 1273 3325 .

218 3352 379 3419 dictatoris
409 3376 466 3439 per
497 3355 709 3439 exploratores
741 3353 948 3439 conperisset,
982 3356 1122 3440 perinde
1152 3352 1232 3424 omnis

219 3446 321 3511 soluta
343 3449 428 3532 apud
449 3448 555 3514 hostes
579 3471 649 3515 esse
672 3471 709 3514 ao
728 3449 755 3514 si
772 3470 864 3514 nemo
881 3447 1053 3517 Romanus
1070 3452 1107 3519 in
1126 3448 1231 3520 Samnlt

184 3548 316 3617 cesset,
344 3563 401 3606 seu
426 3541 516 3609 ferox
542 3543 728 3609 adulescens
755 3543 941 3630 indignitate
968 3567 1144 3626 accensus,
1168 3538 1231 3631 quod

193 3709 198 3712 Ι
219 3634 323 3699 omnia
339 3635 373 3700 in
391 3636 540 3704 dictatore
558 3638 738 3704 viderentur
755 3638 893 3724 reposita
906 3660 993 3717 esse,
1015 3663 1074 3707 seu
1089 3639 1230 3709 oooadott

218 3727 299 3794 bene
321 3731 478 3815 gerendae
499 3733 545 3797 rei
562 3733 723 3811 inductus,
747 3733 888 3798 exercitu
904 3733 1063 3801 instructo
1079 3746 1229 3823 paratoque
1271 3772 1273 3783 <

217 3823 377 3910 profectus
400 3826 441 3890 ad
458 3826 635 3893 Inbrinium
652 3867 695 3877 —
712 3828 757 3893 ita
774 3837 888 3893 vocant
905 3827 1014 3894 locum
1033 3867 1075 3878 —
1094 3830 1161 3897 acie
1175 3842 1227 3893 cm
1271 3884 1273 3893 ,

183 3939 200 3987 o
219 3917 414 3986 Samnitibus
433 3921 581 3986 conflixit.
617 3944 655 3987 ea
672 3922 798 3987 fortuna
814 3944 941 4008 pugnae
959 3921 1037 4001 fuit,
1055 3936 1092 3988 ut
1107 3920 1179 3989 nihil
1192 3937 1227 3983 rt·
1270 3944 1273 3989 ε

216 4014 324 4080 lictum
343 4016 399 4094 sit,
423 4038 501 4100 quo,
525 4017 552 4082 si
570 4017 723 4083 adfuisset
741 4017 882 4096 dictator,
905 4039 957 4084 res
975 4018 1090 4085 melius
1106 4015 1171 4105 geri
1184 4030 1223 4098 pt
1270 4042 1273 4079 :
