2566 4524
384 252 502 307 uranu
519 254 547 318 1,
566 253 608 307 aa.
621 253 663 306 aa.
683 255 721 325 [a.
734 252 837 323 caro]
1085 243 1124 308 61

97 414 189 483 tendo
221 434 340 477 noxam
370 409 410 475 ab
441 420 550 474 coacta
579 410 613 473 in
642 420 802 475 auctorem
833 412 952 478 delictit
990 423 1128 481 mentem

95 529 242 597 peceare,
266 528 330 571 non
347 526 475 590 corpus,
500 515 545 582 et,
567 505 651 569 unde
669 505 834 570 consilium
852 504 980 584 afuerit,
1002 507 1128 593 culpam

94 605 218 671 abesae.
254 600 340 667 ‘vos’
357 600 460 683 iuquit
477 599 641 678 ‘videntia
660 599 737 684 quid
754 600 799 665 illi
817 599 980 679 debeatur3
999 625 1059 688 ego
1077 624 1127 668 me
1148 626 1179 673 ιο

94 699 150 764 etei
169 707 308 783 peccato
323 693 464 772 absolvo,
488 694 644 779 supplicio
660 717 723 759 non
740 692 838 760 libero
857 718 917 760 nec
933 696 998 761 ulla
1014 697 1128 763 deinde

95 791 246 878 inpudica
278 787 447 855 Lucretiae
470 788 616 873 exemplo
637 787 742 853 vivet!
778 789 926 869 cultrum,
948 812 1044 874 quem
1067 791 1127 856 sub
1147 814 1177 860 11

95 898 179 951 reate
198 884 348 951 abditum
365 881 517 961 habebat,
540 905 614 948 eum
630 883 664 947 in
682 883 775 949 corde
793 884 902 971 deligit
919 885 1128 971 prolapsaque
1147 907 1179 955 12

71 1030 73 1065 ÷
96 981 124 1047 iu
140 981 264 1045 vulnus
282 976 469 1043 moribunda
486 977 607 1042 cecidit
644 974 820 1043 conclamat
835 979 884 1044 vir
899 991 1059 1064 paterque.

71 1112 79 1149 ;.
154 1072 308 1139 VIIII.
335 1069 455 1136 Brutus
476 1071 539 1136 illia
561 1071 648 1137 luctu
666 1073 827 1158 occupatis
849 1074 984 1138 cultrum
1001 1096 1043 1139 ex
1058 1072 1161 1143 vol-1

71 1176 164 1235 {uere
175 1166 353 1234 Lucretiae
372 1177 545 1233 extractum
562 1178 743 1231 manantem
760 1189 868 1232 cruore
881 1190 957 1252 prae
970 1190 1004 1233 ae
1018 1178 1127 1233 tenena

71 1240 108 1331 l‘
112 1286 165 1348 per
179 1260 282 1327 hunc'
301 1261 405 1347 inquit
423 1261 720 1327 ίοοειιοείιιιιιιιιι
667 1272 738 1327 ante
754 1263 875 1348 regiam
893 1263 1038 1327 iniuriam
1056 1287 1129 1327 aan-

71 1338 78 1411 l
71 1357 220 1473 guinem
238 1357 313 1421 iuro
331 1376 466 1439 vosque,
485 1355 542 1433 dii,
562 1365 657 1421 testea
676 1355 773 1432 facio,
796 1379 847 1421 me
864 1357 906 1422 L.
921 1356 1129 1440 Tarquinium

71 1416 280 1537 lSuperbum
293 1471 368 1515 cum
386 1449 537 1515 scelerata
554 1449 733 1536 coniugeet
747 1473 832 1515 omm
821 1450 1018 1516 liberorum
1032 1452 1128 1537 stirpe

71 1514 75 1613 l
103 1544 214 1623 ferro,
205 1543 289 1631 igni,
307 1565 506 1628 quacumque
524 1543 684 1609 dehinc'
654 1567 687 1608 vr
703 1544 833 1629 possim,
853 1560 1049 1624 exacturum,
1069 1567 1129 1611 neo

71 1639 162 1705 illoa
173 1663 235 1705 nec
250 1639 352 1704 alium
364 1661 554 1723 quemquam
566 1660 699 1725 regnare
712 1640 833 1704 Romae
846 1663 1025 1725 passurum.
1026 1639 1129 1705 ’orl-
1146 1660 1162 1708 ο

100 1743 173 1801 ιιιιιιι
191 1733 311 1799 deinde
323 1731 480 1797 Collatino
494 1732 597 1810 tradit,
615 1732 849 1798 indeLuoretio
863 1733 1129 1813 aeValerio,u·
1062 1745 1129 1799 atu·

71 1840 74 1873 ²
92 1828 241 1915 ¹pentibuu
259 1827 413 1893 miraculo
429 1827 485 1905 rei,
503 1827 587 1891 unde
604 1850 723 1892 novum
740 1828 774 1892 in
787 1827 878 1892 Bruti
855 1838 1022 1915 tpeotore
1039 1829 1129 1915 inge-

92 1922 189 1991 nium.
216 1933 254 1987 ut
268 1931 473 2007 praeceptum
490 1931 566 1998 erat,
584 1921 689 1986 iurant
707 1923 825 2007 totique
844 1922 883 1987 ab
897 1923 984 1987 luctu
997 1922 1081 1987 versi
1094 1922 1128 1986 in

71 2040 74 2045 ·
100 2016 174 2081 iram
188 2016 343 2094 Brutum,
366 2016 431 2081 iam
447 2016 520 2081 inde
538 2015 580 2080 ad
597 2017 844 2103 expugnandum
860 2039 994 2104 regnum
1011 2038 1128 2083 vocan-

103 2122 177 2191 tem,
198 2121 348 2179 aecuntur
365 2112 488 2177 ducem.
524 2111 641 2176 elatum
658 2112 752 2177 domo
769 2113 940 2178 Lucretiae
962 2134 1075 2198 corpus
1093 2111 1127 2176 in
1145 2129 1160 2178 3

100 2205 198 2273 furum
215 2208 365 2273 defertmt
382 2206 588 2290 concientque
606 2206 767 2284 miraculo,
786 2218 820 2271 ut
837 2208 883 2284 fit,
900 2208 946 2273 rei
963 2230 1064 2272 novae
1082 2217 1129 2272 at-

71 2298 73 2319 ²
97 2322 154 2387 que
170 2302 362 2389 indignitate
380 2302 534 2366 homines.
559 2323 617 2386 pro
632 2302 813 2383 aequisque
832 2303 935 2366 scelus
953 2303 1077 2388 regium
1090 2323 1128 2366 ac

95 2396 157 2461 vim
178 2407 373 2481 queruntur,
399 2405 507 2460 movet
523 2418 596 2461 cum
618 2397 716 2481 patris
739 2396 895 2460 maestitia
916 2407 984 2461 tum
1005 2397 1124 2461 Brutus
1144 2416 1161 2461 4

95 2491 267 2578 castigator
285 2489 484 2555 lacrimarum
502 2500 596 2573 atque
614 2489 761 2554 inertium
779 2490 988 2572 querellarum
1005 2498 1128 2554 auctor-

96 2606 170 2669 que,
192 2584 284 2669 quod
306 2584 406 2662 viros,
428 2584 514 2668 quod
531 2584 694 2649 Romanos
716 2583 852 2662 deceret,
875 2607 963 2648 arma
984 2582 1128 2669 capiendi

100 2676 247 2744 adversus
276 2678 404 2743 hostilia
427 2701 533 2743 ausae,
578 2676 792 2743 ferocissimus
819 2679 952 2762 quisque
979 2679 1161 2744 iuvenumo

102 2793 173 2837 cum
186 2773 285 2838 armis
303 2772 497 2837 voluntarius
516 2772 620 2849 adest,
594 2773 784 2856 sequitur
801 2783 833 2837 e
851 2783 955 2837 cetera
971 2772 1127 2837 iuventus.

100 2865 172 2933 inde
185 2890 255 2953 pan
244 2867 431 2953 praesidio
448 2866 557 2931 relicto
575 2865 729 2932 Collatiae
747 2869 787 2932 ad
805 2879 911 2952 portae
930 2877 999 2932 cust
987 2865 1129 2932 todibua-

96 2980 158 3047 que
175 2961 275 3040 datia,
299 2982 340 3024 ne
358 2960 430 3044 quia
447 2983 526 3025 eum
547 2972 668 3024 motum
689 2961 818 3046 regibus
840 2962 1011 3038 nuntiaret,
1035 2958 1129 3024 ceteri

97 3055 220 3132 minati,
237 3055 319 3120 duce
336 3054 447 3133 Bruto,
465 3054 602 3120 Romam
619 3054 762 3140 profecti.
793 3055 849 3119 ubi
867 3078 904 3119 eo
922 3067 1051 3119 ventum
1069 3064 1127 3130 est,
1147 3075 1162 3120 ο

96 3170 297 3235 quacumque
314 3149 435 3214 incedit
422 3159 551 3214 tarmat
552 3172 572 3213 a
588 3148 769 3225 multitudo,
792 3171 942 3233 pavorem
959 3171 996 3212 ac
1014 3146 1129 3210 tumul-

97 3252 166 3309 tum
187 3243 273 3309 facit
314 3266 424 3309 urraua
446 3243 504 3309 ubi
527 3243 644 3308 anteire
670 3243 823 3328 primores
851 3243 985 3306 civitatis
1011 3241 1128 3318 vident,

100 3338 252 3423 quidquid
269 3338 320 3415 sit,
339 3336 424 3403 haud
441 3348 559 3403 temere
577 3360 647 3403 esse
664 3351 780 3402 rentur.
817 3359 875 3401 neo
892 3337 1044 3400 minorem
1062 3355 1162 3401 nro-7

104 3440 169 3495 tum
183 3433 363 3499 animorum
370 3433 493 3499 Romae
511 3444 576 3498 tam
593 3445 684 3499 atrox
700 3456 751 3497 res
768 3432 854 3509 facit,
868 3455 964 3516 quam
975 3431 1128 3497 Collatiae

104 3524 224 3594 faena
261 3551 338 3614 ergo
360 3551 402 3593 ex
423 3528 569 3595 omnibus
596 3529 673 3594 locis
696 3528 782 3593 urbia
805 3529 838 3591 in
859 3528 965 3593 forum
986 3527 1127 3593 curritur.

102 3641 166 3705 quo
178 3623 269 3688 aimul
283 3635 413 3688 ventum
426 3635 484 3702 est,
498 3646 610 3710 praeco
624 3625 665 3689 ad
678 3623 837 3688 tribunum
848 3622 1004 3702 Celerum,
1019 3624 1052 3688 in
1066 3645 1128 3707 quo

100 3725 166 3782 tum
183 3720 372 3805 magistratu
390 3719 471 3784 forte
483 3719 602 3785 Brutus
621 3729 695 3797 erat,
714 3720 865 3804 populum
883 3720 1057 3785 advocavit.
1084 3717 1129 3782 ibi
1145 3739 1162 3787 8

99 3815 196 3880 oratio
218 3814 329 3879 habita
349 3837 551 3900 nequaquam
574 3816 640 3879 eius
666 3816 801 3900 pectoris
827 3816 1020 3902 ingeniique,
1044 3813 1128 3898 quod

101 3907 282 3974 simulatum
301 3910 340 3973 ad
359 3930 429 3974 eam
448 3909 531 3974 diem
549 3910 660 3986 fuerat,
675 3910 714 3973 de
729 3910 760 3973 vi
773 3932 810 3974 ao
823 3909 952 3974 libidine
963 3908 1039 3975 Sex.
1049 3908 1129 3972 Tar-

100 4002 206 4086 quinii,
226 4004 268 4069 de
282 4014 392 4090 stupro
404 4002 535 4070 infando
548 4004 717 4069 Lucretiae
731 4014 762 4069 et
775 4003 946 4069 miserabili
963 4002 1068 4082 caede,
1087 4003 1128 4067 de
