2566 4524
88 178 92 187 ’
162 203 226 272 546
324 211 1034 287 nmssx,4r.rsa1ocuaaum.m.ma

163 384 294 442 rentum
314 371 348 440 in
368 371 471 452 libris,
498 371 726 461 Aesculapium
747 372 787 440 ab
804 371 970 460 Epidauro
987 373 1121 442 Romam
1141 401 1187 444 ar-

164 467 362 537 cessendum.
397 487 501 554 neque
517 488 556 535 eo
573 487 670 548 anno,
692 465 766 553 quia
782 465 866 533 bello
884 467 1031 557 occupati
1047 472 1184 540 oonsmes

164 572 261 643 erant,
279 561 448 649 quicquam
464 561 505 629 de
522 583 561 628 ea
577 583 611 628 re
627 570 742 639 sctum,
759 562 1081 650 praeterquamquod
1094 586 1194 655 unum.

164 659 247 726 diem
264 655 457 745 Aesculapio
475 655 660 744 supplicatio
677 653 786 722 habita
802 663 859 722 est.

460 977 677 1060 [PERIOOHA
696 986 806 1046 LIBRI
825 986 881 1047 XI.

216 1118 287 1175 Cum
295 1115 404 1174 Fabius
414 1115 528 1188 Gurges
538 1115 721 1172 oonsulmcle
731 1116 867 1172 adversus
877 1114 1025 1175 Samnites
1037 1123 1179 1192 pugnasset

163 1203 193 1253 et
202 1199 319 1253 senatus
328 1193 364 1250 de
373 1192 546 1248 removendo
561 1207 596 1248 eo
606 1192 644 1247 ab
658 1191 785 1249 exercitu
801 1197 914 1265 ageret,
932 1189 1047 1252 Fabius
1055 1194 1181 1252 Marinus

163 1279 246 1345 pater
255 1273 424 1342 deprecatus
438 1269 513 1325 hauc
526 1266 569 1324 fili
576 1268 762 1340 ignominiam
771 1284 806 1326 eo
819 1269 941 1326 maxime
955 1277 1089 1329 senatum
1095 1272 1181 1343 morit,

165 1350 242 1422 quod
250 1348 356 1403 iturum
366 1364 397 1402 se
407 1344 467 1402 filio
477 1347 604 1418 legatum
612 1345 759 1417 pollicitus
774 1352 832 1416 est,
845 1346 936 1420 idque
949 1348 1107 1419 praestitit.
1130 1348 1181 1407 eius

164 1424 289 1482 consiliis
299 1429 329 1480 et
338 1420 510 1494 operalilius
520 1422 621 1478 consul
630 1421 744 1479 adiutus
755 1420 1031 1482 caesisSamnitibus
1040 1425 1181 1498 triumpha·

163 1506 217 1574 rit,
237 1501 269 1558 0.
281 1500 415 1558 Pontium
432 1500 632 1571 imperatorem
651 1497 830 1570 Samnitium,
854 1499 975 1556 ductum
990 1501 1023 1558 in
1040 1503 1180 1575 triumpho,

164 1581 257 1637 securi
269 1578 424 1650 percussit.
457 1594 520 1632 cum
532 1575 697 1648 pestilentia
712 1577 812 1633 civitas
825 1577 987 1646 laboraret,
1004 1579 1087 1636 missi
1095 1580 1180 1654 legati,

161 1665 195 1715 at
202 1655 359 1727 Aesculapi
374 1654 485 1726 signum
493 1654 613 1710 Romam
627 1655 666 1710 ab
675 1654 821 1724 Epidauro
835 1654 1044 1725 transferrent,
1063 1675 1179 1732 anguem,

164 1737 213 1811 qui
223 1736 403 1792 seinuavem
412 1749 510 1790 eorum
519 1733 693 1804 contulerat,
711 1732 808 1804 inquo
823 1732 916 1803 ipsum
930 1751 1041 1792 numen
1050 1753 1113 1793 esse
1125 1753 1179 1792 con·

104 1842 108 1847 ·
163 1816 271 1886 stabat,
290 1815 525 1885 deportaverunt3
543 1825 635 1883 eoque
649 1811 679 1865 in
692 1810 814 1866 insulam
826 1810 940 1867 Tiberis
955 1828 1078 1883 egresso
1095 1814 1179 1870 eodem·
1219 1862 1221 1869 .

161 1893 226 1949 loco
246 1891 332 1948 aedes
344 1887 519 1960 Aesculapio
534 1887 689 1944 constituta
702 1892 754 1943 est
789 1887 825 1942 L.
838 1887 1005 1943 Postumius
1026 1888 1176 1958 consularis,

163 1969 309 2042 quoniam,
333 1983 397 2022 cum
414 1965 550 2022 exercitui
566 1970 727 2035 praeesset,
754 1981 842 2036 opera
858 1964 980 2020 militum
1002 1966 1036 2022 in
1054 1983 1120 2040 agro
1136 1981 1176 2020 suo

161 2065 230 2102 usus
248 2051 322 2112 erat,
342 2045 492 2098 damnatus
509 2047 564 2098 est
592 2059 693 2112 pacem
709 2040 874 2113 petentibus
893 2039 1073 2099 Samnitibus
1089 2043 1177 2099 foedus
1219 2062 1221 2097 :

162 2127 264 2193 quarto
282 2125 449 2193 renovatum
466 2123 517 2174 est
554 2116 654 2175 Uirrius
665 2118 808 2174 Dentatus
822 2120 924 2176 consul
940 2118 1177 2177 Samnitibuscae·
1219 2138 1221 2177 :

162 2200 201 2254 sis
211 2205 240 2255 et
249 2196 376 2264 Sabinis,
395 2197 444 2269 qui
453 2196 678 2266 rebellaverant,
697 2195 780 2252 victis
795 2197 861 2252 etin
876 2197 1054 2254 deditionem
1067 2198 1177 2269 acceptis

160 2275 254 2332 bisin
272 2274 373 2330 eodem
390 2274 560 2345 magistratu
582 2271 773 2344 triumpharit
810 2273 942 2329 coloniae
966 2275 1108 2332 deductae
1124 2279 1178 2330 sunt

162 2353 305 2422 Castrum,
326 2351 414 2422 Sena,
432 2350 552 2406 Hadria.
588 2349 728 2405 triumviri
742 2349 880 2420 capitales
893 2349 1178 2425 tunoprimurnoreati

162 2436 237 2485 aunt.
274 2445 361 2486 censu
379 2435 443 2484 aeto
462 2429 583 2482 lustrum
601 2427 746 2481 conditum
765 2431 823 2483 esta
842 2443 930 2482 censa
944 2435 1013 2484 sunt
1031 2430 1128 2485 civium
1141 2445 1176 2481 ea·

161 2509 222 2579 pita
239 2507 364 2562 ducenta
378 2505 558 2578 septuaginta
573 2505 629 2560 duo
643 2505 729 2560 milia.
764 2505 848 2574 plebs
866 2511 987 2576 propter
1005 2524 1056 2563 aes
1072 2508 1177 2563 alienum

160 2591 228 2654 post
245 2601 347 2656 graves
361 2590 390 2639 et
402 2584 505 2655 longas
524 2581 678 2638 seditiones
697 2583 735 2639 ad
751 2582 879 2637 ultimum
898 2585 1024 2640 secessit
1041 2586 1071 2641 in
1083 2584 1176 2641 Ianicu·

160 2663 232 2730 lum,
251 2662 326 2717 uude
345 2678 362 2717 a
381 2660 415 2727 Q.
429 2659 584 2718 Hortensio
604 2660 742 2716 dictatore
760 2660 884 2716 deducta
901 2666 962 2730 est;
980 2663 1066 2736 isque
1082 2662 1175 2731 inipso

160 2740 329 2810 magistratu
352 2738 484 2794 decessit
523 2753 569 2793 res
590 2742 741 2808 praeterea
759 2741 860 2793 contra
875 2737 1078 2796 Vulsinienses
1096 2742 1175 2810 gestas

162 2817 301 2883 continet,
323 2816 391 2870 item
413 2816 550 2871 adversus
568 2815 715 2882 Lucanos,
740 2820 839 2871 contra
862 2830 936 2887 quos
960 2817 1095 2872 auxilium
1112 2815 1175 2870 'lhu-

160 2893 229 2946 rinis
247 2891 323 2946 ferre
340 2892 495 2962 placuerat

463 3071 664 3133 PERIOOHA
684 3073 792 3131 LIBRI
812 3072 894 3132 XII.-

212 3201 282 3256 Gum
295 3202 383 3272 legati
396 3199 588 3258 Romanorum
607 3219 625 3256 a
640 3201 732 3258 Gallis
746 3200 907 3257 Senonibus
925 3200 1074 3259 interfecti
1088 3203 1175 3266 essent,

159 3278 237 3334 bello
252 3279 289 3333 ob
303 3278 333 3334 id
345 3278 436 3334 Gallis
449 3278 570 3347 indicto,
588 3279 623 3334 L.
633 3277 774 3334 Caecilius
788 3284 906 3348 praetor
920 3278 1015 3336 abeis
1030 3298 1092 3336 cum
1103 3278 1175 3350 legIo

159 3355 244 3411 nibus
255 3372 356 3412 caesus
366 3363 417 3412 est.
453 3373 516 3410 cum
526 3355 712 3411 aTarentinis
728 3355 827 3412 classis
835 3356 969 3412 Romana
983 3358 1098 3429 direpta
1106 3358 1174 3419 essct,

160 3434 321 3504 duumviro,
341 3433 389 3504 qui
402 3439 535 3504 praeerat
547 3432 646 3503 classi,
665 3433 775 3505 occiso,
794 3433 884 3503 legati
897 3434 937 3489 ad
952 3451 1005 3490 eos
1021 3452 1040 3490 a
1054 3440 1145 3490 senatu
1151 3434 1175 3483 ut

160 3506 195 3560 de
222 3510 267 3562 his
299 3510 408 3564 iniuriis
419 3515 603 3582 quererentur
616 3509 695 3564 missi
708 3509 814 3582 pulsati
825 3515 897 3564 sunt
936 3510 975 3567 ob
989 3512 1022 3567 id
1036 3505 1175 3567 bellumeis

158 3584 293 3639 indictum
304 3592 355 3640 est
391 3584 531 3641 Samnites
545 3586 720 3642 defecerunt.
756 3587 893 3642 adversus
908 3604 961 3642 eos
976 3594 1008 3643 et
1016 3589 1141 3644 Lucanos
1153 3590 1176 3638 et

158 3659 276 3715 Brittios
292 3667 321 3715 et
333 3662 471 3719 Etruscos
486 3664 595 3735 aliquot
606 3664 724 3734 proeliis
738 3681 756 3720 a
770 3663 960 3734 conpluribus
979 3666 1100 3721 ducibus
1115 3663 1175 3717 bene

157 3743 313 3807 pugnatum
328 3744 379 3792 est
414 3741 541 3809 Pyrrhus
554 3740 735 3811 Epirotarum
747 3758 810 3809 rex,
828 3747 861 3795 ut
879 3742 1019 3797 auxilium
1032 3736 1174 3798 Tarentinis

158 3814 252 3883 ferret,
267 3814 513 3871 initaliamrenit.
540 3835 603 3872 cum
612 3817 642 3872 in
650 3818 824 3889 praesidium
834 3817 1016 3889 Reginorum
1026 3819 1099 3890 legio
1108 3815 1174 3870 can·

156 3906 233 3958 pana
251 3906 314 3946 eum
326 3891 473 3963 praefecto
489 3894 580 3950 Decio
594 3893 720 3952 Vibellio
738 3894 826 3951 missa
840 3902 934 3967 esset,
955 3896 1059 3953 occisis
1072 3887 1172 3962 Reginit

157 3963 277 4035 Regium
296 3969 454 4040 occupavit.
