2566 4524
188 238 251 304 282
413 249 531 302 LIBER
548 247 584 317 V,
603 247 643 301 30.
656 246 698 301 31.
718 250 756 315 [a.
765 264 793 301 n.
804 262 827 301 c.
835 246 987 317 361—363]

187 407 372 474 desistebat:
395 427 435 470 ne
454 406 543 471 aliter
560 405 784 470 descenderent
800 405 834 470 in
851 404 972 482 forum,
995 428 1069 471 cum
1085 405 1146 471 dies
1160 404 1195 471 fe·

187 504 302 569 rendae
320 502 399 588 legis
417 501 570 578 venisset,
597 521 692 583 quam
709 499 817 584 utqui
838 499 1058 565 meminissent
1080 500 1136 566 sibi
1153 521 1195 587 pre

187 599 249 665 aris
268 596 410 679 focisque
429 604 460 659 et
477 595 572 660 deum
589 595 715 680 templis
734 616 772 659 ac
790 595 872 672 solo,
886 594 919 659 in
937 616 1001 678 quo
1018 596 1086 660 nati
1102 603 1195 672 esseut,

154 714 169 761 2
187 692 399 757 dimicandum
417 690 494 754 fore.
530 712 604 753 nam
627 689 712 773 quod
733 688 774 753 ad
798 711 832 753 se
853 689 1002 773 privatim
1021 689 1158 767 attineat,
1177 687 1197 755 si

188 809 264 852 suae
281 786 399 872 gloriae
418 784 479 850 sibi
495 784 576 848 inter
593 783 826 850 dimicationem
843 783 963 868 patriae
980 781 1197 849 meminissesit

187 883 252 959 fas,
276 881 336 946 sibi
354 880 493 965 amplum
511 901 637 963 quoque
655 901 740 956 esse,
766 877 879 943 urbem
895 877 938 943 ab
960 900 995 943 se
1014 887 1136 964 captam
1150 875 1198 943 fre·
1216 915 1218 920 ·

188 976 343 1060 quentari,
371 975 484 1039 cotidie
503 996 537 1039 se
555 973 618 1038 frui
640 982 842 1038 monumento
860 972 980 1058 gloriae
1004 995 1083 1037 suae
1099 979 1199 1037 etanta

188 1070 295 1135 oculos
321 1068 437 1134 habere
464 1068 575 1133 urbem
600 1068 697 1132 latam
722 1068 756 1131 in
783 1065 941 1151 triumpho
968 1088 1044 1145 suo,
1075 1066 1198 1131 insistere

153 1188 169 1234 e
188 1187 296 1230 omncs
314 1163 456 1249 vestigiis
475 1163 604 1227 laudum
623 1185 760 1227 suarum.
785 1161 842 1225 sed
859 1160 950 1225 nefas
968 1162 1097 1239 ducere,
1115 1161 1210 1251 deser(

187 1268 251 1323 tam
269 1281 306 1323 ac
323 1258 462 1323 relictam
476 1257 516 1321 ab
530 1257 578 1321 dis
592 1255 808 1321 inmortalibus
822 1255 917 1319 incoli
929 1255 1044 1321 urbem
1057 1256 1133 1321 etin
1144 1274 1210 1341 cap·-

187 1355 251 1424 tivo
276 1353 343 1418 solo
364 1351 505 1417 habitare
531 1351 684 1437 populum
705 1350 886 1415 Romanum
911 1359 944 1413 et
956 1350 1100 1416 ·vlctr·ice
1120 1348 1211 1435 patris·-

153 1469 170 1515 4
186 1449 303 1513 victam
320 1447 443 1510 mutari.
475 1447 524 1511 his
543 1443 812 1511 adhortationibus
829 1443 979 1529 principis
999 1444 1145 1510 concitati
1158 1460 1210 1528 pe·

187 1553 263 1618 tres,
284 1564 374 1606 senes
392 1542 599 1624 iuvenesque,
619 1563 691 1604 cum
709 1539 842 1605 ferretur
857 1538 920 1616 lex,
939 1539 1068 1625 agmine
1086 1536 1201 1605 sauia

186 1635 290 1701 forum
312 1649 464 1699 venerunt
485 1635 690 1719 dissipatique
711 1656 769 1720 per
791 1632 890 1698 tribus
913 1656 989 1699 suos
1013 1633 1145 1718 quisque
1159 1628 1198 1695 tri·

152 1751 168 1799 a
186 1728 276 1795 bules
294 1741 479 1816 prensantes
497 1752 585 1794 orare
603 1752 675 1793 cum
692 1728 830 1794 lacrimis
849 1749 994 1813 coepere,
1018 1751 1060 1792 ne
1078 1750 1143 1793 eam
1156 1747 1205 1813 ps·-

186 1824 291 1901 triam,
322 1847 379 1911 pro
406 1847 469 1909 qua
494 1824 665 1890 fortissime
690 1822 936 1905 felicissimeque
961 1820 1027 1907 ipsi
1052 1845 1091 1887 ac
1114 1844 1182 1907 pa=¹r
1201 1859 1202 1862 ¹
1224 1835 1229 1887 l

187 1942 295 1984 eorum
308 1920 518 1996 dimicassent,
538 1920 725 1996 desererent,
747 1917 948 2003 Capitolium,
968 1918 1081 1981 aedem
1090 1915 1197 1991 Vestra·

152 2033 168 2080 6
187 2023 291 2078 cetera
312 2014 395 2077 circa
417 2013 534 2098 templa
551 2014 681 2079 deorum
704 2021 911 2091 ostentantes3
939 2033 979 2076 ne
998 2011 1134 2088 exulem,
1155 2024 1196 2073 er·¹
1220 2076 1222 2081 .

187 2115 301 2171 torrem
318 2106 470 2191 populum
487 2106 668 2171 Romanum
690 2106 731 2172 ab
750 2105 817 2170 solo
839 2106 940 2191 patrio
958 2128 997 2171 eo
1019 2106 1081 2171 diis
1105 2134 1174 2163 0¹1¹
1218 2146 1229 2183 ς

185 2201 245 2266 bus
263 2201 297 2265 in
313 2201 451 2266 hostium
469 2201 579 2267 urbem
598 2211 727 2287 agerent
744 2223 844 2284 eoque
861 2223 929 2266 rem
950 2201 1148 2278 adducerent,
1166 2206 1188 2261 a

153 2317 168 2361 7
186 2296 297 2360 melius
316 2296 410 2361 fuerit
428 2319 492 2361 non
509 2297 580 2381 capi
596 2295 705 2373 Veios,
723 2318 763 2360 nc
782 2295 885 2361 Roma
901 2296 1105 2362 desereretur.
1136 2315 1186 2377 qr

185 2413 249 2455 non
266 2391 299 2455 vi
316 2391 465 2476 agebant,
489 2392 545 2456 sed
563 2390 722 2476 precibus,
746 2400 777 2455 et
793 2392 875 2454 inter
895 2413 1006 2476 preces
1028 2391 1122 2456 multa
1135 2386 1185 2451 da,

184 2508 255 2550 rum
272 2486 389 2550 mentio
407 2496 486 2562 erat,
513 2485 695 2571 religiosum
711 2485 792 2570 parti
809 2484 966 2550 maximae
983 2485 1046 2550 fuit
1066 2495 1096 2550 et
1123 2509 1184 2559 ew

151 2598 167 2646 s
185 2602 248 2643 una
264 2580 370 2665 plures
389 2579 487 2644 tribus
506 2580 706 2662 antiquarunt
722 2601 817 2662 quam
831 2579 1005 2659 iusserunt3
1024 2580 1150 2663 adeoque
1163 2601 1168 2623 ¹-
1180 2605 1185 2620 ¹*
1223 2608 1229 2617 ·

185 2673 315 2738 victoria
340 2674 422 2738 laeta
447 2673 588 2758 patribus
616 2674 690 2751 fuit,
717 2684 753 2737 ut
778 2682 904 2758 postero
931 2675 982 2738 die
1009 2669 1182 2739 referenw‘

184 2767 366 2832 consulibus
395 2779 521 2832 senatus
549 2768 726 2832 consultum
751 2768 853 2847 fieret,
889 2776 925 2831 ut
956 2768 1025 2854 agri
1050 2766 1149 2833 Veie
1178 2767 1181 2830 3

186 2869 315 2944 septena
340 2861 449 2946 iugera
470 2861 555 2946 plebi
577 2861 802 2938 dividerentur,
830 2883 889 2926 nec
914 2862 1056 2947 patribus
1077 2860 1099 2925 f=
1114 2857 1179 2916 u'·¹

186 2962 321 3030 tantum,
346 2955 401 3018 sed
419 2964 453 3018 ut
472 2957 611 3020 omnium
629 2955 662 3018 in
680 2956 774 3020 domo
791 2955 963 3021 liberorum
981 2957 1114 3042 capitum
1133 2980 1145 3011 r
1215 2981 1216 2984 ¹

185 3047 360 3126 haberetur,
379 3049 556 3132 vellentque
572 3051 607 3113 in
625 3072 693 3114 eam
713 3072 802 3135 spem
820 3049 935 3115 liberos
955 3050 1072 3116 tollere.
1172 3072 1176 3081 ·
1224 3132 1229 3139 Ι

153 3162 165 3208 1
248 3142 386 3208 XXXI.
413 3143 464 3209 Eo
482 3166 610 3209 munere
628 3144 763 3209 delenita
780 3144 873 3230 plebe
891 3145 969 3209 nihil
987 3140 1176 3211 certatum&
1217 3216 1229 3225 ,

151 3257 166 3305 2
185 3239 368 3320 quominus
387 3239 562 3303 consularia
579 3239 705 3304 comitia
722 3239 923 3305 haberentur.
955 3241 1053 3306 creati
1069 3262 1114 3305 co·
1125 3263 1142 3288 ¹¹¹

184 3332 225 3395 L.
244 3330 389 3397 Valerius
411 3333 549 3410 Potitus,
577 3331 624 3397 M.
647 3332 802 3412 Manlius,
830 3335 881 3398 cui
904 3333 1081 3421 Capitolino
1108 3359 1175 3410 ιω,
1211 3373 1214 3378 -

184 3423 244 3485 fuit
262 3447 443 3509 cognomen.
471 3427 493 3490 ii
511 3427 656 3493 consules
674 3451 807 3514 magnos
825 3428 917 3493 ludos
936 3428 1051 3507 fecere,
1068 3447 1135 3512 quos
1153 3411 1177 3472 ,t
1206 3448 1229 3487 a

150 3515 298 3584 eFurius
317 3518 449 3584 dictator
465 3531 593 3586 voverat
611 3521 738 3586 Veienti
756 3522 848 3588 bello.
890 3524 1003 3588 codem
1020 3544 1099 3589 anno
1118 3541 1176 3573 ,aa
1221 3580 1227 3585 .

184 3609 313 3674 Iunonis
331 3613 457 3698 reginae
475 3615 515 3678 ab
538 3616 647 3679 eodem
671 3616 821 3681 dictatore
844 3616 1020 3701 eodemque
1040 3615 1117 3682 bello
1137 3636 1163 3662 ··’
1205 3616 1229 3680 ,Ξ

184 3703 353 3782 dedicatur,
373 3708 621 3792 celebratamque
631 3710 859 3774 dedicationem
868 3711 991 3798 ingenti
1003 3722 1124 3776 m=atra=
1148 3719 1176 3754 ,a

149 3817 167 3864 4
186 3797 288 3862 studio
311 3800 445 3866 tradunt.
483 3802 600 3867 bellum
621 3803 698 3868 haut
720 3804 923 3870 memorabile
945 3805 978 3870 in
999 3803 1111 3893 Algido
1148 3813 1177 3846 ..a
1206 3845 1223 3860 ..

182 3891 305 3976 Aequis
322 3904 446 3980 gestum
470 3907 517 3961 est
534 3898 615 3963 fusis
632 3897 776 3963 hostibus
799 3899 887 3984 prius
910 3921 1011 3984 paene
1033 3917 1119 3983 quam
1139 3921 1155 3945 ⁶¹⁴
1207 3954 1229 3969 ,

148 4021 149 4024 ¹
182 4008 242 4052 nus
261 4004 466 4055 consererent.
502 3989 643 4070 Valerio,
666 3994 752 4078 quod
772 3992 1024 4078 perseverantior
1043 3974 1174 4058 sadud·
1206 4023 1207 4026 ¹
