2566 4524
332 262 450 315 umus
465 261 524 331 111,
542 261 585 315 aa
598 261 641 315 53.
661 266 698 330 [a.
710 261 739 316 o.
749 263 813 332 449]
1031 252 1094 318 173

77 421 201 509 amplexi
214 417 347 484 tenetis?
363 418 455 486 tectis
467 442 504 484 ac
516 419 689 505 parietibus
706 419 776 484 iura
792 420 905 485 dicturi
918 421 1014 486 estis?
1030 444 1095 487 non
1112 446 1128 492 r

77 517 168 604 pudet,
182 515 330 580 lictorum
340 525 515 578 vestrorum
529 515 678 577 maiorem
691 536 789 599 prope
802 537 967 579 numerum
979 515 1095 581 infore

77 608 202 695 conspici
221 631 317 691 quam
334 619 512 694 togatorum
530 608 772 691 aliorum(que)?
788 609 873 692 quid,
892 609 919 673 si
933 610 1040 676 hostes
1053 611 1095 675 ad

77 705 173 768 orbem
181 703 320 780 veniant,
334 702 447 766 facturi
459 702 555 767 estis?
572 702 657 785 quid,
674 702 702 765 si
713 700 802 787 plebs
816 726 900 780 mox,
914 703 969 768 ubi
983 727 1094 790 parum

77 796 241 862 secessione
259 809 430 873 moveatur,
450 809 570 860 armata
587 795 711 859 veniat?
728 818 883 861 occasune
896 797 983 863 urbis
998 798 1093 862 vultis

77 891 150 956 finire
166 890 356 973 imperium?
377 890 464 973 atqui
480 902 535 954 aut
551 888 643 975 plebs
661 912 725 954 non
742 904 790 955 est
807 889 953 955 habenda
970 906 1024 956 aut
1037 892 1094 957 ha-
1111 909 1128 958 8

77 985 156 1052 bendi
179 1000 254 1050 sunt
276 984 392 1050 tribuni
413 984 530 1070 plebis:
558 1007 616 1049 nos
634 985 726 1050 citius
745 988 935 1051 caruerimus
953 989 1092 1072 patriciis

79 1079 297 1166 magistratibus
311 1101 405 1162 quam
418 1079 464 1142 illi
476 1079 606 1163 plebeis.
625 1101 739 1143 novam
752 1080 1009 1164 inexpertamque
1023 1103 1092 1146 eam
1111 1098 1126 1147 9

77 1187 250 1258 potestatem
264 1174 404 1258 eripuere
417 1173 559 1259 patribus
573 1173 697 1250 nostris,
715 1196 755 1238 ne
768 1196 852 1238 nunc
865 1175 1029 1240 dulcedine
1044 1198 1094 1240 se-

77 1269 131 1330 mel
147 1269 225 1353 capti
242 1267 345 1330 ferant
363 1266 566 1344 desiderium,
586 1288 659 1330 cum
675 1268 858 1351 praesertim
872 1290 930 1332 nec
944 1292 1001 1333 nos
1015 1285 1095 1334 tem-

77 1381 206 1445 peremus
227 1361 383 1446 imperiis,
406 1383 469 1444 quo
491 1361 595 1425 minus
613 1361 659 1424 illi
682 1362 790 1425 auxilii
808 1362 933 1448 egeant’
950 1401 994 1410 —
1019 1387 1093 1428 cum
1111 1378 1145 1428 10

77 1453 147 1518 haee
162 1455 302 1520 exomni
318 1468 406 1540 parte
424 1455 624 1532 iactarentur,
652 1455 727 1519 victi
749 1478 905 1521 consensu
923 1456 1093 1522 decemviri

77 1548 185 1615 firturos
203 1573 253 1627 se,
272 1551 398 1632 quando
415 1550 460 1614 ita
477 1549 629 1626 videatur,
647 1549 681 1613 in
692 1564 847 1635 potestate
861 1567 985 1637 patrum
999 1552 1093 1616 adfir-

77 1657 157 1706 nant.
191 1643 226 1707 id
243 1644 337 1708 modo
356 1643 450 1707 simul
467 1657 556 1707 orant
570 1666 607 1707 ac
620 1655 760 1722 monent,
782 1660 818 1708 ut
830 1646 907 1731 ipsis
922 1645 961 1710 ab
975 1646 1093 1711 invidia
1111 1669 1143 1717 11

77 1749 209 1802 caveatur
249 1759 309 1801 nec
331 1759 389 1802 suo
411 1736 564 1823 sanguine
586 1737 628 1802 ad
650 1738 803 1824 supplicia
823 1752 948 1824 patrum
965 1739 1091 1824 plebem

77 1830 287 1895 tdsuefaciant.
815 1897 817 1903 ¹

124 1924 219 1989 Llll„
261 1925 346 1989 Tum
371 1924 517 1991 Valerius
542 1924 759 2010 Horatiusque
784 1926 874 1991 missi
900 1927 941 1991 ad
965 1925 1123 2012 plebem1

77 2019 297 2084 condicionibus
316 2019 430 2102 quibus
448 2021 606 2084 videretur
626 2022 834 2085 revocandam
853 2022 1092 2106 conponendas-

77 2133 131 2195 que
145 2135 207 2191 res,
227 2115 413 2179 decemviris
432 2137 557 2198 quoque
575 2115 615 2179 ab
632 2116 679 2179 ira
697 2126 728 2179 et
745 2117 864 2201 impetu
881 2118 1089 2182 multitudinis

77 2228 248 2291 praecavere
279 2207 435 2272 iubentur.
478 2208 611 2294 profecti
642 2210 757 2293 gaudio
784 2211 905 2294 ingenti
929 2210 1031 2295 plebis
1057 2211 1091 2274 in
1108 2224 1124 2271 2

77 2310 164 2366 usn-a
180 2302 386 2386 accipiuntur,
405 2303 520 2388 quippe
539 2301 720 2366 liberatores
734 2301 819 2365 haud
833 2302 927 2367 dubie
941 2319 972 2367 et
986 2323 1090 2369 motus

77 2395 147 2460 nitio
165 2406 197 2460 et
214 2396 300 2458 exitu
317 2397 372 2459 rei.
400 2397 441 2460 ob
455 2397 533 2460 haec
545 2396 584 2460 iis
598 2394 835 2460 advenientibus
854 2397 972 2481 gratiae
990 2413 1089 2462 actae.

77 2488 166 2554 cilius
184 2512 242 2574 pro
260 2490 458 2554 multitudine
476 2491 572 2555 verba
590 2490 673 2554 facit.
709 2490 807 2566 idem,
831 2512 903 2554 cum
921 2491 960 2554 de
983 2493 1089 2555 condi·
1108 2505 1124 2552 3

77 2582 202 2649 tionibus
221 2599 376 2669 ageretur,
395 2585 616 2668 quaerentibus
634 2585 746 2671 legatis
760 2607 841 2668 quae
854 2585 1011 2669 postulata
1024 2585 1092 2670 ple-

77 2672 117 2741 bi·
129 2690 247 2755 essent,
272 2680 434 2764 conposito
457 2679 520 2743 iam
545 2696 617 2743 ante
635 2679 804 2743 adventum
822 2679 996 2765 legatorum
1015 2702 1091 2744 con-

77 2766 136 2835 eilio
152 2795 189 2837 ea
211 2772 396 2857 postulavit,
424 2789 460 2837 ut
482 2786 645 2858 appareret
667 2774 700 2836 in
723 2772 879 2857 aequitate
896 2797 1000 2839 rerum
1017 2774 1089 2859 plus

77 2882 157 2944 quarn
176 2866 210 2929 in
228 2866 324 2930 armis
341 2868 451 2952 reponi
474 2868 551 2952 spei.
586 2878 774 2953 potestatem
792 2868 875 2932 enim
892 2868 1089 2934 tribuniciam
1108 2881 1125 2928 4

77 2961 376 3043 provocationemque
393 2961 590 3047 repetebant,
610 2984 691 3045 quae
708 2975 780 3027 ante
794 2963 988 3028 decemviros
1004 2986 1091 3028 crea-

83 3058 123 3115 tos
139 3055 249 3119 auxilia
266 3055 368 3140 plebis
388 3057 525 3133 fuerant,
550 3071 581 3120 et
598 3079 637 3120 ne
656 3057 707 3120 cui
725 3056 829 3120 fraudi
846 3068 930 3120 esset
948 3059 1089 3122 concisse

88 3144 180 3213 milites
197 3161 251 3217 aut
273 3150 398 3235 plebem
420 3151 460 3214 ad
478 3152 679 3235 repetendam
696 3173 752 3236 per
771 3151 980 3215 secessionem
998 3151 1090 3214 liber·

77 3246 168 3323 ¹dotem.
193 3246 231 3310 de
245 3246 494 3311 decemvirorum
506 3246 600 3309 modo
619 3245 771 3330 supplicio
789 3258 879 3309 atrox
897 3245 1089 3328 postulatum
1108 3255 1124 3303 5

91 3327 141 3398 luit:
167 3339 237 3403 dedi
263 3341 379 3425 quippe
406 3363 460 3404 eos
487 3362 623 3423 aequum
649 3338 819 3402 censebant
846 3337 996 3420 rivosque
1023 3337 1090 3423 igni

96 3438 314 3499 mcematuros
341 3434 549 3498 minabantur.
586 3434 682 3519 legati
708 3434 748 3496 ad
771 3455 821 3497 ea:
850 3437 945 3515 ‘quae
967 3433 1123 3496 consiliio

96 3514 203 3605 flerunt,
225 3531 304 3595 adeo
323 3552 423 3613 aequa
441 3530 637 3615 postulastis,
661 3541 696 3592 ut
713 3529 793 3593 ultro
811 3528 901 3593 vobis
920 3528 1090 3591 deferenda

94 3604 193 3717 fuerint:
212 3623 345 3688 libertati
364 3626 446 3688 enim
461 3647 499 3688 ea
512 3624 668 3709 praesidia
681 3622 799 3707 petitis,
818 3646 881 3686 non
895 3622 1036 3685 licentiae
1050 3623 1090 3686 ad

84 3718 278 3809 ffsspttgnandos
296 3718 384 3782 alios.
411 3719 475 3782 irae
495 3732 617 3781 vestrae
631 3717 732 3802 magis
747 3717 974 3802 ignoscendum
993 3739 1087 3798 quam
1109 3737 1122 3781 7

77 3798 286 3891 ''oldgendum
303 3829 365 3889 est,
389 3814 505 3898 quippe
523 3815 577 3897 qui
596 3813 785 3876 crudelitatis
808 3813 879 3876 odio
902 3813 934 3874 in
957 3813 1090 3875 crudeli-

100 3896 169 3994 ψη]
180 3905 263 3970 ruitis
277 3921 307 3970 et
320 3908 405 3992 prius
419 3930 519 3993 paene
553 3930 647 3991 quam
661 3907 720 3989 ipsi
734 3906 823 3970 liberi
837 3906 917 3981 sitis,
938 3903 1088 3968 dominari

105 3993 192 4059 ”min
214 4000 405 4068 adversarios
431 4003 536 4068 vultis.
581 4024 792 4085 numquamne
819 4001 950 4084 quiescit
978 3994 1119 4060 civitas8

1045 4272 1049 4287 ι
1094 4212 1227 4262 Α
