2566 4524
394 254 514 310 amna
531 254 589 325 111,
609 255 650 310 ra
669 257 707 324 [a.
719 254 823 326 aaa]
1062 245 1125 312 193

101 414 262 483 contionali
284 413 366 492 seni,
393 413 613 500 adsignaturos
635 423 781 499 putarent
802 415 950 481 finitimos
972 417 1126 503 populos?

99 512 211 577 clarum
236 509 297 573 hac
319 506 387 573 fore
408 507 546 594 imagine
568 504 746 594 Scaptium,
772 510 923 595 populum
945 511 1124 577 Romanum

100 603 345 691 quadruplatoris
364 612 396 668 et
411 602 627 688 interceptoris
645 602 707 668 litis
726 604 845 669 alienae
862 627 1030 690 personam
1043 606 1125 671 latu-

100 724 172 766 rum.
203 720 301 783 quem
319 697 403 763 enim
419 697 479 762 hoo
495 698 637 783 privatae
654 698 699 763 rei
716 699 850 764 iudicem
868 700 997 778 fecisse,
1015 710 1050 765 ut
1064 701 1125 766 sibi
1142 720 1158 769 5

98 793 374 861 controversiosam
392 793 584 857 adiudicaret
596 792 682 856 rem?
706 790 869 878 Scaptium
886 794 991 879 ipsum
1008 795 1042 860 id
1055 794 1124 879 qui·

97 891 177 967 dem,
195 888 257 953 etsi
274 888 464 972 praemortui
481 887 545 951 iam
560 887 599 951 sit
612 888 755 972 pudoris,
775 911 839 952 non
851 889 1016 954 facturum.
1043 891 1122 955 haec
1141 907 1156 956 6

95 982 252 1061 eonsules,
275 982 355 1046 haec
371 996 477 1067 patres
494 981 720 1046 vociferantum
748 983 805 1046 sed
826 982 898 1067 plus
917 985 1072 1069 cupiditas
1091 995 1122 1049 et

95 1088 199 1144 auctor
216 1075 397 1162 cupiditatis
413 1073 560 1162 Scaptius
578 1075 671 1139 valet.
698 1089 828 1141 vocatae
846 1077 945 1142 tribus
964 1079 1122 1142 iudicave-

92 1183 175 1251 runt,
194 1194 308 1259 agrum
325 1169 485 1256 publicum
503 1170 612 1256 populi
628 1171 765 1235 Romani
784 1193 864 1236 esse.
899 1194 958 1236 nec
976 1172 1122 1236 abnuitur
1140 1190 1155 1237 7

92 1268 134 1332 ita
155 1265 269 1344 finisse,
294 1265 321 1329 si
339 1265 380 1329 ad
396 1265 516 1329 iudices
535 1265 612 1329 alios
631 1266 709 1329 itum
727 1265 822 1330 foret:
846 1288 931 1330 nunc
948 1267 1024 1330 haut
1043 1289 1119 1331 sane

92 1361 258 1447 quicquam
276 1359 360 1425 bono
377 1383 491 1425 causae
509 1360 630 1425 levatur
648 1361 784 1424 dedecus
802 1361 918 1426 iudicii.
945 1362 1040 1444 idque
1059 1379 1122 1425 non

87 1455 228 1521 Aricinis
250 1453 506 1539 Ardeatibusque
533 1477 628 1538 quam
653 1454 794 1540 patribus
817 1456 969 1521 Romanis
994 1456 1132 1521 foedius

88 1560 183 1636 atque
201 1546 345 1615 acerbius
363 1550 477 1615 visum.
508 1549 663 1634 reliquum
681 1551 755 1614 anni
773 1551 913 1635 quietum
932 1551 971 1617 ab
990 1551 1120 1617 urbanis

85 1644 227 1712 motibus
247 1652 278 1710 et
295 1644 336 1710 ab
354 1644 489 1709 externis
508 1645 633 1710 mansit.

500 1827 707 1836 μ

383 1936 598 2019 [PERIOGHA
614 1941 723 2000 LlBRI
740 1937 827 2018 ΠΗ]

124 2053 202 2118 [Lex
214 2053 251 2109 de
265 2051 389 2107 conubio
402 2057 515 2123 patrum
529 2059 558 2108 et
570 2054 664 2124 plebis
674 2072 692 2109 a
701 2053 823 2109 tribunis
832 2054 925 2124 plebis
936 2055 1119 2110 contentione

88 2129 332 2203 magnapatribus
342 2130 567 2200 repugnantibus
577 2133 688 2201 perlata
698 2138 751 2186 est.
774 2131 1046 2202 tribuniteplebis.
1069 2132 1119 2186 ali·

86 2216 163 2284 quot
174 2225 265 2264 annos
278 2225 326 2262 res
343 2208 443 2278 populi
456 2208 579 2262 Romani
597 2208 674 2262 domi
692 2208 866 2279 militiaeque
885 2227 937 2279 per
955 2211 1011 2264 hoc
1028 2228 1119 2281 genus

83 2288 272 2359 magistratus
282 2285 495 2340 administratae
507 2291 581 2350 sunt.
601 2285 669 2339 item
680 2303 812 2339 censores
824 2293 893 2339 tunc
901 2286 1020 2356 primum
1030 2288 1120 2341 creati

85 2371 163 2420 sunt.
192 2381 263 2435 ager
275 2361 451 2417 Ardeatibus
469 2362 569 2432 populi
582 2362 703 2416 Romani
719 2361 824 2416 iudicio
845 2363 959 2416 ablatus
978 2363 1071 2416 missis
1089 2364 1119 2417 in

85 2458 149 2498 eum
159 2440 273 2496 colonis
283 2440 432 2495 restitutus
441 2447 493 2493 est.
513 2456 576 2493 cum
585 2439 660 2493 fame
669 2439 793 2509 populus
802 2439 948 2493 Romanus
963 2440 1118 2508 laboraret,

85 2519 207 2591 Spurius
222 2518 346 2572 Maelius
360 2534 447 2589 eques
461 2517 606 2571 Romanus
620 2515 790 2570 frumentum
804 2517 910 2587 populo
926 2534 977 2570 sua
991 2517 1120 2585 impensa

86 2596 208 2668 largitus
222 2602 268 2651 est
277 2603 306 2650 et
315 2594 352 2649 ob
362 2594 392 2648 id
401 2594 507 2648 factum
519 2593 671 2648 conciliata
682 2594 736 2648 sibi
746 2595 832 2664 plebe¹
840 2611 958 2664 regnum
968 2593 1119 2648 adfectans

86 2691 105 2729 a
121 2673 151 2728 C.
171 2673 293 2728 Servilio
311 2671 405 2727 Ahala
426 2673 561 2741 magistro
585 2671 711 2742 equitum
728 2671 807 2726 iussu
825 2671 940 2736 Quincti
959 2669 1120 2727 Cincinnati

86 2751 236 2807 dictatoris
247 2748 358 2804 occisus
369 2756 426 2816 est3
444 2748 479 2803 L.
489 2748 630 2803 Minucius
644 2749 730 2804 index
739 2749 813 2804 bove
823 2755 923 2804 aurato
934 2749 1055 2804 donatus
1066 2755 1118 2806 est.

86 2828 191 2899 legatis
201 2826 338 2882 Romanis
348 2826 562 2881 aFidenatibus
576 2826 692 2897 occisis,
713 2827 846 2897 quoniam
856 2828 893 2882 ob
906 2826 1119 2897 rempublicam

88 2906 296 2974 occubuerant,
320 2909 431 2958 statuae
448 2903 477 2958 in
495 2903 594 2958 rostris
611 2904 724 2974 positae
744 2911 818 2959 sunt.
847 2904 953 2959 Cossus
968 2905 1118 2961 Cornelius

86 2985 217 3038 tribunus
230 2983 351 3037 militum
362 2983 456 3036 occiso
466 2979 616 3036 Tolumnio
627 2982 779 3038 Veientum
789 3000 856 3053 rege
867 2983 961 3052 opima
971 2983 1063 3051 spolia
1075 2999 1119 3037 se-

90 3061 185 3114 cunda
193 3061 297 3116 retulit.
315 3060 399 3114 Mam.
409 3058 547 3114 Aemilius
558 3060 680 3114 dictator
690 3076 827 3114 censurae
836 3060 959 3127 honore,
975 3060 1022 3128 qui
1032 3066 1118 3114 antea

90 3154 144 3208 per
157 3138 374 3212 quinquennium
388 3140 551 3210 gerebatur,
570 3138 637 3193 anni
651 3144 680 3193 et
695 3155 744 3192 sex
759 3137 895 3192 mensium
914 3136 1006 3205 spatio
1024 3135 1116 3203 finito,

89 3217 128 3275 ab
142 3235 205 3274 eam
217 3236 277 3274 rem
291 3236 309 3273 a
319 3218 486 3272 censoribus
496 3223 612 3272 notatus
623 3223 675 3273 est
697 3217 824 3270 Fidenae
833 3215 863 3267 in
872 3218 1045 3283 potestatem
1055 3214 1116 3267 red·

87 3302 168 3352 actae
183 3313 276 3369 eoque
292 3296 388 3351 coloni
401 3295 480 3349 missi
495 3303 575 3363 sunt;
593 3295 698 3366 quibus
712 3293 814 3348 occisis
824 3290 976 3346 Fidenates
991 3306 1054 3343 cum
1068 3290 1115 3344 de·

87 3371 235 3442 iecissent,
255 3375 293 3428 ab
302 3373 386 3428 Mam.
396 3371 517 3427 Aemilio
528 3373 667 3426 dictatore
677 3373 745 3426 victi
756 3377 821 3425 sunt
831 3376 861 3423 et
869 3369 995 3422 Fidenae
1006 3373 1115 3436 captae.

87 3451 247 3505 coniuratio
259 3466 404 3505 servorum
415 3467 559 3520 oppressa.
586 3450 749 3503 Postumius
763 3448 893 3502 tribunus
903 3446 1022 3499 militum
1031 3462 1116 3516 prop·

86 3531 130 3584 ter
144 3529 344 3584 crudelitatem
359 3530 396 3583 ab
412 3529 537 3583 exercitu
551 3529 662 3584 occisus
681 3534 733 3582 est.
763 3527 933 3597 stipendium
952 3542 987 3579 ex
1005 3524 1116 3578 aerario

88 3610 145 3661 tum
161 3607 285 3678 primum
302 3606 439 3661 militibus
458 3608 621 3662 detumeat.
644 3623 689 3660 res
703 3612 852 3676 praeterea
867 3609 965 3675 gestas
979 3604 1115 3657 adversus

88 3681 211 3743 Vulscos
225 3690 256 3740 et
269 3683 424 3739 Fidenates
438 3691 468 3740 et
480 3684 612 3739 Faliscos
627 3684 777 3752 continet]

141 4128 192 4174 stat
206 4130 248 4175 sol.
258 4129 276 4173 l.
698 4100 702 4106 .
911 4109 944 4162 13
1150 4020 1239 4266 r
