2566 4524
314 280 647 348 nmmumsuo.
666 278 819 356 [essm]
1021 270 1082 336 451

64 466 135 512 erres
155 441 197 508 ab
215 441 311 507 domo
328 440 370 506 ad
388 440 630 508 consultandum
648 449 861 521 accerserunt,
879 439 1003 506 mittere
1015 441 1082 508 Ro-

64 563 128 605 rsm
145 537 281 624 legatos,
297 557 371 602 eum
389 546 509 615 senatu,
524 557 597 601 eum
614 535 731 623 populo
745 536 785 602 de
801 557 936 624 passae
953 536 1081 604 foedere

64 633 160 723 gere?
187 629 282 697 tridui
304 630 364 696 iter
385 630 541 718 expeditis
563 640 639 697 erat.
678 631 798 697 interea
819 632 854 697 in
875 631 1004 698 indutiis
1029 655 1080 699 res
1101 653 1132 703 13

64 730 174 806 risset,
199 725 300 792 donee
322 723 363 792 sb
380 725 486 792 Roma
506 724 604 814 legati
625 734 680 791 aut
697 725 862 792 victoriam
883 726 945 793 illis
963 735 1081 795 sertam

64 835 96 890 ut
114 843 231 910 pacem
248 819 416 886 adferrent.
449 843 487 887 ea
505 821 633 886 demum
651 821 780 906 sponsio
797 830 891 901 esset,
910 843 1007 908 quam
1023 845 1082 911 po-

64 917 111 983 uli
133 917 228 983 iussu
245 915 536 1002 spopondissemus.
574 916 631 982 sed
651 937 755 1001 neque
772 938 830 982 vos
849 916 1000 983 tulissetis
1019 939 1079 984 neo
1099 939 1132 988 14

64 1036 102 1080 ‚os
118 1011 413 1099 spopondissemus,
425 1033 484 1077 neo
497 1011 547 1078 fas
561 1010 623 1077 fuit
636 1010 734 1076 alium
746 1033 852 1076 rerum
867 1011 986 1076 exitum
1000 1033 1080 1092 esse,

64 1131 143 1194 ,uam
160 1114 197 1172 ut
214 1105 261 1171 illi
277 1106 365 1172 velut
383 1106 506 1172 somnio
523 1104 650 1172 laetiore
669 1128 765 1190 quam
782 1107 868 1190 quod
886 1116 1007 1173 mentes
1027 1129 1080 1173 eo-

64 1226 117 1268 um
139 1223 254 1288 oopere
276 1209 407 1287 possent
433 1201 625 1287 nequiquam
651 1200 853 1267 eluderentur
879 1210 910 1268 et
936 1211 1079 1269 nostrum
1100 1223 1132 1271 15

64 1297 221 1364 xereitum
234 1296 344 1362 eadem
357 1317 439 1381 quae
456 1296 630 1383 inpedierat
643 1295 770 1362 fortuna
782 1296 952 1382 expediret,
966 1319 1082 1363 vanam

64 1391 212 1459 istoriam
233 1391 344 1457 vanior
365 1391 492 1457 inritam
512 1391 631 1481 faceret
651 1415 729 1479 pax,
753 1392 883 1479 sponsio
904 1392 1082 1480 interpone-

64 1497 141 1566 etur,
165 1507 248 1571 quae
269 1486 429 1552 neminem
451 1495 575 1573 praeter
598 1508 783 1573 sponsorem
805 1485 968 1574 obligaret
1005 1485 1082 1570 quid
1101 1497 1132 1545 16

63 1583 131 1648 uim
148 1579 332 1658 vobiscum,
356 1590 461 1671 patres
480 1583 663 1668 conscripti,
687 1581 764 1667 quid
786 1603 858 1647 oum
879 1580 997 1668 populo
1015 1580 1083 1648 Ro-

63 1700 142 1744 nano
155 1686 263 1742 aetum
280 1675 348 1742 est?
369 1676 440 1760 quis
454 1699 511 1743 vos
526 1676 683 1763 appellare
695 1684 809 1762 potest,
824 1677 895 1761 quis
910 1697 944 1741 se
957 1699 977 1741 e
990 1676 1081 1742 vobis

63 1772 152 1838 lisere
171 1770 358 1858 deceptum?
374 1771 475 1837 hostis
490 1795 531 1837 an
544 1771 643 1837 civis?
660 1771 744 1836 hosti
761 1771 839 1836 nihil
858 1771 1080 1857 spopondistis,

63 1868 152 1934 ivem
173 1866 333 1933 neminem
356 1867 511 1953 spondere
532 1889 591 1953 pro
608 1867 699 1933 vobis
722 1867 869 1934 iussistis.
904 1867 982 1932 nihil
1004 1889 1081 1955 ergo
1101 1882 1131 1929 tt

63 1961 143 2028 robis
158 1983 219 2027 neo
236 1960 402 2027 nobiseum
422 1971 479 2040 est,
499 1962 614 2047 quibus
632 1962 711 2028 nihil
728 1961 912 2041 mandastis,
930 1984 990 2029 neo
1007 1983 1080 2028 eum

63 2053 266 2134 temnimus,
290 2078 363 2122 eum
379 2056 495 2142 quibus
514 2056 592 2122 nihil
614 2058 733 2145 egistis.
771 2054 967 2125 Samnitibus
986 2078 1082 2144 spon·
1102 2067 1132 2118 18

63 2173 141 2217 ores
161 2170 223 2216 nos
247 2172 356 2217 sumus
378 2151 424 2216 rei
447 2151 522 2216 satis
544 2151 717 2237 locupletes
734 2153 768 2217 in
785 2153 819 2216 id
835 2151 923 2236 qnod
938 2161 1082 2217 nostrum

63 2254 108 2325 at,
126 2245 160 2310 in
173 2244 209 2309 id
221 2244 307 2330 quod
322 2254 482 2333 praestare
499 2266 679 2329 possumus,
695 2266 825 2330 corpora
842 2253 950 2310 nostra
967 2254 999 2309 et
1017 2245 1084 2309 ani-

63 2362 134 2406 uos:
153 2339 189 2404 in
201 2339 280 2405 haee
293 2338 443 2418 saeviant,
458 2340 491 2404 in
503 2338 582 2404 haee
595 2338 723 2416 ferrum,
737 2338 771 2403 in
783 2337 862 2404 haee
874 2338 937 2403 iras
956 2347 1080 2404 acuant.

63 2434 137 2520 quod
148 2434 192 2501 ad
203 2432 344 2500 tribunos
359 2434 478 2514 attinet,
493 2434 656 2512 consulite,
674 2442 780 2499 utrum
796 2454 946 2520 praesens
965 2432 1082 2499 deditio
1101 2443 1132 2494 19

63 2552 161 2595 mrum
182 2527 252 2594 fieri
272 2529 374 2616 possit
396 2552 436 2594 an
453 2528 486 2594 in
504 2529 588 2595 diem
606 2528 781 2595 differatur:
808 2549 867 2594 nos
884 2526 1022 2605 interim,
1042 2527 1080 2592 Τ.

63 2621 165 2690 Veturi
181 2645 303 2708 vosque
321 2623 425 2702 ceteri,
444 2623 519 2689 vilia
536 2623 615 2689 haec
633 2622 736 2711 oapita
752 2621 886 2687 luendae
905 2620 1082 2707 sponsionis
1189 2676 1192 2683 .

62 2719 193 2787 bromus
211 2729 242 2784 et
260 2729 368 2786 nostro
387 2720 542 2807 supplicio
559 2718 728 2786 liberemus
746 2717 892 2786 Romana
909 2715 1016 2783 arma’

114 2812 163 2880 X
195 2813 299 2881 Movit
320 2825 426 2901 patres
449 2815 643 2903 eonsoriptos
666 2837 739 2880 eum
761 2836 858 2881 eausa
879 2822 945 2879 tum
964 2819 1115 2890 auetor,1

62 2932 109 2978 reo
122 2919 246 2976 eeteros
260 2910 372 2989 solum,
388 2910 445 2976 sed
458 2909 600 2977 tribunos
614 2910 709 2976 etiam
721 2908 834 2996 plebei,
850 2919 885 2975 ut
898 2931 933 2975 se
946 2908 980 2973 in
994 2929 1085 2974 sens·

62 3028 102 3072 us
121 3004 263 3071 dioerent
279 3005 347 3071 fore
364 3013 562 3091 potestatem.
589 3003 774 3091 magistratu
791 3003 864 3068 inde
879 3025 914 3068 se
927 3002 1084 3087 extemplo
1102 3015 1118 3061 2

62 3098 293 3179 rbdioaverunt,
320 3099 489 3184 traditique
514 3097 673 3164 fetialibus
696 3118 769 3163 eum
790 3097 901 3162 ceteris
925 3093 1084 3161 Caudium

62 3193 198 3260 luoendi.
235 3195 295 3261 hoo
318 3203 445 3260 senatus
469 3194 612 3260 consulto
632 3191 717 3258 laeto
734 3191 790 3256 lux
807 3190 962 3274 quaedam
980 3188 1085 3254 adful-

62 3290 134 3358 risse
152 3289 272 3356 civitati
289 3288 359 3355 visa
376 3297 434 3356 est.
469 3287 654 3355 Postumius
672 3287 777 3352 inore
795 3293 874 3364 erat,
894 3306 966 3349 eum
983 3282 1084 3348 laudi·
1102 3293 1116 3342 ³

62 3407 112 3451 >us
132 3382 175 3450 ad
193 3383 314 3449 eaelum
332 3382 484 3463 ferebant,
504 3381 661 3449 devotioni
678 3381 716 3447 P.
735 3379 829 3446 Decii
847 3378 994 3458 consulis,
1013 3377 1083 3444 aliis

62 3478 148 3546 linis
169 3477 362 3545 facinoribus
386 3477 571 3563 aequabant.
608 3475 773 3542 emersisse
795 3473 953 3540 civitatem
971 3495 1011 3539 ex
1028 3471 1085 3538 ob-
1102 3485 1118 3532 4

61 3573 150 3642 texis
165 3595 245 3661 paee
261 3573 346 3639 illius
364 3572 495 3639 oonsilio
508 3581 540 3637 et
557 3593 661 3659 opera,
679 3570 785 3656 ipsum
799 3590 833 3635 se
846 3567 1035 3636 eruciatibus
1053 3576 1086 3632 st

62 3667 192 3736 nostium
208 3667 274 3734 irae
292 3667 405 3735 offerre
421 3665 608 3755 piaculaque
625 3686 684 3753 pro
701 3661 818 3750 populo
835 3661 982 3728 Romano
999 3662 1083 3727 dare.

62 3785 143 3830 uma
159 3762 265 3830 ouueti
283 3774 427 3851 spectant
444 3771 476 3828 et
492 3761 623 3829 bellum:
651 3783 690 3826 en
708 3780 858 3844 umquam
874 3757 1031 3835 futurum,
1050 3765 1084 3820 ut
1102 3769 1118 3816 5

61 3856 206 3947 bugredi
223 3856 351 3924 armatis
369 3880 442 3924 oum
461 3853 603 3924 Samnite
620 3854 730 3920 liceat?

116 3953 159 4020 In
171 3951 298 4020 civitate
315 3951 362 4020 ira
379 3951 514 4036 odioque
532 3951 661 4018 ardente
679 3949 811 4017 dilectus
827 3968 926 4035 prope
943 3941 1083 4011 omnium
1102 3958 1117 4006 o

61 4047 303 4119 uoluntariorum
325 4048 394 4116 fuit
429 4047 599 4136 reseriptae
617 4068 658 4114 ex
675 4047 786 4114 eodem
807 4043 1023 4201 milippuovae
1040 4038 1086 4106 le-
