2566 4524
140 257 204 324 208
389 267 507 323 LIBER
524 266 596 338 1111,
615 265 658 321 14Ἀ
672 264 712 320 15.
733 270 772 337 [a.
780 284 809 325 u.
819 283 844 323 c.
853 266 918 338 315]

138 426 289 515 magister
307 428 447 513 equitum
464 424 505 491 ad
521 423 675 490 Maelium
693 430 800 492 ‘vocat
816 425 861 492 te’
881 426 986 511 inquit
1003 424 1145 495 ‘sicma’
1179 464 1182 505 ι

139 546 212 590 cum
232 522 366 610 pavidus
387 520 440 587 ille
463 521 539 605 quid
560 520 654 586 vellet
675 529 838 605 quaereret
856 518 1073 607 Serviliusque
1091 544 1145 588 cau·

142 642 211 685 sam
229 617 394 683 dicendam
416 637 485 682 esse
506 625 694 701 proponeret
714 616 894 700 crimenque
915 640 936 682 a
952 614 1093 683 Μίιιιιοίο
1106 616 1146 681 de-

103 732 122 778 4
142 714 241 780 latum
261 713 303 778 ad
324 720 467 778 senatum
488 708 684 788 diluendum,
713 719 787 776 tune
808 709 947 778 Maelius
974 713 1105 799 recipere
1120 730 1145 775 se

137 807 172 874 in
193 817 351 873 catervam
373 827 540 870 suorume
523 803 710 914 etprimum
732 805 1001 916 circumspectans
1019 806 1146 892 tergtva

138 902 214 981 sari,
232 925 291 988 pos
292 914 400 978 t‚remo
421 922 493 966 cum
510 899 667 986 apparitor
683 900 772 965 iussu
789 900 933 987 magistri
952 900 1091 985 equitum
1102 900 1146 965 du·

138 1005 235 1075 cerel,
263 1005 387 1080 ereptus
410 1018 429 1059 a
451 994 652 1059 circumstant
640 992 723 1058 tibus
742 992 931 1081 fugiensque
953 995 1050 1060 fidem
1065 990 1182 1081 plebis
1178 1028 1182 1067 ι

103 1111 120 1159 5
137 1090 299 1158 Romanae
316 1089 471 1176 inplorare
489 1097 521 1153 et
538 1086 671 1173 opprimi
689 1109 723 1152 se
741 1109 897 1153 consensu
913 1098 1042 1174 patrum
1054 1088 1147 1164 dicere
1175 1075 1182 1143 l

138 1185 223 1270 quod
239 1184 324 1270 plebi
341 1183 476 1270 benigne
494 1181 632 1259 fecisset,
652 1203 749 1260 orare,
768 1191 804 1246 ut
820 1204 914 1267 opem
932 1182 994 1248 sibi
1013 1181 1182 1267 ultimoin

137 1280 315 1345 discrimine
332 1278 451 1343 ferrent
466 1299 546 1342 neve
560 1286 613 1341 ant
614 1298 631 1340 e
601 1276 752 1341 toculos
768 1299 842 1341 suos
856 1277 1007 1343 trucidari
1021 1278 1182 1344 sinant
1174 1314 1182 1361 ι,

102 1374 216 1444 chaec
243 1396 315 1439 eum
341 1371 567 1437 vociferantem
597 1370 765 1436 adsecutus
792 1369 898 1436 Ahala
926 1370 1080 1439 Servilius
1106 1368 1149 1437 ol)-
1179 1406 1182 1419 =

136 1478 259 1533 truncat
275 1487 505 1552 respersusque
527 1487 636 1530 cruore
663 1464 851 1544 obtnmeati,
879 1466 1016 1553 stipatus
1043 1477 1148 1532 atara
1178 1488 1182 1543 ι

135 1562 337 1647 patriciorum
353 1561 513 1637 iuvenum,
532 1559 675 1624 dictatori
691 1560 855 1637 renuntiat,
873 1571 1024 1626 vocatum
1037 1561 1076 1627 ad
1090 1578 1147 1626 cum
1176 1576 1182 1663 j

136 1653 291 1720 Maelium
325 1652 451 1739 repulso
486 1653 661 1739 apparitore
696 1654 904 1719 concitantem
933 1654 1146 1720 multitudinem
1175 1666 1182 1717 ι

103 1771 117 1818 ι
136 1772 270 1836 poenam
288 1749 432 1815 meritam
448 1747 609 1814 haberet
596 1756 664 1812 tum
682 1747 815 1812 dictator
831 1753 948 1814 ‘macte
965 1746 1095 1827 virtute’
1108 1746 1147 1811 in·

135 1845 203 1930 quit
190 1842 274 1911 t‘.0
294 1842 485 1920 Servilit
438 1852 485 1908 est
486 1865 504 1907 o
521 1842 654 1908 liberata
670 1864 705 1908 re
721 1842 876 1928 publical'

102 1959 116 2006 1
199 1937 278 2003 XV.
310 1937 567 2002 Tumultuantem
587 1928 708 2002 deinde
716 1937 976 2002 multitudinem
966 1948 1083 2005 mcerta
1096 1930 1146 2003 erl·

136 2033 311 2098 stimatione
333 2031 410 2096 facti
435 2031 477 2095 ad
503 2031 679 2141 contionem
705 2054 817 2097 vocare
842 2032 937 2098 iussit
959 2044 992 2099 et
1013 2030 1161 2099 Malim·-

134 2126 202 2190 iure
224 2148 351 2191 caesum
373 2125 598 2210 pronuntiavit,
626 2127 721 2191 etiam
657 2127 771 2191 ramsi
791 2126 882 2214 regni
904 2128 1038 2195 crimine
1056 2129 1154 2194 inscu-

135 2220 238 2298 fuerit,
258 2219 312 2304 qui
329 2229 458 2284 vocatus
478 2244 497 2284 a
513 2229 629 2306 maora
629 2243 664 2285 ro
683 2221 823 2305 equitum
840 2221 882 2285 ad
899 2222 1083 2289 dictatorem
1095 2236 1142 2285 nou

103 2316 284 2383 evenisset.
327 2338 360 2379 se
383 2315 424 2378 ad
446 2336 573 2380 causam
600 2316 851 2402 cognoscendam
878 2317 1075 2395 consedisse,
1094 2332 1153 2399 qua.

134 2411 260 2496 cognita
280 2408 460 2475 habiturum
481 2408 581 2474 fuisse
598 2409 753 2474 Maelium
776 2409 910 2475 similem
933 2433 1050 2478 causoe
1065 2410 1142 2476 fors·

133 2528 221 2584 nam3
248 2505 313 2569 vim
330 2514 441 2590 parant
442 2527 506 2582 em,
534 2526 575 2569 ne
592 2505 707 2569 iudicio
727 2527 761 2569 se
779 2505 1062 2585 committeretffr

133 2601 229 2665 citum
255 2621 334 2664 esse
375 2620 434 2663 nec
461 2622 532 2663 cum
559 2621 596 2664 eo
622 2612 784 2682 tamquam
810 2621 883 2665 cum
909 2601 979 2666 cive
1007 2599 1143 2688 agendum

97 2714 114 2761 a
132 2693 245 2771 finisse,
269 2693 324 2776 qui
340 2701 432 2756 uatus
450 2692 483 2755 in
500 2692 598 2757 libero
596 2693 759 2802 ’populo'
750 2717 783 2757 ιιι
784 2703 831 2758 ter
847 2694 916 2758 iura
933 2694 1144 2806 legesque‚01'

132 2809 196 2871 qua
212 2786 290 2852 urbe
307 2809 398 2873 reges
419 2799 545 2851 exactos
561 2788 653 2852 sciret
667 2789 839 2897 eodemque
853 2811 937 2853 anno
952 2791 1066 2856 sororis
1078 2784 1137 2852 filiu

130 2881 216 2966 regis
231 2879 388 2946 etliberos
402 2881 549 2959 consulis,
567 2882 741 2948 liberatoris
755 2883 883 2968 patriae,
900 2898 1033 2971 propter
1043 2880 1140 2972 padio·

131 2996 205 3038 nem
226 2975 342 3039 iudicat
330 2984 394 3039 tam
420 2976 705 3062 recipiendorum
695 3000 729 3040 m
755 2977 865 3042 urbem
890 3000 1004 3066 regum
1030 3003 1050 3044 a
1072 2976 1141 3065 panti

96 3069 234 3135 4securi
260 3092 330 3135 esse
356 3093 536 3155 percussos,
568 3094 609 3135 ex
633 3094 697 3155 qua
723 3069 927 3137 Conlatinum
954 3072 1139 3160 Tarquinius·

132 3164 293 3230 consulem
310 3165 444 3229 nominis
464 3167 535 3230 odio
555 3165 701 3231 abdicare
720 3187 754 3230 se
772 3166 959 3252 magistratu
976 3181 1070 3253 atque
1081 3182 1136 3232 exu-

129 3259 195 3324 lare
212 3261 350 3339 iussum,
377 3261 411 3325 in
428 3283 491 3344 qua
509 3261 548 3324 de
568 3259 683 3346 Spurio
704 3259 816 3327 Cassio
833 3274 905 3348 post
924 3264 1046 3348 aliquot
1061 3274 1136 3330 auufl

130 3364 257 3438 propter
278 3355 408 3419 consilia
429 3355 506 3419 inita
528 3356 567 3420 de
588 3378 686 3443 regno
710 3357 898 3466 supplicium
925 3372 1135 3447 sumptum!
1111 3350 1138 3417 '1'

130 3467 194 3529 qua
215 3469 315 3532 nuper
337 3450 530 3514 decemviros
552 3449 658 3528 bonis,
687 3451 793 3529 exilio,
822 3452 923 3536 eapite
893 3454 1090 3519 tmultatos

131 3539 308 3624 superbiam
326 3543 501 3628 regiam-
514 3544 547 3606 in
565 3567 602 3608 ea
618 3542 673 3630 Sp.
684 3544 820 3611 Maelius
840 3568 930 3631 spem
944 3549 1036 3635 regni
1049 3568 1100 3613 cou

96 3634 219 3717 operit.
248 3645 279 3698 e
287 3657 357 3718 qurs
367 3637 480 3701 homo?
497 3661 688 3749 quamquam
701 3639 819 3704 nullam
832 3640 1038 3721 nobilitatem,
1054 3636 1135 3705 nullu

128 3725 277 3807 honores,
300 3730 387 3795 nulla
403 3733 514 3796 merita
532 3734 678 3817 cuiquam
696 3735 736 3798 ad
759 3735 1004 3801 dominationem
1021 3691 1133 3823 pondu!

128 3821 227 3900 viam3
251 3824 306 3887 sed
324 3834 429 3890 tamen
448 3825 612 3907 Claudios,
637 3827 766 3894 Cassios
785 3830 1055 3911 consulatibus,d

128 3915 280 3982 viratibus
304 3919 369 3983 suis
387 3921 602 4033 maiorumque
626 3923 811 4002 honoribus,
840 3924 1006 4010 splendore
1024 3912 1137 3989 familf-

94 4014 371 4080 erumsustuhsse
381 4041 511 4097 ammos
530 4040 592 4102 quo
601 4019 691 4084 nefas
701 4019 809 4084 fuent
830 4017 982 4106 Spurium
991 4004 1133 4087 Maeliani
