2566 4524
217 268 259 334 62
486 280 605 334 mssa
621 280 651 346 1,
668 277 711 334 59.
726 279 768 334 co.
788 278 970 349 [ausast]
997 332 1000 337 .

215 437 349 504 orbitate
359 436 544 523 Tricipitini,
563 436 614 501 cui
631 446 730 502 morte
747 436 830 501 filiae
848 458 945 502 causa
961 437 1071 503 mortis
1089 438 1235 526 indignius

183 558 197 606 9
216 555 254 600 ac
271 532 478 599 miserabilior
496 540 588 597 esset.
625 532 731 596 addita
752 530 900 617 superbia
921 531 1022 618 ipsius
1044 534 1131 620 regis
1154 535 1236 601 mise·

215 628 344 713 riaeque
362 637 393 692 et
414 627 538 692 labores
560 626 661 712 plebis
680 628 714 691 in
730 626 834 693 fossas
853 627 1039 713 cloacasque
1061 614 1257 695 exhauueu'

217 723 275 787 das
293 722 469 786 demersae:
496 720 657 786 Romanos
675 720 833 798 homines,
851 720 986 786 victores
1004 721 1149 788 omnium
1166 725 1237 789 circa
1277 734 1279 765 ³

216 815 418 903 populorum,
441 815 568 901 opifices
592 836 629 880 ac
650 814 801 901 lapicidas
823 837 881 900 pro
902 814 1109 881 bellatoribus
1136 816 1237 885 factos

167 935 200 983 10
216 910 347 996 indigna
362 907 455 976 Servi
469 910 555 975 Tulli
571 910 656 997 regis
674 919 847 975 memorata
865 910 970 975 caedis
989 919 1020 976 et
1036 911 1166 978 inrecta
1181 934 1240 979 cor·

216 1027 292 1093 pore
310 1005 407 1091 patris
425 1005 562 1070 nefando
580 1004 725 1070 vehiculo
742 1004 820 1082 filia,
839 1005 1038 1090 invocatique
1055 1006 1176 1074 ultores
1192 1030 1240 1094 pa·

167 1123 197 1170 11
216 1110 340 1165 rentum
358 1098 411 1163 dii.
437 1098 487 1163 his
506 1098 773 1183 atrocioribusque
791 1099 885 1163 credo
902 1098 982 1176 aliis,
996 1121 1078 1183 quae
1095 1123 1240 1187 praesens
1260 1126 1263 1131 ·

215 1216 321 1261 rerum
342 1193 512 1280 indignitas
535 1194 779 1277 haudquaquam
800 1193 900 1258 relatu
918 1193 1125 1278 scriptoribus
1143 1195 1241 1262 facilia

217 1286 341 1366 subicit,
355 1287 536 1352 memoratis
553 1286 714 1352 incensam
728 1285 958 1351 multitudinem
977 1288 1124 1372 perpulit,
1140 1298 1175 1354 ut
1189 1289 1241 1355 im-
1264 1368 1268 1377 Ι

216 1383 339 1470 perium
359 1383 428 1470 regi
450 1382 617 1469 abrogaret
639 1382 810 1467 exulesque
829 1404 900 1446 esse
917 1380 1038 1447 iuberet
1055 1383 1098 1448 L.
1114 1384 1241 1471 Tarqui·
1265 1454 1274 1463 ,,

168 1500 199 1547 12
216 1479 305 1543 nium
323 1500 396 1542 cum
417 1478 552 1564 coniuge
570 1501 607 1542 ac
624 1477 740 1543 liberis.
775 1477 845 1562 ipse
881 1477 1070 1556 iunioribus,
1092 1480 1152 1563 qui
1167 1480 1241 1545 ultro

218 1572 346 1637 nomina
368 1571 498 1650 dabant,
526 1572 615 1637 lectis
638 1571 828 1656 armatisque
866 1572 907 1636 ad
931 1572 1156 1638 concitandum
1174 1574 1254 1639 inde-

219 1666 370 1731 adversus
388 1688 496 1752 regem
510 1667 680 1731 exercitum
689 1665 831 1731 Ardeam
843 1666 876 1730 in
890 1675 992 1731 castra
1005 1663 1060 1731 est'
1071 1669 1242 1753 profectum

217 1760 385 1845 imperium
406 1761 439 1825 in
460 1761 538 1826 urbe
555 1761 720 1839 Lucretio,
743 1760 902 1846 praefecto
924 1760 1011 1826 urbis
1033 1760 1098 1826 iam
1117 1772 1191 1828 autc
1207 1760 1243 1828 ab

169 1878 200 1925 13
217 1879 293 1942 rege
310 1857 462 1934 institute,
477 1857 632 1940 relinquit.
658 1856 739 1921 inter
756 1855 840 1920 hunc
853 1855 1022 1920 tumultum
1033 1855 1143 1922 Tullia
1156 1858 1243 1923 domo

217 1951 357 2036 profugit
375 1950 609 2038 exsecrantibus
624 1972 822 2035 quacumque
835 1949 1000 2015 incedebat
1012 1951 1242 2019 invocantibus·

218 2067 280 2128 que
297 2054 463 2129 parentum
481 2045 578 2110 furias
596 2045 671 2109 viris
690 2044 944 2128 mulieribusque.

185 2163 198 2208 1
281 2137 361 2204 LX.
388 2138 512 2204 Harum
530 2162 635 2205 rerum
651 2139 768 2204 nuntiis
786 2139 820 2203 in
838 2148 940 2204 eastra
961 2139 1106 2226 perlatis,
1126 2164 1199 2209 cum
1212 2148 1260 2207 (θ’

218 2256 303 2299 nova
320 2234 460 2320 trepidus
477 2256 534 2299 rex
550 2244 695 2322 pergeret
703 2233 840 2299 Romam
852 2234 894 2298 ad
912 2235 1167 2320 comprimendos
1182 2254 1260 2303 mo?

219 2337 281 2406 tus,
299 2328 387 2394 flexit
405 2329 490 2395 viam
507 2330 626 2395 Brutus
640 2366 682 2375 -
698 2338 838 2394 senserat
856 2330 939 2393 enim
957 2331 1130 2395 adventum
1139 2370 1190 2411 -,
1205 2350 1252 2395 ue-

218 2422 330 2488 cbvius
348 2423 450 2502 fieret3
478 2425 651 2508 eodemque
672 2423 738 2488 fere
761 2432 901 2508 tempore
924 2424 1055 2489 diversis
1083 2420 1258 2491 itineribus

185 2541 200 2586 a
218 2517 338 2582 Brutus
352 2517 502 2596 Ardeam,
518 2517 708 2601 Tarquinius
722 2516 858 2582 Romam
876 2528 1037 2583 venerunt.
1075 2518 1240 2605 Tarquinio

218 2613 343 2678 clausae
355 2623 463 2698 portae
478 2612 667 2695 exiliumque
680 2611 841 2688 indictum,
855 2611 1052 2677 liberatorem
1065 2611 1156 2679 urbis
1169 2614 1241 2680 aaa

220 2718 323 2772 eastra
344 2728 507 2792 accepere,
531 2705 694 2788 exactique
711 2705 784 2771 inde
805 2705 898 2770 liberi
914 2705 1012 2793 regis:
1040 2707 1104 2772 duo
1126 2718 1239 2794 patrem
1277 2710 1279 2764 ἶ

219 2801 319 2865 secuti
333 2810 414 2878 sunt,
429 2802 484 2883 qui
497 2801 656 2866 exulatum
667 2799 768 2866 Caere
781 2801 815 2865 in
823 2801 976 2867 Etruscos
988 2801 1107 2881 ierunt3
1126 2801 1237 2870 Sexus

219 2893 409 2977 Tarquinius
425 2891 555 2973 Gabios,
574 2904 734 2980 tamquam
747 2895 785 2958 -in
803 2918 896 2960 suum
913 2919 1056 2983 regnum,
1074 2897 1236 2983 profectus,

219 2987 259 3053 ab
277 2988 430 3054 ultoribus
445 2999 585 3054 veterum
603 2990 818 3068 simultatium,
833 3013 912 3074 quas
931 2991 1077 3076 sibiipsa
1096 2990 1234 3058 caedibus

217 3083 398 3169 rapinisque
417 3085 582 3162 concierat,
601 3095 649 3150 est
666 3085 859 3150 interfectus.

185 3199 199 3247 3
277 3178 319 3244 L.
339 3178 528 3263 Tarquinius
557 3178 721 3264 Superbus
751 3179 895 3266 regnavit
925 3202 1024 3245 annos
1051 3181 1189 3265 quinque
1208 3180 1245 3251 el.

217 3273 338 3359 viginti.
373 3283 539 3360 regnatum
561 3272 683 3338 Romae
706 3272 746 3338 ab
769 3273 895 3339 condita
916 3273 994 3339 urbe
1016 3273 1056 3338 ad
1082 3273 1241 3339 liberatam·

181 3368 317 3431 4annos
336 3366 488 3431 ducentos
507 3367 714 3453 quadraginta
732 3377 887 3452 quattuor.
924 3368 987 3431 duo
1005 3367 1150 3432 consules
1170 3362 1231 3431 ints

218 3459 352 3525 comitiis
384 3460 563 3526 centuriatis
591 3485 610 3525 a
634 3461 794 3547 praefecto
826 3462 912 3528 urbis
943 3484 983 3527 ex
1024 3456 1228 3527 conmentari'u

219 3549 313 3619 Servi
331 3554 416 3618 Tulli
438 3555 534 3620 creati
555 3565 643 3633 sunt,
665 3556 707 3621 L.
725 3556 837 3622 Iunius
860 3556 978 3621 Brutus
1001 3565 1032 3621 et
1049 3555 1091 3622 L.
1112 3548 1229 3639 Tarqu'·

218 3650 289 3713 nius
310 3646 495 3714 Collatinus.
1219 3664 1222 3675 '

628 3902 835 3912 —-—--——..-
