2566 4524
300 266 634 338 usserman.
656 267 836 340 [1111114]
854 224 863 239 ’
1021 258 1085 327 429

68 430 157 499 tuerit.
184 450 248 493 non
264 427 331 491 dux
349 425 451 502 militi,
470 446 534 490 non
550 424 640 491 miles
659 425 733 492 duci
745 426 855 492 defuit.
882 449 979 513 eques
993 429 1087 497 etiam
1106 445 1122 496 1

68 535 182 591 auctore
194 519 390 589 L.Ccminio
404 519 529 586 tribuno
541 519 685 600 militum,
699 521 754 605 qui
767 521 953 608 aliquotiens
966 523 1086 610 impetu

68 628 146 705 rapto
172 637 375 704 perrumpere
400 638 465 680 non
489 624 611 701 poterat
634 615 772 683 hostium
795 639 923 706 agmen,
951 619 1087 685 detraxit

68 714 161 780 'renos
184 711 274 796 equis
297 719 392 795 atque
413 710 457 775 ita
475 709 646 776 concitatos
670 710 845 779 calcaribus
866 715 1023 801 permisit,
1051 723 1086 781 ut

68 809 209 875 sustinere
227 829 281 873 eos
304 803 390 871 nulla
411 804 460 871 vis
481 815 599 891 posset
634 799 813 893 perarma,
840 830 897 895 per
917 810 1002 876 viros
1024 810 1087 876 late

68 913 193 990 stragem
207 900 331 967 dedere.
364 910 490 965 secutus
508 901 606 986 pedes
623 900 777 987 impetum
794 902 934 987 equitum
953 904 1085 971 turbatis
1104 926 1119 976 1

67 995 199 1063 tontibus
216 994 319 1060 intulit
338 994 438 1082 signa.
479 994 592 1082 viginti
608 995 696 1061 milia
711 995 850 1062 hostium
868 1019 962 1064 caesa
979 1022 1017 1065 eo
1035 999 1086 1065 die

67 1092 228 1156 raduntur.
271 1097 415 1154 auctores
437 1087 553 1169 habeo,
580 1088 629 1156 bis
652 1112 725 1155 cum
746 1090 836 1157 hoste
855 1092 946 1180 signa
963 1093 1086 1159 conlata

67 1185 205 1250 lictatore
222 1182 365 1261 absente,
384 1182 433 1249 bis
451 1205 518 1249 rem
537 1184 662 1271 egregie
675 1194 808 1272 gestam.
835 1186 920 1273 apud
933 1187 1086 1271 antiquis-

67 1280 149 1345 simos
169 1278 336 1362 scriptores
355 1300 418 1343 una
435 1277 513 1343 haec
529 1301 639 1365 pugna
654 1278 820 1358 invenitur,
843 1280 876 1345 in
895 1278 1085 1365 quibusdam

67 1371 219 1439 urnalibus
237 1381 304 1437 tota
320 1393 371 1438 res
388 1372 610 1458 praetermissa
627 1381 685 1458 est
712 1373 863 1461 magister
876 1373 1029 1458 equitum,
1048 1383 1085 1440 ut
1101 1393 1117 1442 8

66 1491 92 1533 u
109 1476 199 1534 tanta
212 1466 323 1544 caede,
341 1465 447 1531 multis
460 1467 578 1552 potitus
593 1467 700 1553 spoliis
714 1477 865 1554 congesta
877 1468 912 1533 in
922 1469 1084 1556 ingentem

66 1584 202 1629 nervum
219 1560 345 1626 hostilia
361 1584 449 1625 arma
466 1559 592 1627 subdito
609 1562 682 1648 igne
706 1563 929 1640 concremavit,
954 1585 1011 1629 seu
1028 1586 1085 1631 vc·
1103 1583 1118 1630 9

67 1679 119 1721 nm
131 1656 167 1722 id
180 1656 310 1721 deorum
324 1655 460 1742 cuipiam
473 1654 534 1720 fuit
547 1678 604 1721 seu
617 1656 742 1722 credere
755 1655 831 1722 libet
839 1656 941 1723 Fabio
954 1659 1084 1738 auctori,

66 1772 91 1818 11
102 1750 234 1829 factum,
252 1771 292 1816 ne
307 1754 382 1816 suae
394 1749 512 1837 gloriae
526 1750 663 1816 fructum
673 1750 806 1817 dictator
817 1761 943 1840 caperet
955 1775 1085 1818 nomen-

66 1868 114 1931 1ue
135 1845 182 1912 ibi
203 1844 352 1911 scriberet
374 1853 428 1911 aut
454 1845 555 1931 spolia
578 1846 611 1910 in
637 1846 794 1933 triumpho
820 1845 924 1913 ferret
963 1845 1085 1912 litterae
1104 1868 1136 1915 10

65 1961 179 2025 'noque
196 1939 237 2005 de
254 1961 288 2006 re
305 1961 454 2028 prospere
470 1950 562 2027 gesta
578 1940 620 2006 ad
637 1950 795 2019 senatum,
814 1963 878 2007 non
895 1941 937 2007 ad
953 1940 1085 2008 dictato·

65 2057 123 2100 em
139 2033 254 2101 missae
272 2043 491 2122 argumentum
509 2035 598 2101 fuere
615 2036 744 2101 minime
761 2057 834 2101 cum
852 2057 891 2101 eo
911 2035 1086 2101 communi-

65 2129 153 2196 antis
166 2129 286 2196 laudes.
312 2130 357 2195 ita
369 2139 452 2196 certe
466 2129 598 2195 dictator
609 2129 643 2195 id
656 2131 776 2196 facturn
793 2131 927 2217 accepit,
946 2139 981 2195 nt
993 2130 1084 2197 laetis

65 2224 122 2292 aliis
140 2224 272 2290 victoria
287 2232 378 2311 parta
394 2247 470 2312 prae
483 2246 517 2289 se
530 2223 626 2290 ferret
637 2225 716 2290 iram
730 2224 958 2307 tristitiamque.
985 2225 1084 2290 misso
1104 2246 1135 2294 11

65 2328 159 2406 taque
175 2327 304 2405 repente
322 2329 433 2385 senatu
451 2341 485 2384 se
504 2340 543 2384 ex
561 2318 647 2383 curia
663 2317 831 2405 proripuit,
849 2325 917 2381 tum
929 2338 1005 2382 vero
1021 2339 1085 2383 non

64 2411 246 2482 iammtium
267 2413 369 2500 magis
391 2413 531 2500 legiones
554 2435 650 2498 quam
671 2412 867 2477 maiestatem
889 2411 1086 2476 dictatoriam

64 2517 85 2573 rt
109 2506 309 2594 disciplinam
335 2508 500 2573 militarem
526 2530 546 2573 a
571 2507 723 2594 magistro
748 2505 890 2591 equiturn
914 2505 1085 2571 1111111111

64 2624 198 2669 aversam
212 2603 372 2681 dictitans,
391 2603 418 2669 si
430 2602 476 2668 illi
488 2602 605 2689 inpune
619 2611 760 2690 spretum
776 2600 943 2688 imperium
959 2599 1083 2666 11111111.

64 2706 160 2783 taque
181 2696 293 2783 plenm
315 2697 471 2762 minarum
491 2697 619 2783 iraeque
639 2696 800 2783 profectus
822 2695 856 2761 in
881 2703 984 2760 castra
1009 2715 1084 2760 cum
1102 2714 1134 2767 12

64 2791 198 2859 naximis
224 2791 388 2857 itineribus
414 2793 506 2870 isset,
537 2815 602 2857 non
626 2802 732 2859 tamen
757 2790 939 2879 praevenire
964 2789 1085 2856 famam

64 2886 208 2953 dventus
222 2885 271 2952 sui
284 2887 394 2972 potuit.
421 2895 657 2972 praecurrerant
675 2887 758 2952 enim
776 2885 816 2952 ab
833 2886 912 2953 urbe
928 2884 985 2971 qui
1000 2908 1084 2953 nun·
1102 2906 1134 2954 13

63 2981 179 3058 tarent,
202 2979 385 3047 dictatorem
403 2981 531 3046 avidum
547 3002 669 3066 poenae
686 2981 806 3059 venire,
833 2979 960 3046 alternis
982 3001 1083 3065 paene

63 3075 156 3145 erbis
176 3075 216 3142 T.
233 3074 347 3142 Manlii
364 3077 482 3142 factum
500 3076 689 3141 laudantem.

115 3168 255 3236 XXXI.
281 3170 400 3238 Fabius
415 3172 559 3238 contione
573 3170 730 3256 extemplo
743 3169 896 3235 advocata
909 3166 1083 3252 obtestatus
1103 3191 1116 3235 1

63 3264 167 3333 uilitas
190 3275 253 3345 est,
278 3275 314 3330 ut
335 3288 399 3351 qua
420 3267 534 3333 virtute
551 3288 618 3331 rem
634 3265 795 3353 publicam
809 3261 851 3329 ab
868 3260 1082 3327 infestissimis

63 3359 196 3429 ostibus
215 3359 442 3440 defendissent,
461 3354 572 3428 eadem
591 3384 639 3441 se,
658 3361 747 3426 cuins
764 3359 862 3425 ductu
880 3355 1083 3444 auspicioque

62 3455 217 3535 iecissent,
251 3454 293 3523 ab
323 3457 475 3543 inpotenti
506 3457 688 3522 crudelitate
713 3453 872 3520 dictatoris
898 3461 1082 3518 tutarentur.

62 3549 158 3621 unire
182 3561 338 3617 amentem
360 3552 492 3631 invidia,
518 3551 631 3617 iratum
653 3550 761 3621 virtuti
781 3548 901 3614 11111111
926 3545 1115 3614 felicitati-2

62 3667 127 3733 ‚¹²03
153 3643 272 3726 furere,
300 3646 386 3732 qnod
409 3669 443 3714 se
465 3646 594 3713 absente
616 3668 665 3712 res
688 3644 814 3733 publica
840 3643 966 3733 egregie
991 3649 1083 3730 gesta

62 3750 150 3821 sset3
177 3741 284 3821 malle,
307 3742 337 3809 si
357 3751 479 3808 mutare
500 3742 658 3808 fortunam
674 3749 796 3828 posset,
818 3739 904 3827 apud
922 3736 1082 3806 Samnites

61 3835 319 3923 ,namRomanos
327 3838 488 3905 victoriam
503 3860 573 3905 esse
578 3863 588 3918 ;
605 3837 772 3925 imperium
779 3836 922 3903 dictitare
931 3841 1079 3922 spretum,
1099 3851 1114 3898 s

61 3953 214 4018 umquam
230 3954 296 4000 non
312 3934 423 4001 eadem
440 3943 545 4002 mente
561 3933 696 4022 pugnari
712 3931 860 4010 vetuerit,
878 3952 942 4015 qua
956 3947 1080 4014 pugne·

61 4048 120 4094 um
150 4027 267 4097 doleat.
310 4038 343 4098 et
366 4039 442 4097 tuno
466 4029 586 4097 invidia
610 4029 751 4116 inpedire
775 4027 923 4093 virtutem
948 4020 1082 4089 alienam
