2566 4524
404 258 522 314 arana
539 259 608 327 vu,
626 259 668 313 aa.
688 262 726 328 [a.
738 259 839 330 ema]
1073 248 1139 319 383

113 438 191 485 nore
213 416 348 495 indicto,
372 418 589 495 decreverunt,
614 424 648 480 ut
669 416 770 503 primo
793 440 920 503 quoque
939 428 1080 508 tempore
1097 423 1138 489 de

111 536 143 580 ea
171 535 206 579 re
238 513 281 578 ad
310 513 462 600 populum
491 512 634 577 ferretur.
678 513 830 598 iussuque
855 515 965 601 populi
991 518 1136 584 consules
1155 538 1173 587 a

110 607 197 674 ambo
221 628 295 673 cum
318 607 441 672 duobus
461 606 652 672 exercitibus
671 607 711 672 ab
729 607 807 674 urbe
824 609 971 694 profecti,
988 609 1136 678 Valerius

107 703 380 790 inCampaniam,
408 700 576 768 Cornelius
597 702 631 766 in
655 700 834 782 Samnium,
861 704 914 770 ille
936 705 977 770 ad
997 715 1137 772 mantem

106 797 266 876 Gaurum,
288 797 340 863 lrie
358 796 399 862 ad
417 794 591 864 Saticulam
609 807 712 863 castra
728 809 859 885 ponunt.
894 800 991 885 priori
1008 798 1136 869 Valerio
1155 820 1173 870 t

108 892 299 961 Samnitium
321 892 462 979 legiones
484 924 527 940 -
549 912 587 957 eo
609 912 746 977 namque
769 912 895 959 omnem
920 894 996 961 belli
1020 895 1136 962 molem

104 988 325 1055 inclinaturam
344 986 515 1053 censebant
531 1020 574 1034 ⁴-
592 997 767 1053 oceummt.
796 988 889 1053 simul
905 989 939 1053 in
953 987 1135 1076 Campanos
1174 1029 1177 1033 ·

103 1075 288 1150 stimulabat
309 1081 369 1160 ira,
397 1090 462 1146 tam
482 1090 644 1167 promptos
665 1103 750 1148 nunc
772 1083 813 1148 ad
834 1083 964 1149 ferenda
985 1106 1069 1150 nunc
1095 1087 1136 1150 ad

103 1177 296 1245 accersenda
317 1176 469 1242 adversus
493 1198 528 1242 se
550 1177 675 1242 auxilia.
719 1186 756 1241 ut
777 1198 853 1243 vero
871 1186 974 1244 casua
990 1178 1171 1248 Romanae

103 1273 265 1350 viderunt,
289 1271 434 1337 ferociter
450 1292 509 1357 pro
528 1292 562 1336 se
580 1271 713 1356 quisque
730 1271 858 1358 signum
876 1272 972 1337 duces
994 1293 1134 1358 poscere,

104 1367 285 1445 adfirmare,
317 1366 428 1432 eadem
453 1367 580 1432 fortuna
605 1367 786 1431 Romanurn
809 1365 973 1452 Campano
999 1367 1136 1434 laturum

103 1484 213 1551 opem,
236 1484 301 1546 qua
322 1460 507 1548 Campanus
527 1459 668 1527 Sidicino
690 1461 803 1526 tulerit.
843 1458 990 1526 Valerius
1010 1463 1134 1528 levibus
1154 1483 1171 1531 5

102 1556 328 1624 certaminibus
349 1556 522 1642 temptandi
543 1555 643 1621 hostis
667 1577 763 1621 eausa
779 1555 857 1620 haut
873 1556 918 1621 ita
933 1554 1050 1622 multos
1069 1580 1136 1622 mo·
1201 1547 1204 1552 ’

101 1661 189 1719 ratus
209 1650 278 1716 dics
297 1651 423 1737 signum
444 1671 570 1737 pugnae
592 1650 769 1736 proposuit,
792 1650 901 1736 paucis
926 1670 1000 1716 suos
1015 1651 1136 1716 'adhor-

103 1756 206 1825 tatus,
238 1767 279 1810 ne
305 1764 424 1810 novum
449 1744 568 1811 bellurn
594 1765 649 1809 eos
675 1766 840 1829 novusque
865 1745 965 1809 hostis
992 1755 1133 1811 temeret:

102 1839 259 1927 quidquid
280 1839 321 1905 ab
344 1839 422 1905 urbe
439 1839 564 1926 longius
582 1838 756 1924 proferrent
775 1861 874 1915 arma,
897 1839 1000 1926 magis
1017 1840 1169 1926 magis-6
1215 1854 1218 1861 '

103 1952 165 2021 que
181 1935 217 2000 in
233 1933 365 2000 inbelles
384 1942 494 2022 gentes
511 1955 567 1998 eos
585 1934 719 2019 prodire.
749 1955 790 1998 ne
810 1931 1020 1999 Sidicinorum
1038 1932 1134 1999 Cam·
1154 1956 1168 2001 r

89 2042 322 2117 penarumque
349 2027 493 2094 cladibus
523 2025 712 2093 Samnitium
743 2028 944 2093 aestimarent
972 2028 1134 2093 virtutem:

101 2124 351 2211 qualescumque
368 2123 451 2188 inter
463 2144 497 2188 se
511 2122 710 2199 certaverint,
728 2143 859 2188 neeesse
872 2122 986 2201 fuisse,
1005 2123 1135 2188 alteram

239 2218 333 2283 uinci.
362 2215 543 2303 Campanos
557 2216 685 2301 quidem
702 2215 899 2281 hauddubie
916 2217 1019 2302 magis
1036 2217 1134 2283 nimio

205 2312 376 2379 fluentibus
402 2312 497 2378 rebus
523 2311 716 2396 mollitiaque
743 2332 801 2375 sua
826 2331 921 2395 quam
942 2310 975 2374 vi
996 2309 1134 2375 hostium

100 2410 205 2477 sicas
225 2429 304 2474 esse.
332 2407 409 2493 quid
426 2416 531 2472 autem
549 2426 619 2472 esse
637 2406 701 2470 duo
717 2426 868 2491 prospera
884 2404 918 2468 in
936 2412 981 2468 tot
1000 2404 1132 2470 saeculis
1151 2423 1169 2472 8

91 2502 187 2572 'bella
206 2499 397 2568 Samnitium
419 2501 569 2566 adversus
588 2508 634 2565 tot
651 2500 764 2565 decora
780 2496 889 2585 populi
907 2497 1056 2577 Romani,
1080 2497 1134 2582 qui

100 2597 280 2685 trimnplme
302 2618 402 2683 paene
423 2595 529 2683 plures
548 2616 644 2680 quam
662 2616 760 2659 annos
777 2593 818 2659 ab
836 2592 914 2658 urbe
932 2591 1058 2658 condita
1074 2613 1133 2656 nu-

96 2701 239 2769 merent,
261 2691 317 2776 qui
333 2691 439 2757 omnia
456 2690 539 2756 circa
557 2712 591 2756 se
608 2722 651 2737 »-
671 2686 820 2766 Sabinos,
843 2687 1019 2765 Etruriam,
1042 2687 1132 2752 Lati-
1150 2706 1166 2755 9

90 2796 175 2867 tias,
202 2784 377 2864 Hernicos,
403 2784 550 2870 Aequos,
573 2783 723 2861 Volscos,
750 2781 919 2848 Auruncos
946 2816 988 2831 ν-
1015 2781 1134 2846 domita

90 2881 200 2951 umis
216 2879 369 2958 habeant,
387 2879 443 2964 qul
460 2876 571 2945 Gallos
590 2887 636 2944 tot
652 2878 778 2964 proeliis
797 2898 907 2943 caesos
924 2884 1082 2963 postremo
1100 2877 1134 2941 in

77 2988 190 3045 ‘lune
207 2994 246 3042 ac
262 2994 360 3041 naves
378 2974 456 3062 faga
473 2973 677 3060 conpulerint.
718 2994 791 3038 cum
808 2973 908 3059 gloria
925 2971 1000 3038 belii
1017 2992 1055 3037 ae
1072 2971 1134 3036 vir-
1152 2994 1185 3043 10

96 3080 171 3139 ente
185 3086 248 3137 aaa
261 3090 421 3154 quemque
439 3068 537 3134 fretos
554 3068 600 3133 ire
621 3067 655 3132 in
675 3066 776 3132 aciem
798 3065 926 3144 debere,
949 3074 1016 3130 tum
1038 3066 1133 3131 etiam

97 3164 233 3243 astute,
250 3165 341 3229 ornus
355 3164 452 3229 <luctu
465 3162 667 3249 auspicioque
679 3161 816 3226 ineunda
827 3182 936 3247 pugna
950 3161 999 3238 sit,
1016 3169 1131 3238 uuum,
1152 3183 1182 3232 11

97 3258 160 3349 qui
176 3258 353 3324 audendus
370 3258 534 3323 dumtaxat
551 3256 740 3344 magnificus
756 3254 936 3321 adhortator
953 3255 1008 3333 sit,
1026 3254 1131 3320 verbis

90 3358 228 3423 {ntum
248 3351 352 3431 ferox,
380 3362 511 3439 opemm
532 3350 713 3416 militarium
736 3370 861 3436 expers,
885 3371 926 3414 an
942 3347 998 3433 qui
1013 3349 1132 3436 etipse

77 3446 167 3527 ‘ibin
181 3456 331 3527 ware,
348 3447 519 3535 precedere
532 3456 604 3512 ante
617 3448 724 3534 signa,
741 3446 861 3511 versari
878 3445 982 3511 media
996 3444 1032 3510 in
1049 3445 1132 3510 mole

84 3548 232 3633 §agnae
247 3541 338 3609 solat
371 3541 474 3609 *fecta
490 3560 575 3621 mea,
597 3560 663 3607 non
680 3541 763 3607 dieta
779 3563 851 3618 vos,
875 3538 1014 3619 milites,'
1031 3539 1131 3626 inquit
1151 3559 1183 3607 12

88 3636 211 3722 'ecqui
227 3635 305 3702 vole
319 3644 380 3701 nec
396 3635 594 3724 disciplinm
607 3635 719 3714 modo,
740 3635 797 3700 sed
809 3634 988 3721 exemplum
1000 3635 1096 3700 etiam
1113 3657 1133 3698 a

77 3738 150 3799 'ine
172 3738 294 3820 petere.
329 3748 395 3798 nan
411 3730 600 3798 tartareus
617 3731 713 3796 modo
729 3751 788 3796 nce
804 3752 862 3817 per
879 3730 1044 3808 coitiones,
1066 3729 1133 3793 usi-

77 3832 183 3893 m
195 3824 377 3903 nsbdrbus,
395 3826 453 3892 scd
464 3825 526 3892 hac
543 3826 654 3892 dextra
668 3825 748 3890 mihi
764 3835 828 3892 tres
847 3825 1028 3892 consulatus
1046 3843 1130 3886 sum-

84 3919 395 4007 mesoleucon
410 3921 528 4009 peperi.
555 3920 631 4000 fait,
645 3940 722 3986 oum
738 3920 799 3986 boc
817 3920 879 3987 dici
896 3926 1031 4007 poterat:
1049 3919 1131 3998 “pa-
1150 3931 1182 3979 1a

78 4012 209 4085 *tuas
228 4014 314 4082 anan
331 4028 402 4082 eras
419 4026 452 4083 et
469 4034 489 4082 a
505 4015 724 4082 liberatoribus
742 4015 862 4102 patriae
875 4023 960 4080 ortus
974 4019 1006 4077 et
1018 4007 1130 4074 eedem
