2566 4524
352 259 473 316 51555
490 260 525 332 v,
538 259 564 313 4.
584 263 622 329 [a.
631 259 663 315 5.
672 259 736 329 455]
994 249 1060 317 255

77 429 161 485 tutem
169 417 276 484 venire
286 427 403 504 posset,
422 417 672 483 adversariorum
685 426 768 484 oerte
782 419 974 486 orationibus
984 444 1059 487 eon-

77 525 129 580 ttus
146 535 261 579 essem.
287 512 446 599 negabant
462 535 572 599 nuper,
591 513 696 578 danda
713 537 784 580 5555
802 537 876 581 aera
891 515 1056 595 militibus,
1075 535 1091 584 5

77 610 99 675 ia
114 631 287 692 numquam
304 609 378 673 data
395 617 510 674 essent
537 629 675 692 quonam
691 609 786 675 modo
799 609 896 697 igitur
912 633 996 676 nuno
1010 611 1059 676 in-

77 703 147 790 ‚nari
169 711 318 789 possunt,
345 702 461 786 quibus
484 701 603 785 aliquid
625 703 699 768 novi
721 704 878 769 adiectum
900 705 1059 770 commodi

77 847 82 874 ‚
107 797 152 862 eis
169 796 311 862 laborem
328 796 423 862 etiam
439 818 558 861 novum
576 818 633 882 pro
650 798 793 883 portione
809 798 950 886 iniungi?
984 822 1060 866 nus·
1076 821 1094 867 4

77 915 119 957 nn
137 913 199 956 neo
212 913 308 977 opera
321 892 389 956 sine
402 892 614 956 emolumento
626 913 687 956 neo
700 892 946 958 emolumentum
959 893 1059 959 ferme

77 986 239 1072 einpensa
251 995 413 1071 operaest.
440 985 530 1051 labor
543 985 762 1072 voluptasque,
782 986 990 1053 dissimillima
1005 1012 1060 1053 na-

77 1105 102 1159 a,
121 1080 271 1146 societate
280 1080 417 1164 quadam
429 1079 511 1145 inter
519 1102 554 1145 se
565 1081 700 1145 naturali
710 1091 783 1146 sunt
792 1081 906 1145 iuncta
929 1081 1059 1147 moleste
1078 1103 1095 1152 5

79 1199 117 1242 ea
138 1175 264 1242 serebat
284 1175 390 1255 miles,
418 1199 453 1241 se
476 1199 535 1242 suo
558 1187 687 1262 sumptu
704 1198 832 1262 operam
848 1176 895 1240 rei
915 1175 1061 1260 publicae

77 1271 188 1350 ebera
216 1270 375 1357 gaudebat
395 1271 495 1349 idem,
521 1281 643 1357 partem
665 1271 740 1335 anni
766 1293 800 1335 se
828 1293 940 1356 agrum
967 1293 1060 1336 suum

77 1388 142 1446 ere,
167 1387 331 1451 quaerere,
358 1366 442 1431 unde
461 1367 546 1430 domi
563 1366 754 1450 militiaeque
773 1387 807 1430 55
825 1387 862 1429 55
885 1386 959 1429 5555
977 1365 1059 1429 tueri

77 1469 146 1539 tset3
172 1459 290 1546 gaudet
307 1482 404 1537 nuno,
431 1459 549 1525 fructui
567 1459 627 1525 sibi
644 1480 712 1525 rem
733 1458 894 1545 publicam
916 1481 1001 1537 5555,
1029 1467 1061 1524 et
1080 1480 1096 1527 5

77 1568 126 1620 tus
145 1554 337 1641 stipendium
356 1554 478 1641 accipit.
514 1577 616 1638 aequo
632 1554 730 1641 igitur
746 1555 851 1619 animo
872 1554 1009 1640 patiatur
1026 1577 1062 1620 se

81 1651 185 1728 domo,
206 1649 246 1715 ab
259 1671 293 1714 re
306 1649 463 1728 familiari,
482 1650 533 1715 oui
546 1650 652 1736 gravis
665 1650 799 1735 inpensa
811 1672 876 1714 non
888 1659 946 1727 est,
965 1649 1061 1735 paulo

77 1746 143 1811 ttius
162 1744 285 1810 abesse.
321 1767 376 1823 an,
395 1745 424 1809 si
440 1744 482 1809 ad
499 1745 638 1809 oaloulos
655 1767 728 1810 aum
744 1767 796 1809 res
813 1743 939 1830 publiea
958 1753 1059 1820 vocet,
1080 1765 1095 1812 t

77 1864 89 1904 1
101 1839 214 1904 merito
227 1838 324 1903 dieat:
345 1843 474 1903 “annua
488 1861 560 1902 aera
573 1838 683 1917 habes,
701 1860 838 1903 annuam
852 1859 979 1923 operam
992 1837 1060 1901 ede.

85 1944 120 1999 tu
138 1955 278 2018 aequum
295 1955 416 2010 tenses,
436 1933 546 1997 militia
564 1933 730 1998 semenstri
747 1931 883 1996 solidum
900 1943 930 1996 te
944 1932 1063 2017 stipen-

77 2051 115 2094 rm
132 2027 317 2114 accipere?”
342 2027 460 2092 invitus
480 2029 514 2092 in
531 2028 591 2093 hae
608 2040 697 2114 parte
719 2027 884 2105 orationis,
911 2025 1061 2110 Quirites,
1079 2045 1096 2094 8

77 2146 144 2190 ror:
165 2125 212 2190 515
229 2123 312 2187 enim
326 2145 419 2210 agere
432 2123 547 2188 debent
562 2124 618 2207 qui
630 2124 843 2188 mercennario
856 2123 954 2188 milite
968 2133 1063 2188 utun-

77 2245 86 2284 ·.
129 2241 190 2284 nos
217 2227 377 2301 tamquam
404 2241 476 2282 oum
503 2218 625 2282 civibus
652 2239 747 2304 agere
771 2218 918 2282 volumus
945 2219 1061 2304 agique

77 2336 189 2399 nquam
204 2335 276 2378 oum
289 2313 391 2399 patria
403 2312 569 2378 nobiseum
597 2334 707 2376 aecum
732 2333 908 2376 censemus.
932 2322 1064 2375 autnon
1080 2330 1095 2377 9

77 2408 147 2495 toipi
165 2407 284 2474 bellum
301 2407 437 2493 oportuit
459 2425 513 2471 aut
535 2406 603 2492 geri
619 2427 677 2491 pro
694 2405 846 2492 dignitate
869 2405 978 2489 populi
994 2404 1061 2469 Ro·

77 2501 288 2588 nietperfioi
306 2501 554 2587 quamprimum
576 2508 706 2585 oportet.
742 2498 921 2583 perficietur
943 2508 1060 2575 autem,
1080 2517 1112 2565 10

77 2616 226 2684 urgemus
244 2595 408 2672 obsessos,
434 2596 461 2660 si
478 2618 542 2660 non
563 2605 635 2659 ante
658 2593 857 2659 abseedimus
880 2615 976 2676 qnam
994 2593 1063 2678 5551

77 2701 154 2757 strae
172 2691 269 2754 finem
286 2691 386 2775 oaptis
399 2689 488 2756 Veiis
505 2689 747 2775 inposuerimus.
776 2688 804 2753 si
820 2687 963 2753 hercules
977 2687 1064 2751 nulla

77 2808 212 2864 inausa,
230 2788 302 2872 ipsa
312 2785 483 2872 indignitas
497 2785 762 2871 perseverantiam
775 2783 926 2869 inponere
943 2781 1061 2848 debuit.

77 2902 139 2947 aem
158 2881 318 2965 quondam
337 2901 438 2944 annos
453 2878 530 2944 urbs
548 2888 731 2966 oppugnata
753 2886 801 2942 est
819 2877 860 2942 ob
877 2900 974 2942 unam
992 2899 1062 2940 mu
1081 2897 1111 2943 11

77 2996 139 3041 rem
157 2974 198 3040 ab
214 2973 363 3038 universa
377 2971 512 3039 Graecia
529 2995 624 3056 quam
636 2973 746 3059 prooul
759 2996 778 3036 a
791 2973 895 3049 domo,
914 2981 990 3054 quot
1003 2986 1065 3036 ter·

77 3089 96 3147 t,
113 3077 189 3154 quot
205 3069 306 3132 maria
323 3068 457 3133 distans:
478 3090 536 3132 nos
553 3068 636 3132 intra
652 3067 859 3131 vicensimum
877 3065 1013 3149 lapidem
1031 3065 1064 3128 in
1083 3083 1115 3131 12

77 3173 202 3249 aspectu
215 3185 313 3249 prope
325 3163 413 3228 urbis
426 3173 551 3228 nostrae
565 3184 700 3227 annuam
715 3160 980 3246 oppugnationem
993 3179 1065 3243 per-

77 3281 116 3324 55
135 3259 242 3346 piget?
277 3257 396 3322 scilieet
417 3258 493 3342 quia
517 3257 597 3322 levis
623 3277 720 3322 causa
741 3254 816 3319 belli
838 3266 966 3318 estnec
988 3250 1064 3315 satis

77 3355 204 3438 ioquam
224 3352 300 3416 iusti
322 3352 438 3417 doloris
460 3361 525 3430 est,
550 3352 636 3436 qnod
657 3371 716 3415 nos
739 3349 779 3415 ad
800 3345 1066 3434 perseverandum

77 3448 181 3514 mulet
210 3447 348 3534 septiens
364 3446 561 3524 rebellarunt,
580 3447 614 3510 in
630 3467 708 3532 pace
725 3465 898 3527 numquam
915 3441 979 3505 fida
996 3440 1065 3504 fue-
1084 3460 1115 3508 13

77 3553 113 3623 rt,
133 3564 229 3630 agros
246 3551 370 3608 nostros
387 3542 510 3607 miliens
528 3539 709 3627 depopulati
723 3549 806 3617 sunt,
823 3537 993 3604 Fidenates
1012 3535 1067 3599 de-

77 3658 126 3706 tra
145 3659 165 3704 a
182 3636 275 3702 nobis
292 3644 470 3724 ooegemnt,
489 3636 617 3702 colonos
635 3644 758 3699 nostros
772 3632 817 3698 ibi
833 3631 1065 3706 interfecerunt,

77 3744 180 3801 olores
196 3730 287 3797 fuere
304 3731 481 3797 contraius
497 3731 602 3796 eaedis
624 3729 728 3814 inpiae
745 3729 922 3816 legatorum
943 3734 1068 3790 nostro-
1085 3741 1116 3790 14

77 3853 117 3908 n,
145 3826 308 3893 Etruriam
329 3848 456 3892 omnem
478 3825 630 3891 adversus
647 3846 707 3889 nos
725 3823 881 3889 5511511555
903 3820 1068 3885 voluerunt

77 3925 192 4008 dieque
209 3922 243 3987 id
259 3923 438 4000 moliuntur,
456 3943 507 3986 res
523 3919 693 4008 repetentis
710 3918 831 4008 legatos
849 3925 973 3983 nostros
990 3912 1068 3976 haut

77 4019 146 4087 >out
164 4017 244 4082 afuit
262 4017 338 4102 quin
355 4016 519 4082 violarent.
