2566 4524
360 231 479 288 amna
494 231 593 302 v1u1,
612 232 653 287 re.
666 231 710 288 rr.
729 234 766 302 [a.
776 230 806 287 c.
815 231 879 303 319]
1072 218 1138 289 459

111 415 201 479 quem
219 413 294 457 cum
310 389 508 456 inambulans
527 401 599 455 ante
612 389 849 455 tabernaculum
862 390 968 456 vocari
980 390 1135 473 iussisset,

109 488 248 553 lictorem
268 484 414 572 expedire
433 506 574 551 securem
587 485 687 550 iussit,
715 484 863 568 adquam
876 507 987 551 vocem
1000 486 1137 553 exanimi
1155 506 1188 558 18

109 592 209 648 stante
220 579 443 646 Praenestinae
464 580 627 666 agedum,
646 579 746 657 lictor,
765 579 874 645 excide
887 580 1024 646 radicem
1041 579 1137 649 hanc’

106 677 207 761 inquit
233 674 480 741 ‘incommodam
502 672 758 752 ambulantibus,'
784 673 1008 760 perfusumque
1036 674 1137 741 ultimi

107 769 255 858 supplicii
271 779 360 835 metu
375 768 475 834 multa
492 767 576 834 dicta
593 767 720 833 dimisit„
750 768 837 834 haud
851 768 945 835 dubie
957 769 1011 835 illa
1024 778 1135 848 aetate,
1155 791 1186 840 19

105 888 166 951 qua
182 864 275 930 nulla
290 865 441 930 virtutum
459 863 592 929 feracior
609 862 683 942 fuit,
701 886 795 930 nemo
813 887 895 930 unus
914 875 979 931 erat
997 866 1054 945 vir,
1072 888 1135 950 quo

106 961 207 1049 magis
224 959 336 1026 innixa
351 981 403 1024 res
421 958 566 1025 Romana
583 967 687 1024 staret.
728 958 804 1042 quin
822 981 894 1025 eum
911 981 1019 1045 parem
1041 960 1138 1025 desti-

105 1066 181 1121 nant
197 1055 314 1121 animis
333 1077 448 1142 magno
466 1053 649 1119 Alexandro
668 1053 794 1132 ducem,
818 1053 846 1120 si
862 1076 952 1119 arma
968 1055 1050 1119 Asia
1065 1076 1137 1141 per-

105 1150 224 1216 domita
239 1149 276 1213 in
292 1148 455 1234 Europam
472 1148 626 1214 vertisset.

168 1242 286 1309 xvss.
321 1242 407 1307 Nihil
420 1243 528 1308 minus
546 1243 723 1326 quaesitum
741 1265 760 1306 a
776 1242 929 1329 principio
947 1243 1040 1309 huius
1059 1266 1134 1329 ope·
1154 1263 1167 1310 1

106 1338 147 1403 ris
165 1337 269 1403 videri
284 1344 402 1423 polest,
420 1359 516 1422 quam
533 1346 569 1402 ut
585 1336 657 1422 plus
675 1336 758 1401 iusto
775 1334 815 1401 ab
833 1359 937 1402 rerum
954 1337 1062 1402 ordine
1080 1337 1135 1402 de·

108 1432 256 1498 clinarem
274 1431 540 1515 varietatibusque
557 1431 779 1518 distinguendo
797 1452 891 1518 opere
909 1440 940 1497 et
956 1430 1134 1519 legentibus

108 1527 192 1593 velut
215 1526 408 1592 deverticula
428 1548 562 1592 amoena
584 1535 615 1591 et
635 1527 776 1610 requiem
794 1527 898 1593 animo
916 1550 987 1592 meo
1005 1548 1135 1611 quaere-

107 1643 181 1686 rem
219 1629 326 1686 tamen
352 1620 431 1685 tanti
455 1620 540 1708 regis
567 1642 604 1686 ac
630 1621 719 1687 ducis
745 1621 876 1701 mentio,
904 1621 1017 1706 quibus
1041 1639 1169 1708 saepen

109 1714 209 1782 tacitis
241 1714 484 1803 cogitationibus
514 1715 667 1781 volutavit
697 1717 848 1794 animum,
881 1738 935 1782 eas
962 1725 1072 1781 evocat
1101 1717 1136 1780 in

109 1810 261 1888 medium,
292 1818 328 1874 ut
353 1830 502 1893 quaerere
527 1808 636 1888 libeat,
668 1810 795 1894 quinam
826 1818 956 1875 eventus
981 1809 1134 1875 Romanis

111 1903 216 1983 rebus,
242 1903 366 1969 sicum
383 1903 567 1970 Alexandro
589 1903 671 1970 foret
692 1902 855 1981 bellatum,
882 1903 1006 1969 futurus
1030 1903 1134 1968 fuerit,

113 1998 277 2083 plurimum
296 1997 332 2062 in
352 1997 435 2064 bello
456 1997 574 2085 pollere
596 1998 740 2064 videntur
761 1997 895 2062 militum
913 1998 1004 2082 copia
1025 2006 1058 2063 et
1073 1997 1169 2066 vir-8

112 2102 173 2172 tus,
197 2092 328 2180 ingenia
352 2092 590 2180 imperatorum,
623 2092 750 2157 fortuna
775 2114 832 2179 per
857 2093 963 2158 omnia
987 2090 1134 2169 bumana,

112 2186 244 2253 maxime
264 2186 299 2253 in
319 2208 370 2253 res
392 2185 520 2253 bellicas
542 2196 664 2273 potens.
700 2207 738 2252 ea
760 2197 790 2251 et
813 2187 938 2272 singula
954 2187 1087 2252 intuenti
1105 2195 1171 2253 ets

111 2282 255 2348 umversa
281 2282 362 2347 sicut
387 2280 427 2347 ab
453 2281 523 2347 aliis
547 2280 676 2368 regibus
698 2280 919 2368 gentibusque,
946 2281 990 2345 ita
1012 2280 1052 2345 ab
1074 2281 1136 2345 hoc

93 2396 234 2462 qunque
264 2375 357 2442 facile
387 2384 547 2463 praestant
575 2375 727 2441 invictum
752 2376 932 2442 Romanum
956 2375 1133 2462 imperium.

112 2470 171 2535 inm
186 2471 326 2557 primum
340 2480 377 2536 ut
393 2471 497 2537 ordiar
509 2470 549 2537 ab
563 2471 695 2537 ducibus
710 2470 928 2558 conponendis,
947 2469 1033 2535 baud
1046 2470 1135 2554 equi-
1153 2488 1169 2537 5

79 2600 90 2607 -
115 2564 185 2629 dem
208 2564 326 2645 abnuo,
362 2566 524 2653 egregium
550 2566 663 2632 ducem
688 2565 788 2631 fuisse
814 2564 1046 2641 Alexandrum,
1077 2564 1135 2629 sed

81 2676 84 2681 '
113 2658 271 2725 clariorem
296 2668 402 2726 lamen
427 2660 612 2740 eumfacit,
639 2662 725 2746 quod
745 2683 827 2727 unus
849 2661 922 2740 fuit,
949 2660 1036 2745 quod
1057 2660 1135 2725 adu-

77 2780 85 2787 ·
111 2752 230 2821 lescens
250 2755 286 2819 in
309 2754 502 2821 incremento
526 2777 632 2820 rerum
656 2756 796 2821 nondum
822 2756 951 2822 alteram
977 2754 1134 2822 fortunam

77 2884 79 2889 ·
113 2858 255 2938 expertus
268 2849 413 2917 decessit.
439 2859 475 2915 ut
487 2850 564 2917 alios
576 2873 669 2937 reges
688 2852 787 2917 claros
806 2852 964 2936 ducesque
982 2850 1133 2928 omittam,
1153 2865 1168 2915 o

113 2966 225 3033 magna
240 2944 387 3031 exempla
404 2966 535 3011 casuum
551 2944 774 3024 humanorum,
799 2945 933 3032 Cyrum,
957 2968 1051 3030 quem
1068 2968 1136 3010 ma-

77 3068 90 3079 ·
112 3039 191 3107 xime
219 3036 335 3106 Graeci
359 3038 506 3105 laudibus
533 3039 704 3119 celebrant,
761 3040 817 3106 uid
845 3040 907 3105 nisi
937 3039 1034 3125 longa
1058 3039 1133 3116 vita,

115 3134 191 3201 sicul
203 3134 364 3222 Magnum
380 3135 476 3201 modo
492 3134 694 3222 Pompeium,
718 3135 848 3200 vertenti
870 3132 1014 3221 praebuit
1035 3132 1135 3197 fortu-
1206 3188 1209 3192 ,

78 3236 83 3241 “
112 3228 188 3295 mc?
218 3249 403 3295 recenseam
432 3229 530 3296 duces
554 3229 730 3308 Romanos,
765 3250 824 3293 nec
853 3248 962 3293 omnes
994 3225 1168 3292 omnium?

107 3323 272 3402 netum,
295 3323 353 3389 sed
369 3323 456 3409 ipsos
473 3344 543 3402 eos,
566 3344 639 3389 oum
656 3323 770 3407 quibus
789 3320 969 3388 consulibus
993 3328 1047 3384 aut
1069 3318 1135 3383 dio-

77 3426 81 3431 '
108 3416 260 3483 latoribus
282 3415 466 3483 Alexandro
492 3417 552 3483 fuit
578 3417 771 3483 bellandum:
797 3416 845 3481 M.
868 3415 1032 3482 Valerium
1055 3412 1168 3482 Cor-8

107 3532 197 3591 vum,
226 3509 266 3577 C.
283 3509 442 3577 Marcium
463 3511 620 3589 Rutilum,
649 3510 687 3578 C.
708 3510 897 3597 Sulpicium,
921 3509 959 3575 T.
978 3508 1135 3574 Manlium

105 3604 319 3691 Torquatum,
341 3602 384 3688 Q.
402 3604 575 3672 Publilium
597 3606 777 3684 Philonem,
804 3607 845 3671 L.
868 3604 1032 3691 Papirium
1054 3602 1136 3669 Cur-

107 3722 226 3781 sorem,
249 3700 292 3785 Q,
309 3700 445 3767 Fabium
465 3701 659 3781 Maximum,
683 3703 762 3768 duos
783 3702 919 3780 Decios,
941 3702 984 3767 L.
1002 3699 1136 3767 Volum-

107 3797 208 3877 nium,
230 3796 289 3863 Μ’.
308 3795 450 3864 Curium.
490 3799 638 3885 deinceps
664 3799 809 3885 ingentes
836 3808 985 3864 secuntur
1005 3795 1077 3871 viri,
1104 3792 1166 3858 sie

107 3888 266 3959 Punicum
286 3892 431 3959 Romano
452 3895 673 3979 praevertisset
694 3893 812 3959 bellum
834 3894 999 3975 seniorque
1019 3890 1053 3955 in
1069 3888 1134 3955 Ia

107 3984 179 4055 liam
202 3987 387 4055 traiecisset.
420 3988 533 4055 horum
558 3989 592 4054 in
618 3988 757 4073 quolibet
778 4011 856 4056 ,cum
877 3985 998 4053 indoles
1020 3982 1131 4049 eadem
1149 4000 1182 4050 ιο
