2566 4524
142 219 207 285 540
413 201 907 299 murmuratricem]

141 392 205 457 iam
228 389 359 455 deorum
379 386 605 470 hominumque
627 386 711 451 victa
735 385 799 451 vis:
827 385 1005 453 funduntur
1030 387 1166 457 linteatae
1206 360 1210 443 ἶ

143 485 297 562 cohortes,
316 481 432 569 pariter
447 481 540 547 iurati
557 481 745 564 iniuratique
762 479 892 567 fugiunt
909 503 971 547 nec
988 503 1167 568 quemquam
1206 476 1210 529 ἶ

42 638 46 643 .
92 601 124 650 ιι
142 589 266 668 praeter
281 578 390 643 hostes
407 585 560 641 metuunt
596 575 738 661 peditum
755 597 885 662 agmen,
913 577 1002 662 quod
1023 577 1167 664 superfuit

142 695 282 763 pugnae,
305 673 339 736 in
357 681 460 738 castra
476 680 532 736 aut
548 668 754 755 Aquiloniam
770 669 963 756 conpulsum
981 681 1044 750 est,
1066 671 1169 738 nobili·
1208 696 1210 701 ·

131 778 191 838 tas
210 768 393 853 equitesque
409 764 588 831 Βοιὶιιιιιιιι
609 764 824 851 perfugerant.
860 765 986 849 equites
1008 787 1106 851 eques
1127 789 1168 832 se

21 904 27 911 -
142 864 257 949 quitur,
274 861 413 948 peditem
429 859 543 946 pedes3
561 859 687 926 diversa
704 880 830 937 cornua,
849 859 1000 925 dextrum
1017 861 1061 926 ad
1078 869 1168 927 casua

92 978 125 1029 ιι
145 955 344 1032 Samnitium,
362 955 489 1020 laevum
506 953 548 1020 ad
565 952 676 1019 urbem
693 953 801 1018 tandit.
832 953 919 1039 prior
936 953 1102 1039 aliquanto
1112 953 1169 1022 Vo-

142 1051 282 1119 lumnius
299 1059 402 1117 castra
419 1049 516 1136 oepits
537 1048 579 1114 ad
596 1047 707 1114 urbem
725 1046 869 1135 Scipioni
885 1049 1008 1116 maiore
1023 1049 1169 1116 resistitur

142 1148 189 1226 vi,
208 1169 272 1213 non
289 1145 364 1230 quia
379 1144 452 1231 plus
469 1142 567 1209 animi
583 1142 675 1208 victis
694 1153 756 1221 est,
775 1142 833 1208 sed
848 1143 965 1209 melius
982 1144 1070 1210 muri
1086 1166 1169 1230 quarn

142 1241 260 1307 vallum
278 1248 415 1305 armatos
433 1246 547 1304 arcent.
573 1236 647 1302 iude
664 1235 821 1324 lapidibus
839 1237 1030 1324 propedsant
1046 1239 1168 1306 hostem.

94 1357 126 1406 13
146 1333 264 1421 Scipio,
277 1332 490 1419 nisiinprimo
498 1353 626 1418 pavore,
639 1331 826 1417 priusquam
834 1330 1062 1418 colligerentur
1074 1332 1167 1410 animit

143 1437 303 1496 transacta
328 1449 380 1493 res
407 1435 506 1505 esset,
528 1425 692 1492 lentiorem
713 1425 781 1491 fore
801 1425 942 1492 munitae
965 1427 1056 1494 urbis
1082 1449 1169 1516 oppu-

143 1524 326 1613 gnationem
342 1531 440 1601 ratus,
458 1521 631 1609 interrogat
647 1520 772 1600 milites,
792 1521 874 1586 satin
886 1543 991 1608 aequo
1004 1522 1112 1590 animo
1121 1544 1168 1610 paq

144 1626 283 1685 tarentin
299 1616 340 1683 ab
358 1617 456 1684 altero
473 1637 572 1682 eomu
584 1624 687 1682 casua
700 1624 793 1702 capta
805 1637 886 1695 esse,
904 1638 942 1684 se
953 1617 1094 1686 victores
1105 1614 1168 1706 pelli
1208 1674 1210 1679 .

93 1713 278 1801 neporus
295 1711 393 1778 rubis.
428 1709 670 1777 reclamantibus
688 1710 843 1776 universis
860 1711 984 1798 primus
1001 1713 1075 1800 ipse
1091 1720 1166 1780 scuto
1208 1732 1210 1737 ·

144 1829 239 1894 super
256 1815 351 1894 caput
367 1805 449 1872 elato
470 1806 574 1893 pergit
595 1804 636 1871 ad
657 1813 794 1892 portam,
821 1805 921 1871 secuti
944 1806 1000 1872 alii
1023 1807 1165 1874 testudine

143 1900 389 1992 factaiuurbem
402 1909 618 1988 perrumpunt,
637 1898 873 1983 deturbatisque
884 1897 1086 1970 Samnitibus
1098 1920 1166 1988 quae

144 1996 227 2062 circa
243 2004 366 2082 portam
383 2004 471 2060 erant
458 1994 566 2058 tmuri
579 2016 788 2081 occuparem
805 2003 971 2080 penetrare
984 1996 1020 2062 in
1033 1997 1166 2064 interiore

143 2090 242 2168 urbis,
260 2090 335 2175 quia
351 2090 445 2174 pauci
462 2089 633 2155 admodum
651 2098 749 2168 erant,
767 2112 832 2156 non
849 2090 979 2157 audent.

110 2206 124 2255 1
207 2181 401 2250 XXXXII.
436 2182 528 2249 Haec
549 2184 651 2294 primo
672 2185 817 2294 ignorare
843 2185 956 2251 consul
981 2195 1015 2252 et
1041 2188 1164 2254 intentus

143 2279 323 2367 recipiendo
341 2279 493 2344 exercitui
511 2300 595 2344 esse:
617 2279 681 2343 iam
699 2270 783 2344 enim
799 2301 954 2366 praeceps
976 2281 1012 2345 in
1030 2303 1165 2348 occasun
1207 2328 1210 2357 ,

145 2374 192 2442 sol
219 2384 285 2440 erat
310 2383 342 2440 et
367 2374 518 2460 adpetens
544 2396 607 2439 nox
633 2373 808 2460 periculosa
840 2383 871 2440 et
897 2386 1050 2462 suspecte.
1076 2375 1165 2443 omnia

109 2469 239 2540 tetiam
260 2468 430 2536 victoribus
453 2468 599 2535 faciebat.
634 2491 823 2556 progressus
844 2468 972 2556 longius
999 2471 1042 2538 ab
1070 2474 1165 2539 dentre

144 2575 235 2651 capta
257 2573 359 2630 castra
380 2565 480 2643 videt,
507 2563 547 2628 ab
573 2563 664 2628 laeva
689 2564 857 2630 clamorem
878 2565 912 2629 in
937 2564 1018 2632 urbe
1045 2568 1165 2632 mixtum

110 2679 126 2729 e
141 2657 351 2746 pugnantium
369 2681 406 2724 ao
422 2658 604 2745 paventium
622 2657 750 2724 fremitu
767 2680 847 2724 esse.
875 2668 907 2724 et
924 2666 994 2726 tum
1012 2660 1095 2727 forte
1111 2681 1164 2726 cer·

143 2761 248 2820 tamen
266 2752 307 2818 ad
323 2762 447 2838 portam
464 2762 540 2818 erat.
577 2751 727 2818 advectus
749 2753 863 2819 deinde
886 2775 969 2838 equo
991 2756 1120 2842 propius
1137 2761 1165 2816 ut

143 2869 218 2914 suos
227 2847 261 2909 in
269 2846 367 2910 muris
376 2845 462 2912 videt
469 2868 528 2912 nee
541 2847 605 2912 iam
617 2847 731 2934 integri
744 2848 913 2933 quicquam
926 2869 1008 2929 esse,
1029 2849 1165 2935 quoniam

143 2939 317 3004 temeritate
334 2961 506 3025 paucorum
524 2964 659 3028 magnae
676 2942 722 3006 rei
739 2951 829 3028 parta
850 2943 977 3009 occasio
1000 2954 1100 3024 esset,
1124 2963 1166 3008 ae·

143 3033 198 3099 ciri
216 3055 295 3118 quas
313 3046 473 3122 receperat
491 3037 597 3122 copias
612 3037 766 3123 signaque
778 3037 812 3101 in
824 3036 936 3104 urbem
952 3038 1066 3104 inferri
1077 3037 1165 3105 iussit

107 3149 126 3197 4
141 3128 277 3216 ingressi
293 3131 437 3215 proxima
455 3153 495 3195 ex
507 3140 605 3217 parte,
624 3131 699 3216 quia
711 3154 775 3196 nox
788 3132 1074 3217 adpropinquabat,
1092 3132 1166 3219 quie-

108 3245 226 3295 evere.
253 3235 345 3290 nocte
362 3226 513 3311 oppidum
531 3225 570 3291 ab
589 3225 732 3291 hostibus
751 3227 913 3292 desertum
931 3238 991 3293 est.
1016 3250 1111 3294 caesa
1121 3228 1165 3294 illo

142 3320 193 3385 die
210 3321 251 3384 ad
268 3317 473 3405 Aquiloniam
493 3319 683 3388 Samnitium
705 3321 791 3387 milia
812 3321 925 3408 viginti
948 3325 1084 3389 trecenti
1101 3345 1165 3408 qua·

141 3414 300 3500 draginta,
319 3426 411 3503 capta
429 3416 488 3481 tria
505 3416 592 3481 milia
609 3417 781 3504 octingenti
798 3426 829 3482 et
848 3416 1069 3504 septuaginta,
1088 3418 1167 3506 sign

107 3506 287 3577 tmilitaria
303 3511 475 3596 nonaginta
492 3520 624 3597 septam.
662 3521 800 3576 ceterum
822 3511 901 3575 illud
923 3514 1099 3580 memoriae
1116 3522 1166 3577 tra·

141 3600 234 3679 ditur,
252 3623 317 3666 non
333 3603 432 3670 ferme
449 3606 545 3671 alium
563 3606 676 3672 ducem
692 3605 854 3672 laetiorem
870 3605 904 3670 in
918 3606 988 3673 acie
1001 3608 1108 3674 visum
1120 3625 1166 3672 seu

38 3737 40 3742 ·
107 3715 122 3765 ι
142 3705 253 3782 suopte
271 3696 398 3783 ingenio
416 3721 473 3764 seu
490 3700 605 3766 fiducia
623 3701 703 3768 bene
724 3702 885 3789 gerundae
906 3701 963 3766 rei.
1001 3703 1044 3770 ab
1067 3704 1165 3770 eodem

84 3872 87 3878 Ι
138 3789 251 3857 robore
269 3791 365 3856 animi
377 3814 481 3878 neque
494 3803 696 3861 controverso
710 3796 852 3882 auspicio
864 3797 1012 3863 revocari
1025 3821 1046 3863 a
1057 3793 1164 3885 proelio

138 3885 250 3970 potuit,
269 3896 300 3951 et
317 3886 438 3974 inipso
456 3886 645 3968 discrimine,
664 3912 726 3975 quo
741 3889 858 3977 templa
872 3889 940 3956 deis
955 3890 1163 3958 inmortalibus

139 3979 247 4044 voveri
263 4002 333 4048 mos
351 3993 427 4064 erat,
446 3994 576 4051 voverat
591 3983 662 4052 Iovi
679 3984 810 4066 Victori,
830 3987 858 4053 si
875 3987 1020 4077 legiones
1038 3987 1163 4056 hostium

32 4112 174 4240 „5
