2566 4524
161 224 227 292 530
431 233 550 292 LIBER
566 235 609 307 X,
627 231 725 293 33.34.
743 231 929 305 [au·c460]

124 393 249 466 corbe.
287 395 376 484 prins
399 404 504 461 tamen
525 415 622 479 quam
643 393 755 471 exiret,
777 390 930 460 militibus
953 391 1057 458 edicto
1082 388 1184 458 Soram

159 489 256 558 iussis
273 489 454 567 convenire,
476 489 545 576 ipse
567 488 678 555 aedem
695 485 870 566 Victoriae,
894 508 993 571 quam
1010 487 1121 553 aedilis
1139 511 1185 554 cu·

158 583 237 653 ruiis
249 606 290 652 ex
302 584 475 651 multaticia
490 583 625 671 pecunia
640 581 818 649 faciendam
836 590 1012 662 curaverat,
1025 582 1182 650 dedicavit

109 699 143 752 ro
158 678 204 747 ita
225 679 267 746 ad
288 678 460 747 exercitum
484 676 645 765 profectus
668 673 750 744 Sora
771 675 806 742 in
827 672 997 743 Samnium
1024 677 1067 743 ad
1093 686 1184 744 casua

158 772 300 861 collegae
316 771 462 858 perrexit
493 770 568 838 inde
584 779 752 859 postquam
772 766 932 837 Samnites
949 768 1053 836 diffisi
1069 769 1183 838 dnobus

159 864 347 934 exercitibus
369 865 474 932 resisti
494 886 590 953 posse
611 873 823 943 recesserunt,
845 863 963 930 diversi
985 863 1184 933 conaulesad

158 960 329 1028 vastandos
347 980 442 1048 agros
459 958 617 1045 urbesque
634 958 863 1048 oppugnandas
881 957 1061 1026 discedunt.

125 1079 139 1129 1
222 1052 415 1121 XXXIIIL
446 1051 631 1121 Postumius
648 1051 830 1119 Milioniam
851 1073 1040 1141 oppugnare
1065 1053 1183 1122 adortus

158 1148 192 1216 vi
207 1148 310 1237 primo
328 1156 423 1234 atque
443 1147 578 1235 impetu,
596 1146 683 1228 dein,
705 1157 874 1235 postquam
891 1167 930 1214 ea
946 1168 1063 1233 parum
1083 1169 1184 1236 proce·

125 1267 142 1318 2
160 1242 292 1323 debant,
311 1264 405 1330 opere
423 1263 461 1309 ao
477 1241 578 1309 vineis
597 1242 725 1309 demum
741 1241 887 1308 iniunctis
908 1263 1002 1308 muro
1021 1242 1114 1330 cepit
1148 1240 1184 1308 ibi

156 1347 250 1425 capta
274 1337 338 1404 iam
363 1336 441 1404 urbe
463 1335 503 1403 ab
525 1335 603 1404 hora
627 1346 738 1422 quarta
763 1356 865 1421 usque
889 1335 931 1401 ad
953 1345 1103 1403 octavam
1126 1336 1184 1402 fere

156 1431 268 1499 horam
285 1430 431 1498 omnibus
452 1429 596 1517 partibus
612 1429 700 1498 urbis
718 1429 773 1496 diu
792 1429 911 1497 incerto
930 1439 1047 1497 eventu
1069 1452 1184 1519 pugna·

124 1545 141 1595 a
159 1534 227 1592 tum
246 1535 308 1605 est;
334 1535 493 1613 postremo
514 1525 633 1613 potitur
653 1525 770 1613 oppido
786 1524 961 1592 Romanus.
1000 1522 1183 1592 Samnitium

156 1618 243 1687 caesi
264 1619 324 1685 tria
344 1619 431 1686 milia
447 1619 588 1700 ducenti,
615 1618 699 1707 capti
720 1627 868 1705 quattuor
887 1618 976 1685 milia
999 1620 1182 1709 septingenti

120 1722 281 1800 epraeter
304 1713 455 1802 praedam
476 1713 580 1781 aliam.
623 1713 697 1779 inde
717 1713 875 1780 Feritrum
895 1714 1013 1780 ductae
1037 1713 1182 1803 legiones,

154 1807 239 1874 unde
257 1807 408 1896 oppidani
426 1830 499 1874 cnm
513 1806 659 1875 omnibus
676 1806 772 1885 rebus
790 1807 866 1888 suis,
880 1829 962 1894 quae
979 1808 1059 1875 ferri
1076 1810 1182 1898 agique

22 1940 29 1956 ι
153 1911 331 1990 potuerunt,
351 1912 444 1969 nocte
461 1924 518 1989 per
537 1924 680 1969 aversam
696 1911 820 1990 portam
837 1901 960 1969 silentio
974 1914 1181 1971 excesserunt

118 2017 135 2066 c
152 1996 250 2083 igitur
267 1997 360 2063 simul
378 1996 506 2063 advenit
530 1997 655 2077 consul,
673 1997 774 2085 primo
790 1997 837 2063 ita
853 1997 1039 2084 conpositus
1056 1998 1183 2067 instruo·

153 2098 268 2174 tueque
285 2089 450 2157 moenibus
473 2090 640 2170 successit,
666 2101 830 2177 tamquam
850 2091 936 2158 idem
956 2091 1047 2178 quod
1068 2093 1111 2160 ad
1127 2093 1182 2160 Mi-

120 2203 135 2253 s
153 2183 283 2251 lioniam
292 2184 395 2252 suerat
403 2185 581 2253 certaminis
591 2185 683 2266 foret,
705 2186 828 2266 deinde,
845 2195 882 2252 ut
893 2185 1056 2254 silentium
1064 2199 1182 2257 vastum

152 2278 186 2345 in
202 2278 281 2347 urbe
297 2301 357 2347 nec
374 2301 462 2347 arma
478 2302 537 2348 nec
553 2280 638 2348 viros
655 2279 689 2346 in
701 2279 838 2348 turribus
851 2301 889 2347 ac
901 2281 1002 2348 muris
1015 2282 1107 2363 vidit,
1124 2283 1181 2351 avi·

152 2373 229 2438 dum
246 2374 414 2440 invadendi
432 2376 556 2441 deserta
572 2374 697 2441 moenia
718 2374 846 2441 militem
868 2374 1002 2455 detinet,
1029 2398 1073 2444 ne
1095 2399 1180 2463 quam

119 2488 134 2536 ⁷
152 2468 307 2534 occultam
324 2468 358 2534 in
374 2467 519 2536 fraudem
535 2470 680 2536 incautus
697 2478 810 2536 rueret
846 2468 926 2536 duas
944 2478 1069 2537 turmas
1089 2472 1180 2540 socio

152 2585 224 2628 rum
245 2563 355 2628 Latini
377 2563 512 2630 nominis
536 2563 792 2649 circumequitare
813 2563 938 2629 moenia
959 2573 1059 2651 atque
1082 2567 1180 2655 explo-

152 2678 222 2723 rare
239 2657 345 2724 omnia
361 2656 457 2725 iubet
485 2658 606 2744 equites
624 2667 747 2746 portam
758 2680 855 2724 unam
868 2657 1066 2745 alteramque
1079 2663 1180 2728 eadem

149 2751 278 2839 regione
303 2751 338 2818 in
362 2752 539 2838 propinquo
564 2761 707 2839 patentes
736 2751 933 2840 conspiciunt
957 2753 1180 2842 itineribusque

118 2863 135 2911 a
153 2843 204 2910 his
222 2844 357 2930 vestigia
373 2854 544 2912 nocturnae
565 2847 704 2914 hostium
731 2846 836 2936 fugae.
872 2847 1059 2933 adequitant
1076 2837 1179 2918 deinde

152 2938 269 3003 sensim
286 2939 385 3025 portis
403 2939 576 3027 urbemque
598 2964 638 3009 ex
659 2951 726 3009 tuto
743 2942 837 3010 rectis
858 2942 1025 3010 itineribus
1043 2945 1177 3032 perviam

151 3032 348 3119 conspiciunt
365 3044 397 3100 et
413 3035 537 3102 consuli
552 3036 701 3116 referunt,
720 3056 885 3104 excessum
902 3036 998 3118 urbe;
1017 3040 1178 3106 solitudine

150 3125 237 3192 haud
262 3127 359 3196 dubia
383 3128 417 3194 id
442 3130 644 3218 perspicuum
670 3152 741 3197 esse
771 3139 803 3198 et
827 3130 1010 3199 recentibus
1041 3132 1176 3223 vestigiis

149 3220 245 3309 fugae
263 3244 300 3288 ac
318 3232 422 3311 strage
439 3244 544 3290 rerum
560 3224 594 3290 in
611 3224 816 3311 trepidatione
833 3234 988 3291 nocturna
1004 3226 1176 3295 relictarum

115 3333 129 3382 9
148 3315 277 3401 passim.
316 3316 366 3382 his
388 3317 504 3384 auditis
525 3318 636 3385 consul
658 3320 699 3385 ad
717 3339 787 3387 earn
813 3327 934 3407 partem
956 3319 1064 3402 urbis,
1092 3342 1175 3409 quam

148 3410 289 3475 adierant
314 3412 451 3496 equites,
482 3411 688 3480 circumducit
719 3435 843 3502 agmen.
886 3414 1071 3484 constitutis
1102 3413 1175 3483 houd

148 3502 258 3589 prooul
274 3514 366 3589 porta
384 3506 482 3594 signis
500 3505 638 3593 quinque
656 3508 777 3594 equites
794 3506 883 3575 iubet
894 3508 1014 3577 intrare
1027 3510 1175 3578 urbemet

148 3596 307 3662 modicum
325 3600 461 3686 spatium
477 3623 662 3691 progressos
685 3603 740 3670 tris
762 3625 889 3671 manere
911 3604 1027 3672 eodem
1044 3606 1128 3686 loco,
1152 3602 1173 3670 si

97 3710 130 3759 ro
148 3700 216 3758 tuta
241 3692 418 3774 videantur,
446 3696 526 3763 duos
554 3698 716 3784 explorata
741 3699 782 3765 ad
809 3720 843 3765 se
869 3699 1000 3766 referre.
1045 3703 1102 3788 qni
1126 3698 1171 3765 ubi

146 3784 306 3852 redierunt
322 3788 579 3875 rettuleruntque,
599 3814 637 3859 eo
656 3815 690 3858 se
707 3814 903 3881 progressos,
922 3796 1011 3862 unde
1022 3795 1057 3862 in
1072 3813 1169 3863 omnes

145 3888 252 3965 partes
270 3882 514 3970 circumspectus
534 3898 627 3967 esset,
645 3887 739 3976 longe
756 3888 881 3974 lateque
895 3890 1059 3957 silentium
1076 3914 1113 3957 ao
1129 3908 1170 3954 so

97 3991 127 4039 11
146 3973 311 4041 litudinem
329 3977 461 4058 vidisse,
488 3982 645 4070 extemplo
664 3983 774 4051 consul
796 3983 942 4052 cobortes
966 3987 1127 4074 expeditas
1141 3982 1167 4046 in
