2566 4524
145 249 186 314 68
425 261 542 316 LIBER
560 261 603 330 Π,
620 260 645 314 5.
656 262 680 315 6.
699 264 773 330 [au.
784 258 880 328 cess]

143 420 307 484 amitteret.
334 441 411 504 ager
424 417 675 501 Tarquiniorum,
695 417 748 502 qui
761 417 843 482 inter
856 416 968 482 urbem
981 440 1019 483 ac
1033 416 1169 483 Tiberim

143 513 212 591 fuit,
232 521 431 578 consecratus
449 510 546 575 Marti
563 510 699 575 Martius
718 511 831 574 deinde
849 533 980 596 campus
998 510 1071 576 fuit

111 629 126 676 3
207 606 302 671 Forte
319 604 364 670 ibi
381 616 449 669 tum
467 627 558 691 seges
577 605 668 670 farris
687 605 800 670 dicitur
816 604 916 670 fuisse
929 615 1055 673 matura
1066 608 1167 672 messi.

144 723 238 785 quem
256 700 359 786 campi
376 700 512 763 fructum
530 699 604 783 quia
620 698 803 785 religiosum
821 709 887 763 erat
904 721 1102 779 consumere,
1120 701 1168 766 de·

145 804 263 860 sectam
281 815 353 858 cum
372 801 540 857 stramento
558 802 698 878 segetem
710 815 826 879 magna
838 793 888 858 vis
901 792 1067 858 hominum
1081 795 1166 860 simul

143 889 275 953 inmissa
296 887 441 952 corbibus
465 887 575 951 fudere
592 887 625 950 in
643 886 784 951 Tiberim
805 887 891 952 tenui
912 887 1063 952 fluentem
1081 911 1164 972 aqua,

144 990 180 1046 ut
196 981 307 1047 mediis
326 979 480 1046 caloribus
500 980 587 1052 solet.
613 980 658 1044 ita
675 981 708 1043 iu
725 980 814 1044 vadis
828 979 1011 1045 haesitantis
1026 981 1165 1046 frumenti

110 1087 127 1134 4
144 1099 273 1141 acervos
292 1076 412 1141 sedisse
422 1074 523 1140 inlitos
541 1074 626 1152 limo,
645 1073 780 1138 insulam
798 1075 871 1138 inde
883 1073 1037 1158 paulatim
1050 1085 1082 1140 et
1094 1075 1164 1152 aliis,

144 1192 225 1255 quae
243 1170 304 1235 fert
322 1180 437 1234 temere
455 1169 584 1246 flumen,
613 1169 724 1232 eodem
741 1168 873 1232 invectis
896 1168 1024 1233 factam.
1064 1181 1163 1255 postea

146 1265 238 1329 credo
261 1264 384 1329 additas
406 1263 504 1327 moles
527 1283 686 1345 manuque
708 1261 863 1339 adiutum,
892 1270 1009 1326 uttam
1034 1264 1161 1328 eminens

144 1382 217 1424 area
237 1358 387 1441 firmaque
413 1357 538 1442 templis
566 1378 690 1440 quoque
717 1377 754 1420 ac
779 1354 952 1441 porticibus
981 1355 1161 1422 sustinendis

146 1461 238 1516 esset.

111 1567 126 1613 5
208 1545 349 1630 Direptis
368 1545 458 1609 bonis
476 1567 587 1631 regum
605 1545 744 1608 damuati
760 1543 934 1629 proditores
950 1555 1157 1630 sumptumque

147 1640 348 1724 supplicium,
368 1639 566 1723 conspectius
585 1661 636 1716 eo,
655 1640 740 1722 quod
756 1661 877 1724 poenae
895 1639 1068 1724 capiendae
1083 1636 1156 1704 nini-

146 1735 275 1799 sterium
302 1734 384 1819 patri
405 1734 445 1797 de
471 1732 577 1798 liberis
600 1734 781 1799 consulatus
799 1734 937 1819 inposuit
958 1743 1003 1812 et,
1032 1735 1086 1818 qui
1101 1751 1157 1817 spe·

146 1837 246 1919 etatem
271 1836 337 1893 erat
369 1828 577 1905 amovendus,
615 1850 687 1892 eum
713 1829 818 1912 ipsum
844 1826 971 1892 fortuna
997 1838 1157 1893 exactorem

113 1944 127 1992 6
146 1922 291 2007 supplicii
308 1922 403 1986 dedit.
446 1920 571 1986 stabant
589 1922 716 2008 deligati
735 1923 776 1986 ad
792 1922 901 2007 pulum
918 1921 1104 1988 nobilissimi
1119 1919 1157 1984 iu⁴

145 2038 256 2092 venes3
283 2015 340 2078 sed
357 2038 377 2078 a
394 2015 519 2093 ceteris,
547 2015 633 2079 velut
650 2015 689 2080 ab
707 2016 823 2102 ignotis
842 2015 1011 2100 capitibus,
1036 2012 1154 2082 consuis

144 2108 235 2174 liberi
257 2108 397 2172 omnium
417 2108 451 2171 in
474 2130 507 2172 se
530 2119 705 2173 averterant
726 2110 833 2174 oculos
856 2108 1086 2193 miserebatque
1106 2127 1153 2172 non

145 2225 266 2290 poenae
284 2203 385 2289 magis
403 2202 545 2268 homines
563 2226 658 2287 quam
677 2203 816 2281 sceleris,
840 2224 902 2286 quo
920 2225 1055 2288 poenam
1073 2196 1155 2268 meriti

113 2321 127 2366 7
146 2308 265 2362 essent:
292 2297 363 2362 illos
381 2319 418 2362 eo
436 2298 635 2383 potissimum
657 2321 737 2362 anno
759 2298 891 2383 patriam
913 2296 1091 2376 liberatam,
1112 2317 1155 2382 pc·

146 2402 225 2457 trem
242 2389 453 2468 liberatorem,
481 2392 678 2456 consulatum
696 2404 798 2456 ortum
817 2415 857 2456 ex
875 2392 968 2455 domo
987 2391 1092 2471 lunia,
1112 2411 1158 2476 pu·

145 2495 223 2563 tres,
242 2484 381 2570 plebem,
401 2486 553 2568 quidquid
570 2487 699 2550 deorum
716 2486 942 2568 hominumque
958 2483 1158 2550 Romanorum

146 2588 243 2655 esset,
271 2580 433 2643 induxisse
454 2579 488 2643 iu
514 2580 666 2658 animum,
695 2591 730 2644 ut
753 2580 888 2664 superbo
911 2581 1069 2661 quondam
1094 2572 1177 2663 regis,

112 2694 127 2742 8
146 2683 213 2737 tum
235 2671 350 2737 infesto
373 2671 457 2736 exuli
495 2674 671 2758 proderent.
708 2674 852 2739 eonsules
871 2675 904 2737 in
922 2673 1030 2737 sedem
1049 2684 1161 2760 proceri
1182 2718 1186 2727 .

147 2788 215 2830 sere
238 2788 341 2842 suam,
368 2766 520 2848 missique
545 2766 669 2831 lictores
696 2769 737 2832 ad
763 2769 951 2832 sumendum
975 2769 1152 2855 supplicium·

123 2905 126 2910 -
145 2859 280 2923 nudatos
298 2858 395 2944 virgis
414 2859 548 2923 caedunt
566 2860 728 2944 securique
746 2862 875 2940 feriunt,
894 2886 966 2929 oum
984 2867 1153 2929 interorum

145 2969 270 3036 tempus
288 2962 377 3037 pater
394 2952 563 3036 vultusque
581 2964 612 3018 et
630 2976 665 3020 os
685 2956 751 3020 eius
771 2959 950 3041 spectaculo
973 2971 1072 3036 esset,
1096 2948 1171 3021 cml*

145 3057 238 3111 nente
256 3046 361 3111 auimo
378 3047 480 3133 patrio
498 3048 578 3112 iuter
595 3049 739 3133 publicae
757 3073 877 3135 poenae
896 3054 1111 3119 ministerium.
1151 3070 1155 3105 ἐ

112 3162 126 3210 9
211 3140 393 3208 Secundum
410 3166 545 3227 poenam
561 3146 749 3221 nocentium,
769 3159 804 3208 ut
820 3146 854 3209 iu
870 3158 1036 3232 utramque
1048 3140 1168 3234 ,parton

144 3237 287 3302 arcendis
307 3237 476 3302 sceleribus
495 3237 674 3323 exemplum
691 3238 795 3303 nobile
813 3252 911 3318 esset,
934 3242 1108 3327 praemium
1121 3238 1157 3303 iu-

145 3331 207 3395 dioi
227 3332 361 3416 pecunia
383 3354 422 3396 ex
444 3333 563 3396 aerario
585 3333 713 3398 libertas
737 3345 768 3397 et
791 3335 902 3401 civitas
925 3337 1008 3401 data.
1043 3337 1095 3402 ille
1109 3328 1160 3421 pfl·

97 3445 128 3492 10
145 3446 232 3486 mum
250 3425 362 3489 dicitur
379 3426 518 3490 vindicta
533 3426 693 3491 liberatus.
729 3429 857 3510 quidam
875 3430 1032 3495 vindictae
1050 3414 1169 3514 quoqut':¹

144 3539 259 3582 nomen
277 3528 410 3582 tractum
428 3518 467 3583 ab
485 3519 538 3583 illo
555 3531 675 3604 putant,
695 3520 840 3587 Vindicio
858 3523 919 3608 ipsi
936 3547 1053 3591 nomen
1066 3525 1173 3601 suum,

145 3621 218 3695 post
234 3611 322 3674 illum
340 3612 554 3691 observatum,
581 3625 615 3677 ut
634 3616 688 3698 qui
705 3617 748 3680 ita
765 3617 887 3682 liberati
905 3629 1026 3698 essent,
1048 3620 1082 3685 in
1098 3612 1160 3683 oiri·

146 3713 243 3768 tatem
260 3705 381 3790 accepti
399 3706 585 3771 viderentur.

114 3820 126 3865 1
210 3797 268 3863 VI.
304 3799 366 3863 His
386 3800 466 3863 siout
483 3812 553 3865 acta
570 3813 658 3866 erant
680 3806 844 3883 nuntiatis,
870 3807 1020 3873 incensus
1039 3794 1164 3891 Tarqui:

146 3893 217 3957 nius
244 3915 308 3957 nou
334 3894 440 3958 dolore
467 3895 568 3960 solum
591 3905 695 3963 tantae
717 3900 758 3963 ad
781 3901 909 3965 inritum
932 3903 1073 3968 cadentis
1095 3896 1160 3987 spel.

148 3989 204 4052 sed
231 3987 325 4053 etiam
351 3989 422 4053 odio
448 3989 569 4074 iraque,
596 4005 764 4077 postquam
785 3995 857 4060 dolo
879 3997 964 4061 viam
991 3988 1179 4083 obsaeptam
