2566 4524
353 248 471 303 LIBER
487 248 524 320 v,
543 248 584 302 27.
598 249 639 304 28.
660 253 697 319 [a.
708 248 737 304 Ο.
747 249 810 319 394]
1036 242 1101 308 279
1155 260 1157 265 ·

77 411 110 476 ad
127 408 225 474 Veios
244 417 473 493 oppugnarunt
511 429 565 472 eos
584 418 631 485 tu,
655 418 807 493 quantum
824 410 906 475 inte
923 411 997 490 fuit,
1016 436 1100 480 novo
1117 435 1133 484 8

77 505 186 570 scelere
199 503 316 568 vicisti:
334 525 394 588 ego
404 501 555 567 Romanis
569 503 701 581 artibus,
720 505 848 582 virtute,
867 527 974 591 opere,
994 507 1098 586 armis,

77 600 149 664 sicut
157 597 258 663 Veios
272 595 415 661 vincam?
441 597 633 663 denudatum
646 598 759 663 deinde
773 621 846 664 eum
863 600 1009 666 manibus
1026 610 1099 688 post
1117 626 1131 674 9

77 704 193 780 tergum
214 691 353 778 inligatis
376 691 589 755 reducendum
606 691 747 758 Falerios
770 694 875 779 pueris
894 695 1020 760 tradidit
1037 697 1099 761 vir·

77 809 190 876 gasque
213 787 274 864 eis,
302 785 416 870 quibus
440 787 629 871 proditorem
653 799 781 873 agerent
802 790 836 853 in
857 789 967 855 urbem
989 790 1100 856 verbe-
1125 822 1127 825 ’

77 894 190 959 rantes,
214 881 310 945 dedit.
347 880 387 944 ad
405 882 489 964 quod
508 882 721 966 spectaculum
739 905 894 949 concursu
905 884 1019 970 'populi
1035 885 1099 971 pri-
1118 908 1148 955 10

77 999 155 1041 num
180 976 280 1051 facto,
308 975 422 1038 deinde
449 997 468 1038 a
494 976 728 1062 magistratibus
755 979 794 1042 de
820 1000 854 1042 re
879 1002 962 1044 nova
988 988 1098 1045 vocato

77 1081 196 1147 senatu,
216 1079 302 1133 tanta
319 1068 450 1133 mutatio
468 1070 580 1134 animis
595 1082 643 1134 est
656 1071 782 1149 iniecta,
802 1082 836 1135 ut
850 1073 904 1155 qui
917 1074 1010 1138 modo
1024 1074 1100 1138 effe·

77 1167 127 1230 rati
139 1165 214 1229 odio
226 1164 335 1247 iraque
344 1164 524 1229 Veientium
537 1165 655 1228 exitum
667 1187 767 1250 paene
781 1187 876 1249 quam
891 1166 1100 1252 Capenatium

77 1281 181 1345 pacem
195 1258 337 1335 mallent,
357 1259 441 1343 apud
454 1280 509 1322 eos
526 1281 637 1343 pacem
655 1260 802 1325 universa
818 1271 961 1346 posceret
978 1262 1098 1327 civitas.

77 1354 149 1418 fides
165 1353 325 1430 Romana,
352 1353 470 1417 iustitia
491 1353 688 1438 imperatoris
710 1353 743 1419 in
765 1354 834 1419 foro
857 1365 888 1418 et
910 1355 997 1420 cirria
1018 1356 1149 1426 cele-11

77 1448 202 1513 brantur
219 1469 437 1529 consensuque
451 1449 590 1512 omnium
604 1449 700 1534 legati
714 1450 754 1513 ad
769 1448 938 1514 Camillum
951 1450 984 1514 in
997 1460 1100 1516 castra

77 1554 164 1627 atque
183 1543 256 1606 inde
273 1541 431 1627 permissu
445 1541 571 1606 Camilli
584 1543 720 1608 Romam
738 1544 778 1608 ad
797 1553 954 1622 senatum,
974 1545 1028 1629 qui
1046 1545 1101 1610 de-

77 1638 182 1703 derent
198 1637 354 1715 Falerios,
373 1636 621 1722 proficiscuntur.

134 1730 309 1796 Introducti
323 1731 363 1795 ad
376 1740 520 1796 senatum
533 1731 577 1794 ita
589 1730 684 1796 locuti
698 1733 875 1797 traduntur:
894 1740 1012 1818 ‘patres
1027 1755 1101 1798 con·
1119 1754 1151 1802 12

77 1825 189 1911 scripti,
207 1825 347 1903 victoria,
365 1826 417 1890 cui
429 1847 488 1890 nec
502 1826 579 1890 deus
593 1848 651 1891 nec
665 1827 759 1891 homo
772 1828 940 1911 quisquam
952 1827 1099 1903 invideat,

79 1920 147 1985 victi
163 1943 184 1985 a
200 1920 290 1986 vobis
309 1930 341 1984 et
356 1919 543 2006 imperatore
560 1932 664 1987 vestro
678 1921 822 1987 dedimus
836 1945 894 1987 nos
908 1921 1013 1999 vobis,
1030 1922 1099 1998 rati,

84 2033 138 2095 quo
156 2014 234 2079 nihil
255 2015 366 2078 victori
387 2014 548 2100 pulchrius
571 2026 632 2092 est,
659 2016 771 2081 melius
798 2039 857 2082 nos
885 2015 943 2081 sub
969 2015 1101 2101 imperio

86 2123 176 2177 aestro
195 2134 290 2194 quam
307 2111 431 2198 legibus
453 2113 568 2178 nostris
591 2113 739 2178 victuros.
775 2124 890 2179 eventu
910 2113 1004 2178 huius
1027 2111 1102 2177 belli
1121 2131 1151 2178 13

90 2203 139 2270 (luo
160 2205 308 2270 salutaria
329 2204 473 2291 exempla
493 2207 617 2291 prodita
638 2207 776 2272 humano
798 2209 907 2293 generi
930 2217 1015 2272 sunt:
1042 2228 1101 2271 vos

93 2295 168 2363 fidem
184 2301 217 2364 in
234 2298 317 2364 bello
336 2321 430 2383 quam
448 2310 644 2386 praesentem
666 2301 828 2366 victoriam
850 2301 1019 2377 maluistis,
1042 2321 1100 2362 nos

95 2389 139 2456 tte
149 2395 306 2479 provocati
315 2394 477 2460 victoriam
490 2395 570 2461 ultro
584 2395 761 2460 detulimus.
786 2395 845 2460 sub
864 2394 981 2460 ditione
994 2402 1101 2458 vestra
1121 2400 1154 2458 1'4

97 2506 192 2554 tumus.
227 2491 354 2568 mittite,
373 2490 428 2574 qui
445 2513 545 2568 arma,
565 2491 619 2574 qui
637 2490 777 2567 obsides,
797 2489 851 2572 qui
869 2489 979 2554 urbem
992 2498 1103 2573 paten-

100 2578 159 2648 tibus
179 2585 277 2671 portis
300 2584 462 2670 accipiant.
498 2607 557 2650 nee
579 2607 636 2650 vos
657 2584 731 2649 fidei
748 2595 873 2649 nostrae
890 2604 949 2649 nec
966 2605 1024 2648 nos
1042 2582 1101 2645 im·
1144 2610 1147 2615 ·

100 2677 155 2755 perii
171 2680 265 2744 vestri
281 2678 471 2765 paenitebit!
509 2678 644 2744 Camillo
662 2689 693 2743 et
711 2678 751 2744 ab
769 2677 913 2743 hostibus
932 2689 963 2742 et
986 2701 1005 2741 a
1026 2676 1103 2740 civi-
1121 2688 1152 2736 15

100 2762 142 2833 bus
163 2775 280 2860 gratiae
306 2783 403 2838 actae.
439 2773 573 2839 Faliscis
599 2774 632 2838 in
659 2774 848 2859 stipendium
874 2771 1007 2836 militum
1035 2771 1102 2834 eius

99 2865 164 2943 ani,
189 2878 223 2932 ut
245 2868 381 2953 populus
399 2868 563 2933 Romanus
586 2867 701 2933 tributo
724 2876 862 2947 vacaret,
890 2866 1023 2954 pecunia
1044 2865 1104 2930 im-

100 2971 192 3037 perata
226 2985 305 3048 pace
323 2962 397 3027 data
414 2963 569 3026 exercitus
588 2962 900 3027 Romamreductus.

147 3053 306 3121 XXVIII.
343 3055 496 3122 Camillus
518 3056 645 3123 meliore
668 3057 766 3122 multo
786 3056 893 3134 laude,
917 3079 1012 3140 quam
1030 3078 1101 3120 cum
1122 3078 1135 3125 1

104 3140 316 3237 ffiunphantem
334 3152 398 3217 albi
414 3172 471 3237 per
487 3153 598 3218 urbem
615 3161 765 3217 vexerant
786 3153 872 3235 equi,
899 3151 1032 3236 insignis
1055 3150 1104 3214 iu-

102 3234 165 3306 stitia
178 3247 299 3329 fideque
317 3246 461 3312 hostibus
479 3247 570 3312 victis
589 3269 661 3312 cum
678 3247 709 3310 in
729 3245 839 3311 urbem
851 3245 998 3321 redisset,
1017 3243 1103 3308 taciti

101 3327 151 3399 eius
165 3341 380 3406 verecundiam
398 3364 462 3406 non
479 3341 550 3407 tulit
572 3351 713 3419 senatus,
742 3341 818 3425 quin
840 3340 907 3405 sine
929 3363 1017 3404 mora
1037 3337 1104 3404 voti

102 3417 269 3500 liberaretur:
289 3445 502 3520 crateramque
521 3459 648 3503 amcam
666 3437 784 3502 donum
801 3435 943 3522 Apollini
956 3433 1101 3521 Delphos
1120 3455 1135 3502 2

102 3510 175 3604 legati
186 3530 238 3614 qui
248 3530 367 3596 ferrent
376 3531 417 3596 L.
423 3530 580 3611 Valerius,
593 3531 635 3598 L.
644 3530 785 3617 Sergius,
799 3530 842 3596 A.
848 3529 988 3595 Manlius
1013 3530 1103 3594 missi

102 3604 175 3715 longa
189 3646 249 3689 una
266 3647 348 3690 nave
361 3625 448 3690 haud
460 3627 571 3712 procul
583 3626 663 3692 freto
675 3625 783 3693 Siculo
796 3650 816 3691 a
829 3626 936 3712 piratis
945 3625 1102 3711 Liparen·

105 3721 165 3776 mum
179 3721 298 3805 excepti
310 3720 507 3786 devehuntur
518 3722 664 3806 Liparas.
693 3745 762 3787 mos
781 3730 846 3788 erat
864 3721 998 3786 civitatis
1017 3720 1102 3786 velut
1120 3741 1136 3788 3

105 3799 202 3900 Publico
218 3813 378 3880 latrocinio
394 3828 516 3901 partam
530 3816 679 3900 praedam
692 3817 840 3881 dividere.
866 3817 947 3881 ferte
965 3837 1002 3880 eo
1020 3837 1102 3879 anno
1147 3836 1149 3841 ’

106 3907 250 3997 11{Summo
267 3910 453 3996 magistratu
470 3922 537 3974 erat
555 3909 767 3975 Timasitheus
785 3911 927 3994 quidam,
950 3907 1101 3974 Romanis

107 3994 266 4068 llsfllmffior
278 4025 381 4089 quam·
389 4005 469 4083 suis,
488 4005 543 4088 qui
555 4005 729 4091 legatorum
741 4027 856 4071 nemen
874 4005 1052 4087 donumque
1071 4010 1103 4066 et
1119 4021 1137 4068 4
