2566 4524
86 211 90 217 ’
147 237 213 303 424
391 245 509 301 amaa
525 243 610 316 vm,
628 242 670 299 24.
683 243 725 299 es.
747 246 821 311 [au.
834 241 930 313 acm]

98 407 177 478 reis
208 406 278 471 finis
308 402 488 468 lacerationi
518 401 591 480 fuit,
624 401 842 487 sepultumque
870 398 1060 467 Consentiae
1082 403 1150 487 quod
1199 444 1201 449 -

98 525 129 574 17
149 499 360 567 membrorum
385 499 540 581 reliquum
565 497 625 561 fuit
648 519 722 562 cura
742 496 881 561 mulieris
904 495 1013 575 unius,
1039 518 1151 582 ossaque

148 596 370 683 Metapontum
392 593 433 658 ad
449 593 557 658 hostes
575 592 720 669 remissa,
742 591 815 657 inde
832 589 970 677 Epirum
988 591 1110 659 devecta
1123 591 1152 657 ad

149 690 351 777 Cleopatram
376 710 507 753 uxorem
539 708 740 771 sororemque
768 682 1008 772 Olympiadem,
1041 709 1151 772 quanm

100 805 131 857 18
149 794 249 851 mater
265 782 374 870 magni
390 779 565 847 Alexandri
582 781 692 859 altera,
716 803 802 847 soror
820 779 918 847 altera
934 781 1006 847 fuit.
1040 780 1111 847 haec
1123 783 1153 847 de

148 877 324 944 Alexandri
349 875 514 962 Epirensis
540 875 621 940 tristi
649 886 776 954 eventu,
811 896 1007 959 quamquam
1030 874 1152 943 Romam

149 970 232 1039 bello
254 971 380 1036 fortuna
401 992 474 1035 eum
496 968 659 1048 abstinuit,
688 978 805 1048 tamen,
832 969 907 1054 quia
927 969 962 1035 in
980 969 1069 1037 Italia
1085 968 1152 1037 bella
1198 1028 1201 1051 ÷

148 1068 262 1156 gessit,
285 1065 394 1151 paucis
412 1065 531 1131 dixisse
549 1065 626 1130 satis
645 1065 694 1131 sit.
1199 1150 1201 1155 Ι

117 1183 131 1231 1
213 1159 329 1226 XXV.
355 1158 480 1225 Eodem
494 1182 576 1225 anno
589 1158 813 1225 lectisternium
826 1158 963 1238 Romae,
982 1159 1155 1245 quintopoet
1198 1162 1201 1205 ³

150 1255 308 1320 conditam
320 1252 444 1331 urbem,
463 1253 565 1318 isdem
578 1251 692 1338 quibus
710 1263 782 1318 ante
795 1251 958 1338 placandis
972 1252 1109 1319 habitum
1120 1260 1157 1317 est

116 1348 229 1418 adaia
273 1348 347 1413 novi
369 1347 481 1413 deinde
505 1347 649 1413 consules
670 1347 761 1412 iussu
781 1346 890 1432 populi
916 1368 992 1411 cum
1017 1347 1158 1413 misissent

150 1442 205 1526 qui
231 1440 403 1507 indicerent
431 1439 625 1508 Samnitibus
657 1438 787 1519 bellum,
822 1441 884 1526 ipsi
913 1441 1033 1507 maiore
1064 1450 1159 1506 conatu

150 1557 246 1620 quam
273 1536 423 1602 adversus
446 1533 586 1602 Graecos
613 1544 726 1601 cuneta
750 1533 912 1622 parabant.
958 1545 991 1601 et
1011 1535 1074 1601 ulia
1092 1557 1160 1600 nora

116 1629 228 1700 anihil
245 1639 312 1694 tum
330 1630 434 1695 animo
452 1630 514 1695 tale
532 1629 722 1717 agitantibus
740 1640 939 1696 accesserunt
957 1630 1089 1696 auxilia:
1104 1630 1160 1697 Lu·

151 1724 221 1790 cani
234 1733 326 1808 atque
335 1723 448 1809 Apuli,
467 1724 581 1808 quibus
594 1722 741 1810 gentibus
759 1723 837 1789 nihil
853 1724 894 1789 ad
912 1744 984 1789 eam
1002 1724 1086 1791 diem
1103 1745 1159 1789 oum

149 1816 294 1885 Romano
311 1818 428 1904 populo
446 1816 562 1895 fuerat,
580 1818 613 1883 in
630 1817 726 1883 fidem
743 1827 909 1896 venerunt,
927 1841 1017 1883 arma
1030 1819 1160 1902 virosque

150 1913 192 1978 ad
208 1911 326 1978 bellum
342 1911 541 1997 pollicentes3
564 1912 691 1977 foedere
709 1934 784 1999 ergo
801 1912 836 1977 iu
852 1912 1024 1978 amicitiam
1046 1911 1158 1999 aemph

116 2027 133 2074 4
150 2007 262 2071 eodem
279 2016 419 2090 tempore
437 2006 530 2071 etiam
547 2006 580 2073 in
600 2003 730 2072 Samnio
746 2028 796 2072 res
814 2004 964 2092 prospere
982 2016 1084 2094 gesta
1115 2004 1161 2071 tria

150 2098 267 2185 oppida
279 2099 312 2164 in
324 2108 511 2184 potestatem
525 2110 686 2179 venerunt,
704 2099 832 2179 Allifae,
853 2098 999 2181 Callifae,
1017 2101 1161 2177 Rufiiun,

150 2192 293 2278 aliusque
314 2217 391 2282 ager
412 2195 512 2281 primo
535 2196 673 2260 adventu
690 2195 855 2261 consulum
872 2195 968 2283 louge
985 2197 1111 2282 lateque
1124 2203 1161 2263 eet

116 2309 133 2358 ⁵
149 2299 357 2375 pervastatus.
387 2289 448 2356 hoo
461 2290 543 2356 bello
557 2300 622 2355 tam
639 2312 788 2377 prospere
806 2292 975 2358 commisso
994 2293 1084 2359 alteri
1100 2312 1162 2378 quo-

149 2405 210 2468 que
224 2383 320 2462 bello,
340 2407 402 2470 quo
413 2382 528 2450 Graeci
541 2385 773 2463 obsidebantur,
792 2385 855 2450 iam
868 2385 940 2451 finis
954 2387 1074 2453 aderat
1102 2407 1162 2453 nam

149 2487 366 2563 praeterquam
388 2479 474 2563 quod
495 2478 692 2564 intersaeptis
714 2480 914 2544 munimentis
937 2479 1080 2547 hostium
1104 2501 1162 2568 pars

149 2573 230 2657 parti
247 2571 371 2638 abscisa
389 2583 464 2651 erat,
483 2573 624 2638 foediora
642 2573 799 2657 aliquanto
816 2575 897 2638 intra
914 2598 1024 2641 muros
1042 2577 1091 2654 iis,
1109 2573 1163 2659 qui·

117 2685 132 2732 e
149 2664 209 2732 bus
228 2666 327 2733 hostis
346 2666 505 2733 territabat
519 2666 753 2752 (patiebantur),
773 2678 803 2732 et
816 2667 902 2732 velut
915 2670 1001 2754 capti
1014 2693 1035 2735 a
1049 2670 1163 2736 suismet

149 2759 227 2844 ipsis
249 2760 412 2844 praesidiis
435 2760 564 2846 indigna
585 2761 649 2826 iam
665 2760 771 2826 liberis
789 2783 914 2845 quoque
931 2784 971 2826 ac
989 2762 1162 2850 coniugibus

116 2873 130 2920 t
150 2862 180 2916 et
198 2874 279 2934 quae
297 2863 458 2937 captarum
476 2853 600 2919 urbium
619 2865 758 2920 extrema
780 2864 852 2921 sunt
872 2855 1086 2940 patiebantur.
1118 2858 1163 2923 ita·

149 2965 211 3029 que
233 2965 305 3009 cum
327 2955 358 3011 et
379 2970 398 3011 a
416 2947 552 3012 Tarento
575 2960 606 3013 et
627 2972 646 3013 a
666 2947 860 3014 Samnitibus
882 2949 970 3015 fama
993 2961 1079 3018 esset
1095 2971 1161 3017 nora

148 3038 265 3105 auxilia
282 3050 427 3120 ventura,
448 3039 636 3108 Samnitium
654 3042 725 3128 plus
744 3065 838 3126 quam
855 3042 974 3108 vellent
990 3044 1076 3111 intra
1092 3065 1161 3111 moe

114 3151 130 3200 8
148 3133 201 3200 nia
219 3157 289 3200 esse
306 3135 463 3215 rebantur,
483 3136 723 3203 Tarentinorum
740 3136 934 3201 iuventutem
950 3135 1071 3204 Graeci
1080 3136 1160 3206 Grae·

148 3251 216 3308 cos,
243 3230 328 3296 haud
353 3232 457 3296 minus
483 3253 540 3316 per
560 3254 640 3315 quos
664 3229 798 3298 Samniti
814 3230 1003 3317 Nolanoque
1025 3255 1119 3318 quam
1135 3240 1161 3295 ut

147 3322 300 3390 Romanis
318 3324 461 3392 hostibus
480 3325 672 3404 resisterent,
692 3325 925 3412 exspectabant.
952 3338 1114 3414 postremo
1128 3326 1161 3391 le·

114 3434 129 3482 a
148 3415 313 3482 vissimum
335 3419 489 3485 malorum
511 3419 627 3484 deditio
649 3420 691 3484 ad
707 3419 868 3486 Romanos
891 3420 970 3487 visa.
1009 3420 1159 3488 Charilaus

148 3519 180 3573 et
208 3509 385 3596 Nymphius
415 3514 572 3599 principes
603 3513 737 3579 civitatis
768 3513 1000 3581 communicato
1031 3516 1110 3581 inter
1134 3532 1159 3577 se

148 3603 278 3668 consilio
296 3616 401 3690 partes
421 3607 544 3672 adrem
562 3607 717 3694 agendam
736 3607 884 3686 divisere,
908 3618 943 3673 ut
961 3609 1042 3677 alter
1060 3610 1100 3675 ad
1113 3608 1159 3673 im

147 3705 322 3781 peratorem
338 3698 553 3765 Rornanorum
575 3701 798 3788 transfugeret,
825 3701 904 3768 altor
925 3702 1111 3769 subsisteret
1127 3695 1157 3763 ad

96 3810 129 3858 10
147 3790 358 3877 praebendam
368 3803 552 3880 oportunam
562 3795 691 3861 oonsilio
704 3793 824 3861 urbem.
849 3794 1018 3864 Charilaus
1032 3796 1100 3873 fuit,
1116 3787 1157 3876 qui

148 3885 188 3950 ad
205 3884 377 3953 Publilium
394 3887 560 3952 Philonem
577 3889 662 3954 venit
685 3899 729 3966 et,
757 3890 842 3973 quod
864 3888 1000 3970 bonum,
1023 3892 1156 3957 faustum

148 3977 225 4044 felix
241 3979 484 4066 Palaepolitanis
507 3983 686 4068 populoque
703 3983 847 4048 Romano
871 3994 971 4064 esset,
995 3985 1112 4050 tradere
1130 3996 1155 4043 st
