2566 4524
152 272 217 340 362
406 281 525 337 LIBER
541 280 612 352 VII,
630 280 728 337 1213.
749 281 787 353 [a
795 297 824 336 u.
835 279 934 352 cece]

151 444 269 510 multos
287 451 419 508 terrores
438 441 555 506 solacio
572 439 633 504 fuit
648 461 713 525 pax
724 439 851 505 Latinis
863 437 1044 526 petentibus
1061 440 1157 508 dane

154 561 270 624 magna
287 537 336 602 vis
353 536 488 601 militum
506 534 546 600 ab
563 534 613 598 his
628 556 669 599 ex
680 533 807 600 foedere
819 543 961 614 vetusto,
980 536 1064 620 quod
1074 535 1156 600 multis

119 648 137 696 8
156 633 388 698 intermiserant
405 631 509 706 annis,
528 638 667 714 accepta.
693 650 757 712 quo
770 629 929 714 praesidio
947 627 1020 695 cum
1036 630 1156 696 fultares

153 728 299 793 Romana
320 733 418 803 esset,
445 724 547 790 levius
569 723 643 801 fuit,
670 723 756 806 quod
778 719 889 789 Gallos
915 747 993 790 mox
1013 724 1157 791 Praeneste

153 822 279 886 venisse
301 828 394 904 atque
417 819 490 884 inde
512 819 596 883 circa
612 816 737 882 Pedum
759 818 941 884 consedisse
964 819 1102 885 auditum
1115 829 1156 885 est

119 932 135 979 e
154 914 336 979 dictatorem
355 913 417 978 dici
432 911 470 978 O.
486 909 662 997 Sulpicium
675 911 806 996 placuit:
824 911 937 977 consul
954 914 998 978 ad
1014 914 1049 979 id
1064 913 1154 979 accitis

155 1008 193 1074 0.
211 1007 357 1073 Plautius
375 1008 467 1085 dixit,
490 1006 641 1092 magister
661 1006 802 1089 equitum
823 1005 969 1072 dictatori
992 1003 1155 1073 addituslI

153 1102 310 1168 Valerius.
336 1101 371 1165 hi
383 1101 497 1167 robora
509 1100 643 1165 militum
659 1122 699 1164 ex
716 1098 841 1164 duobus
858 1101 1077 1168 consularibus
1094 1122 1158 1166 exer·

106 1214 138 1261 ro
156 1196 270 1261 oitibus
296 1195 396 1261 electa
421 1195 573 1260 adversus
597 1191 707 1259 Gallos
734 1194 899 1259 duxerunt.
934 1194 1053 1260 lentius
1074 1196 1105 1260 id
1120 1193 1160 1258 eli
1187 1254 1192 1261 .

155 1299 273 1374 quanto
298 1289 417 1354 bellum
443 1310 539 1373 quam
560 1288 646 1373 parti
671 1288 795 1372 utrique
819 1287 967 1374 placebat
998 1289 1067 1354 fuit.
1108 1309 1161 1353 cun

154 1385 256 1471 primo
275 1381 361 1449 Galli
377 1393 499 1448 tantum
517 1382 602 1448 avidi
619 1382 798 1447 certaminis
815 1382 966 1462 fuissent,
989 1383 1101 1450 deinde
1114 1383 1163 1447 Ro

155 1501 267 1543 manus
285 1479 375 1543 miles
393 1478 513 1543 ruendo
530 1477 564 1541 in
581 1500 668 1542 arma
681 1498 723 1563 'ac
741 1475 975 1542 dimicationem
989 1477 1163 1562 aliquantum

106 1591 136 1638 11
157 1571 311 1639 Gallicam
329 1572 479 1637 ferociam
497 1572 649 1649 vinceret,
668 1571 811 1636 dictatori
827 1571 1012 1655 neutiquam
1029 1571 1164 1658 placebat,

155 1667 281 1752 quando
303 1667 389 1732 nulla
410 1674 537 1754 cogeret
557 1689 622 1744 res,
645 1666 790 1731 fortunae
808 1687 842 1731 se
860 1667 1058 1733 committere
1076 1667 1168 1732 adver·

156 1784 210 1827 sus
241 1762 378 1839 hostem,
410 1782 505 1845 quem
530 1769 655 1846 tempus
682 1760 869 1826 deteriorem
893 1760 928 1824 in
953 1761 1023 1826 dies
1047 1772 1083 1826 et
1105 1759 1167 1826 loeis
1203 1766 1206 1827 ἑ

157 1857 266 1921 alienis
285 1857 402 1922 faceret
420 1857 487 1922 sine
504 1864 689 1941 praeparato
708 1864 899 1933 commeatu,
920 1855 989 1920 sine
1006 1856 1099 1923 firmo
1114 1877 1171 1920 mu-
1204 1874 1206 1945 3

155 1952 295 2016 nimento
312 1959 499 2027 morantem,
519 1951 559 2014 ad
572 1950 633 2016 hoc
645 1950 684 2016 iis
699 1950 881 2037 corporibus
897 1951 1091 2035 animisque,
1108 1972 1172 2036 quo·
1204 1950 1206 2025 s

155 2069 227 2110 rum
244 2046 345 2110 omnis
362 2047 396 2109 in
412 2046 532 2132 impetu
549 2045 597 2109 vis
616 2054 713 2124 esset,
731 2068 830 2131 parva
843 2046 954 2111 eadem
967 2045 1173 2134 languesceret

156 2163 253 2206 mora.

107 2255 138 2304 12
192 2236 284 2301 ·His
319 2237 457 2303 consiliis
488 2238 620 2302 dictator
649 2237 768 2302 bellum
798 2236 955 2315 trahebat,
992 2258 1174 2324 gravemque

157 2332 297 2397 edixerat
317 2355 465 2419 poenam,
494 2333 522 2397 si
547 2332 618 2416 quis
644 2332 767 2397 iniussu
792 2332 825 2396 in
850 2331 975 2397 hostem
1001 2341 1174 2420 pugnasset

156 2427 270 2492 milites
293 2451 386 2514 aegre
408 2428 441 2492 id
458 2427 611 2513 patientes
630 2427 732 2513 primo
749 2427 783 2491 in
801 2426 987 2492 stationibus
1005 2428 1175 2514 vigiliisque

155 2520 236 2586 inter
259 2545 292 2589 se
315 2524 498 2588 dictatorem
521 2521 717 2586 sermonibus
741 2543 881 2607 carpere,
903 2521 1064 2586 interdum
1082 2531 1175 2608 patres

157 2619 363 2683 communiter
383 2619 560 2704 increpare,
586 2617 671 2702 quod
691 2640 756 2684 non
776 2617 943 2684 iussissent
964 2640 1022 2704 per
1041 2618 1175 2686 consules

107 2728 138 2776 13
156 2714 225 2798 geri
247 2713 377 2778 bellum:
406 2713 540 2777 electum
562 2735 632 2779 esse
651 2713 800 2777 eximium
817 2714 1041 2799 imperatorem
1059 2717 1176 2781 unicum

157 2808 283 2882 ducem,
319 2807 374 2889 qui
404 2806 481 2870 nihil
512 2808 618 2894 agenti
644 2807 704 2872 sibi
731 2809 770 2871 de
796 2807 884 2872 caelo
910 2808 1177 2875 devolaturamin

158 2900 261 2963 sinum
291 2899 453 2963 victoriam
484 2911 620 2966 censeat.
665 2901 776 2966 eadem
806 2901 919 2966 deinde
944 2901 1025 2967 haec
1053 2903 1174 2968 interdiu

156 2992 320 3079 propalam
338 3016 381 3058 ac·
392 2993 544 3060 ferociora
561 2996 611 3060 his
629 2996 759 3060 iactare:
786 3017 820 3060 se
841 2996 967 3060 iniussu
988 2996 1175 3082 imperatoris

107 3102 139 3150 14
158 3098 212 3153 aut
229 3089 429 3154 dimicaturos
448 3099 502 3154 aut
520 3090 645 3176 agmine
663 3089 798 3154 Romam
820 3090 927 3154 ituros.
964 3089 1174 3175 inmiscerique

156 3184 219 3248 iam
241 3183 391 3249 militibus
415 3183 624 3261 centuriones,
651 3184 764 3248 necin
786 3183 909 3248 circulis
927 3185 1024 3250 modo
1042 3185 1173 3259 fremere,

157 3280 214 3343 sed
227 3280 290 3343 iam
306 3279 340 3342 in
356 3278 516 3363 principiis
535 3300 573 3343 ao
590 3278 745 3363 praetorio
762 3279 796 3341 in
813 3301 912 3342 unum
930 3300 1095 3345 sermones
1113 3300 1174 3345 con·

156 3372 247 3435 fundi
269 3381 362 3454 atque
383 3373 417 3437 in
438 3372 591 3437 contionis
614 3372 862 3459 magnitudinem
885 3394 1027 3438 crescere
1046 3374 1136 3440 turba
1149 3379 1173 3436 et

155 3464 328 3528 vociferare
352 3487 392 3529 ex
413 3466 558 3531 omnibus
581 3466 672 3543 loeis,
700 3475 735 3529 ut
757 3465 914 3550 extemplo
937 3467 979 3530 ad
1002 3468 1172 3534 dictatorem

157 3559 262 3634 iretur,
281 3557 378 3623 verba
394 3582 452 3644 pro
471 3561 609 3625 exercitu
626 3560 743 3625 faceret
762 3556 837 3625 Sex.
853 3559 994 3640 Tullius,
1017 3572 1055 3626 ut
1071 3563 1171 3627 virtute

159 3653 226 3716 eius
245 3652 375 3739 dignum
394 3663 486 3741 esset.

124 3769 137 3816 1
221 3746 320 3811 XIII.
359 3745 536 3833 Septimum
553 3747 688 3833 primum
705 3747 805 3833 pilum
822 3747 885 3812 iam
904 3746 1032 3813 Tullius
1051 3747 1170 3815 ducebat

155 3864 257 3927 neque
284 3851 350 3907 erat
375 3843 407 3906 in
431 3843 583 3920 exercitu,
610 3843 665 3926 qui
691 3842 818 3926 quidem
845 3841 1006 3928 pedestria
1031 3840 1169 3930 stipendia

121 3955 137 4003 2
155 3936 297 4016 fecisset,
317 3937 365 4001 vir
382 3937 474 4001 factis
492 3936 635 4002 nobilior.
662 3936 690 4001 is
708 3937 898 4021 praecedens
916 3936 1054 4002 militum
1070 3953 1170 4028 agmen

155 4030 196 4095 ad
214 4031 350 4096 tribunal
367 4031 470 4118 pergit
486 4031 673 4114 mirantique
693 4028 834 4116 Sulpicio
851 4053 917 4096 non
934 4031 1060 4098 turbam
1080 4027 1168 4115 magis
