2566 4524
132 240 197 306 284
399 249 517 306 LIBER
534 249 571 321 V,
588 249 632 304 32.
645 248 688 303 33.
709 251 749 317 [a.
759 265 788 303 ιι.
798 246 898 317 aeta]
918 298 923 303 .

131 409 268 498 ignotior
284 431 363 496 gens
382 418 457 473 erat.
484 429 586 491 neque
604 407 735 472 deorum
752 405 847 471 modo
864 405 986 471 monita
1000 404 1158 493 ingruerit:

131 505 197 570 fato
216 516 334 590 spreta,
362 503 419 568 sed
436 502 605 567 humanam
625 523 749 586 quoque
769 524 876 587 opem,
904 523 988 586 quae
1008 524 1068 567 una
1083 494 1158 591 erm}

97 618 113 668 8
132 599 181 664 M.
199 599 345 674 Furium,
365 595 405 662 ab
423 596 501 661 urbe
519 619 678 661 amovere:
698 596 752 680 qui
784 596 836 660 die
853 595 939 661 dicta
956 595 998 662 ab
1014 597 1055 663 L.
1070 595 1140 683 Apu·

130 694 191 759 leio
209 694 334 758 tribuno
350 691 453 777 plebis
466 703 594 777 propter
610 691 759 777 praedam
772 689 992 769 Veientanam,
1010 691 1070 757 filio
1082 712 1140 775 quo·

131 810 192 872 que
206 787 406 852 adulescente
419 808 476 871 per
493 786 577 850 idem
596 798 719 871 tempus
738 784 877 863 orbatus,
896 807 970 850 cum
989 786 1141 852 accitisdo

130 905 220 947 mum
237 881 403 946 tribulibus
418 889 449 945 et
463 880 639 958 clientibus,
658 902 740 964 quae
753 901 869 966 magna
880 902 958 965 pars
971 880 1069 966 plebis
1080 890 1139 957 erat,-

131 986 352 1062 percunctatus
371 975 493 1039 animos
511 997 619 1040 eorum
636 997 823 1061 responsum
841 974 982 1055 tulisset,
1006 998 1040 1041 se
1059 974 1141 1061 (ιιιιΙις

98 1092 113 1141 a
132 1083 219 1136 turos
238 1069 347 1155 quanti
365 1070 531 1134 damnatus
550 1082 643 1146 esset,
663 1067 826 1134 absolvere
844 1090 918 1133 eum
934 1091 1002 1134 non
1013 1068 1140 1157 possein?

132 1168 260 1234 exilium
278 1166 355 1232 abiit
372 1181 518 1252 precatus
536 1165 577 1231 ab
594 1165 655 1231 diis
672 1163 901 1242 inmortalibus,
921 1166 950 1230 si
964 1160 1139 1232 innoxiosili

132 1286 171 1329 ea
191 1262 304 1327 iniuria
325 1261 427 1338 fieret,
456 1261 557 1347 primo
584 1283 708 1347 quoque
735 1271 875 1346 tempore
897 1261 1086 1327 desiderium
1105 1256 1139 1325 sn‘

133 1357 251 1422 civitati
268 1357 410 1441 ingratae
427 1355 577 1420 facerent
617 1353 731 1420 absens
750 1355 930 1440 quindecim
949 1356 1075 1422 milibus
1094 1387 1103 1433 ι

132 1449 181 1515 vis
200 1451 280 1515 aeris
299 1451 473 1515 damnatur.
984 1456 989 1461 '
1132 1496 1137 1505 .

100 1566 114 1612 1
197 1543 370 1608 XXXIII.
410 1543 556 1630 Expulso
575 1543 657 1622 eive,
680 1566 743 1628 quo
764 1552 925 1620 manente,
950 1543 980 1610 si
1001 1555 1139 1629 qu1oqw'2

132 1637 341 1703 humanorum
359 1639 436 1703 certi
453 1650 511 1714 est,
530 1638 600 1725 oapi
613 1637 717 1704 Roma
729 1659 794 1703 non
806 1648 961 1723 potuerat,
981 1640 1095 1704 adven»
1109 1667 1125 1693 ιι

132 1733 222 1798 fatali
239 1733 310 1798 urbi
328 1732 430 1811 clade,
454 1734 552 1820 legati
568 1731 609 1798 ab
630 1732 770 1798 Clusinis
792 1732 925 1797 veniunt
942 1733 1088 1797 auxilium

100 1850 116 1898 ι
135 1850 244 1893 versus
265 1824 375 1893 Gallos
393 1838 544 1913 petentes.
582 1850 651 1892 eam
674 1837 802 1912 gentem
820 1827 954 1891 traditur
977 1827 1069 1892 fama·
1095 1839 1137 1884 ¹¹¹2

133 1923 242 1988 cedine
261 1920 388 2006 frugum
405 1922 604 2005 maximeque
622 1920 696 1999 vini,
714 1944 797 1986 nova
815 1928 883 1984 tum
900 1920 1072 2007 voluptate,
1091 1950 1121 1974 ιιι
1134 1935 1138 1970 ³

133 2026 199 2079 tam
224 2015 326 2099 Alpes
353 2015 504 2080 transisse
534 2037 690 2102 agrosque
721 2015 762 2080 ab
790 2014 937 2080 Etruscis
970 2026 1042 2081 ante
1086 2042 1119 2069 ιι
1156 2006 1158 2017 ’

100 2132 115 2178 s
134 2109 329 2195 possedisse3
348 2119 379 2173 et
395 2109 553 2175 invexisse
566 2111 601 2174 in
615 2108 752 2176 Galliam
768 2109 877 2174 vinum
890 2109 1073 2176 inliciendae
1087 2138 1111 2188 ιι
1154 2120 1158 2127 “

135 2204 174 2269 tis
194 2225 290 2268 causa
302 2201 475 2268 Arruntem
490 2203 658 2269 Clusinum
674 2204 722 2269 ira
739 2214 903 2289 corruptae
920 2206 1028 2271 uxoris
1045 2203 1080 2269 ab
1110 2247 1111 2251 =
1152 2184 1158 2223 l

134 2320 281 2377 sumone,
304 2298 355 2364 cui
373 2309 457 2364 tutor
473 2299 501 2364 is
519 2299 621 2364 fuerat
638 2299 721 2384 ipse,
744 2309 948 2384 praepotente
971 2300 1111 2365 iuveneat

135 2416 197 2478 quo
216 2394 320 2479 expeti
337 2416 471 2480 poenae,
489 2394 551 2458 nisi
569 2405 697 2458 externa
714 2393 763 2458 vis
783 2395 926 2478 quaesita
943 2404 1041 2472 esset,
1055 2417 1108 2458 ιιιιι
1145 2466 1158 2479 ῃ

99 2508 117 2555 4
133 2499 216 2554 rent:
239 2489 324 2553 hunc
341 2487 575 2554 transeuntibus
593 2487 695 2574 Alpes
713 2488 826 2553 ducem
850 2499 1065 2574 auctoremque
1100 2490 1102 2505 ¹
1120 2505 1122 2512 “
1144 2482 1158 2567 Ῐ

134 2585 217 2650 sium
235 2584 438 2670 oppugnandi
455 2583 564 2648 fidisse.
1144 2590 1158 2667 j

198 2677 358 2762 Equidem
375 2678 452 2741 haut
470 2677 646 2755 abnuerim,
675 2677 822 2743 Clusium
843 2674 954 2744 Gallos
973 2677 1013 2744 ab
1037 2702 1046 2735 ι
1082 2702 1120 2766 '¹¹5
1142 2680 1158 2693 ²

100 2794 116 2840 5
135 2795 192 2837 seu
210 2793 273 2855 quo
290 2771 352 2836 alio
373 2770 505 2837 Clusino
524 2773 690 2851 adductos3
718 2773 776 2836 sed
794 2792 862 2850 eos,
892 2773 949 2857 qui
966 2794 1027 2859 opp
1051 2800 1087 2849 :¹¹
1114 2779 1120 2864 J

133 2867 196 2930 rint
211 2864 366 2944 Clusium,
384 2889 448 2932 non
465 2867 564 2933 fuisse
583 2868 637 2952 qui
653 2867 747 2954 primi
759 2865 861 2953 Alpes
884 2868 1063 2942 transierint,

134 2969 265 3026 constat.
305 2961 448 3028 ducentis
471 2963 587 3048 quippe
610 2963 699 3028 annis
723 2972 795 3027 ante
822 2985 919 3046 quam
944 2961 1078 3028 Clusium
1096 2986 1113 3039 ι.,

133 3066 309 3142 pugnarent
330 3056 503 3141 urbemque
524 3057 660 3123 Romam
688 3067 848 3143 caperent,
879 3057 914 3122 in
934 3057 1053 3123 Italiam
1102 3087 1103 3091 ¹

101 3153 407 3230 etranscenderunt3
437 3174 497 3217 nec
523 3175 604 3216 cum·
621 3152 671 3217 his
697 3152 834 3238 primum
862 3151 1072 3225 Etruscorum,
1093 3185 1104 3197 ι

133 3247 233 3313 multo
251 3256 324 3312 ante
342 3270 415 3312 oum
432 3247 485 3325 iis,
512 3247 567 3331 qui
589 3246 671 3313 inter
687 3246 916 3332 Appenninum
933 3232 1117 3334 Alpesque
1137 3307 1139 3318 ζ

101 3365 115 3411 ι
135 3342 288 3420 colebant,
308 3365 402 3428 saepe
420 3341 575 3408 exercitus
595 3339 709 3407 Gallici
726 3351 958 3428 pugnavenmt.
990 3341 1076 3407 Tua»
1138 3377 1146 3395 τ

134 3448 206 3502 ante
219 3437 399 3502 Romanum
416 3428 581 3523 imperium
599 3437 661 3502 late
679 3447 761 3501 terra
778 3436 920 3520 marique
938 3459 1014 3523 opes
1026 3456 1079 3521 pa¹¹

133 3532 213 3596 mari
231 3554 345 3617 supero
363 3531 540 3616 inferoque,
564 3531 679 3617 quibus
697 3531 790 3596 Italia
811 3530 934 3596 insulae
955 3530 1046 3597 modo
1064 3553 1111 3616 ιι,

133 3634 194 3704 tur,
213 3636 365 3710 quantum
382 3627 548 3712 potuerint,
568 3626 695 3691 nomina
714 3635 787 3690 suut
804 3635 1001 3712 argumento,
1017 3610 1112 3723 ᾳιοᾶ.
1143 3594 1158 3637 ⁵

69 3796 72 3803 Ι
134 3729 236 3786 terum
254 3721 405 3800 Tuscum,
425 3722 584 3787 communi
601 3722 754 3787 vocabulo
772 3722 891 3808 gentis,
910 3721 1038 3788 alterum
1051 3712 1095 3781 A¹¹
1155 3716 1158 3721 ’

134 3815 232 3881 ticum
249 3839 335 3880 mare
353 3816 393 3882 ab
411 3815 504 3881 Atria
521 3816 699 3882 Tuscorum
722 3815 845 3881 colonia
866 3836 1018 3882 vocavere
1033 3810 1066 3876 Ιι
1079 3836 1096 3860 ι·
1140 3856 1158 3897 3,

100 3928 116 3978 8
135 3921 261 3998 gentes3
282 3907 397 3976 Graeci
406 3911 516 3976 eadem
526 3910 724 3997 Tyrrhenum
734 3910 1094 3995 atqueAdriaticumv
1106 3905 1114 3998 Λἶ
1140 3904 1158 3919 “

101 4024 116 4075 9
135 4015 166 4070 et
182 4005 217 4071 in
233 4014 402 4090 utrumque
415 4027 501 4071 mare
516 4021 681 4093 vergentes
694 4005 853 4071 incoluere
866 4004 997 4071 urbibus
1010 3993 1091 4067 duod
1116 4039 1117 4042 =
1152 4096 1158 4105 1
