2566 4524
208 235 275 305 434
428 245 547 304 uranu
563 247 649 319 vm,
667 246 710 303 34.
724 244 767 303 35.
786 249 861 317 [au.
872 245 1015 319 craece]

210 407 340 478 fecisse:
366 429 450 473 nunc
470 415 577 494 patres
595 426 701 472 comes
720 413 752 471 et
769 425 860 470 senes
879 403 991 471 faciles
1009 405 1051 472 de
1068 404 1165 473 alieno
1181 407 1224 473 im-

209 501 298 592 perio
324 511 444 589 spreto,
472 510 634 586 tamquam
658 500 706 566 rei
731 520 863 586 parvae,
890 498 1077 586 disciplinae
1103 500 1225 568 militaris

175 620 340 670 teversae
362 595 518 663 iuventuti
538 595 672 685 gratiam
693 595 807 663 facere.
844 617 879 661 se
901 603 1010 663 tamen
1034 605 1227 685 perstaturum

210 693 244 760 in
261 693 387 779 incepto
404 712 464 756 nec
477 689 515 768 ei,
529 689 586 775 qui
602 690 754 757 adversus
772 688 893 755 dictum
911 711 1006 757 suum
1025 690 1158 759 embada
1171 691 1228 761 reli·
1270 758 1273 767 ,

211 785 359 876 gionibus
377 807 415 851 ac
432 783 537 851 dubiis
556 784 704 872 auspiciis
722 795 907 873 pugnasset,
926 784 1100 872 quicquam
1112 787 1228 857 exinsta
1269 842 1273 875 3

177 912 194 962 5
210 905 314 970 poena
329 881 544 946 remissurum.
571 881 720 947 maiestas
733 880 856 967 imperii
867 889 1064 968 perpetuane
1077 892 1164 962 essct,
1175 905 1229 949 non
1269 902 1273 927 ²

177 999 193 1050 e
211 998 283 1044 esse
295 976 329 1042 in
342 999 400 1044 sua
412 985 581 1063 potestate:
594 975 637 1042 L.
646 974 810 1062 Papirium
822 975 901 1041 nihil
914 975 983 1042 eius
996 976 1227 1056 deminuturum

213 1082 335 1160 optare,
353 1093 394 1138 ne
411 1079 552 1158 potestas
570 1070 750 1150 tribunicia,
768 1070 919 1138 inviolata
934 1071 1021 1160 ipsa,
1040 1073 1137 1141 violet
1150 1073 1230 1139 inter·

212 1167 355 1235 cessione
374 1190 432 1234 sua
448 1165 629 1232 Romanum
649 1164 817 1252 imperium
838 1187 901 1232 neu
922 1166 1061 1254 populus
1084 1167 1120 1235 in
1139 1189 1170 1235 se
1184 1189 1230 1253 po·

178 1274 193 1322 r
214 1263 373 1329 tissimum
395 1261 579 1327 dictatorem
597 1259 695 1325 etius
714 1259 886 1327 dictaturae
904 1261 1081 1349 extinguat.
1117 1259 1230 1349 quodsi

211 1356 354 1434 fecisset,
373 1378 438 1421 non
454 1356 496 1420 L.
516 1353 692 1440 Papirium,
712 1355 770 1420 sed
787 1353 944 1434 tribunos,
963 1357 1023 1422 sed
1038 1378 1170 1443 pravum
1183 1377 1230 1442 pe

211 1450 279 1538 puli
291 1450 443 1517 iudicium
455 1449 646 1534 nequiquam
659 1458 803 1534 posteros
817 1459 1029 1529 recusaturos,
1040 1472 1116 1521 cum
1127 1449 1230 1539 pollata

212 1544 311 1610 semel
328 1543 455 1609 militari
471 1543 638 1630 disciplina
658 1565 722 1609 non
744 1543 835 1610 miles
857 1544 1065 1624 centurionis,
1089 1567 1153 1613 non
1172 1565 1231 1611 cen·

211 1637 293 1704 turio
315 1637 445 1717 tribuni,
473 1660 537 1704 non
558 1636 702 1704 tribunus
724 1637 835 1726 legati,
861 1662 925 1706 non
945 1639 1073 1729 legatus
1096 1638 1229 1717 ansulis,

176 1749 194 1801 s
211 1755 277 1799 non
293 1732 445 1822 magister
462 1733 603 1819 equitum
620 1731 780 1801 dictatoris
797 1745 906 1821 pareat
922 1734 1068 1822 imperio,
1081 1758 1173 1807 nemo
1186 1734 1230 1801 bo·

211 1827 347 1907 minuam
375 1850 468 1894 nemo
495 1827 626 1893 deorum
653 1827 876 1895 verecundiam
901 1827 1032 1908 babeat,
1053 1852 1123 1897 non
1146 1829 1230 1897 edicta

178 1921 449 2008 simperatorum,
472 1944 536 1987 non
561 1920 704 2008 auspicia
729 1922 948 2002 observentur,
971 1923 1042 1990 sine
1069 1931 1230 1993 commedn

211 2015 287 2102 vagi
308 2014 423 2082 milites
446 2014 480 2080 in
495 2025 624 2101 pacato,
647 2017 681 2082 in
702 2017 825 2084 hostica
844 2026 960 2097 errent,
982 2018 1173 2087 inmemores
1191 2041 1231 2087 sa·

213 2109 363 2176 crementi
380 2109 506 2176 licentia
524 2109 591 2176 sola
609 2133 643 2177 se
656 2110 712 2177 ubi
724 2111 821 2178 velint
838 2122 1052 2193 exauctorent,
1067 2114 1231 2201 infrequen-

162 2224 194 2274 10
214 2205 258 2271 tia
279 2204 465 2272 deserantur
490 2204 583 2292 signa
603 2226 706 2291 neque
729 2206 933 2274 conveniatur
953 2208 996 2274 ad
1021 2209 1163 2289 edictum
1184 2226 1230 2274 aar

212 2298 416 2378 discernatur,
430 2299 567 2365 interdiu
580 2308 681 2379 nocte,
696 2322 796 2385 aequa
808 2301 916 2386 iniquo
929 2300 1011 2382 loco,
1020 2301 1116 2373 iussu
1127 2303 1232 2371 iniussu

210 2394 407 2481 imperatoris
429 2404 585 2482 pugnent,
609 2403 640 2460 et
661 2417 725 2461 non
747 2396 852 2483 signa,
873 2420 938 2464 non
960 2397 1091 2466 ordines
1115 2407 1229 2474 serven,

210 2489 364 2557 latrocinii
385 2489 480 2556 modo
503 2510 598 2556 caeca
619 2497 651 2555 et
672 2489 800 2556 fortuita
821 2513 878 2578 pro
901 2490 1048 2558 sollemni
1072 2503 1106 2560 et
1128 2500 1231 2562 sacrata

161 2605 191 2653 11
211 2585 323 2651 militia
341 2584 446 2650 sit—2
464 2584 578 2650 horum
597 2583 761 2650 criminum
778 2607 836 2652 vos
854 2607 925 2654 reos
941 2586 975 2652 in
994 2589 1107 2657 omnia
1124 2584 1230 2657 saecula

211 2679 336 2758 offerte,
360 2677 477 2744 tribuni
497 2678 598 2764 plebi,
620 2687 726 2745 vestra
748 2678 885 2746 obnoxia
910 2680 1016 2768 capita
1041 2705 1104 2769 pro
1124 2679 1231 2751 licentis

213 2771 255 2857 Q.
270 2772 355 2840 Fabi
372 2771 496 2838 abicite.

177 2879 190 2927 1
270 2863 424 2931 XXXV.
445 2863 616 2953 Stupentes
635 2868 776 2935 tribunos
791 2879 822 2935 et
836 2893 926 2936 suam
942 2870 1009 2937 iam
1022 2871 1131 2941 vicem
1147 2869 1229 2959 mugit
1270 2870 1273 2875 ¹

210 2960 322 3027 anxios
340 2981 437 3046 quam
455 2961 533 3041 eius,
553 2963 604 3029 cui
622 2963 775 3030 auxilium
792 2963 833 3031 ab
851 2987 886 3031 se
903 2964 1086 3051 petebatur,
1105 2963 1229 3037 liberarit

211 3078 305 3124 onere
319 3078 493 3125 consensus
512 3057 621 3145 populi
629 3058 766 3125 Romani
779 3060 820 3126 ad
832 3080 942 3147 preces
956 3071 989 3127 et
1003 3060 1229 3132 obtestationem

209 3175 332 3231 versus,
350 3162 386 3218 ut
404 3150 465 3219 sibi
480 3175 617 3240 poenam
634 3153 778 3242 magistri
796 3154 938 3239 equitum
955 3154 1098 3225 dictator
1114 3156 1229 3226 remitte·
1270 3182 1273 3193 ·

176 3257 265 3318 eret.
302 3246 420 3314 tribuni
436 3268 576 3333 quoque,
599 3247 781 3315 inclinatam
803 3271 870 3316 rem
887 3248 921 3314 in
941 3271 1058 3336 preces
1078 3247 1228 3323 subrent

209 3364 298 3409 orare
316 3342 500 3409 dictatorem
517 3342 680 3420 insistunt,
704 3352 739 3408 ut
755 3343 881 3409 veniam
899 3344 998 3410 errori
1019 3344 1176 3426 humano,
1190 3363 1229 3409 rc·

208 3436 295 3501 niam
317 3436 550 3503 adulescentiae
568 3434 609 3521 Q.
627 3436 722 3504 Fabii
744 3437 846 3504 darete
875 3438 952 3504 satis
975 3461 1052 3507 eum
1077 3458 1228 3530 poenarum

176 3529 344 3606 adedisse.
380 3530 445 3597 iam
461 3531 531 3618 ipse
548 3530 749 3612 adulescens,
771 3532 837 3599 iam
856 3541 947 3619 pater
962 3531 1015 3601 M.
1033 3535 1159 3605 Fabius
1173 3554 1229 3603 oon·

209 3625 356 3693 tertianis
379 3625 468 3693 obliti
492 3625 699 3714 procumbere
720 3626 763 3705 ad
787 3649 893 3716 genua
918 3636 951 3695 et
976 3628 1062 3699 iram
1089 3622 1226 3720 depressi

174 3745 192 3795 4
209 3719 379 3787 dictatoris.
407 3729 475 3787 tum
488 3721 621 3791 dictatu
635 3720 758 3791 silentio
776 3722 876 3789 factor
895 3720 994 3799 ‘bene
1010 3724 1133 3806 babet’
1148 3718 1227 3807 irad
1269 3792 1273 3809 ,

210 3814 380 3900 ‘Quiritesr
399 3815 474 3882 vicit
492 3816 659 3904 disciplina
676 3816 828 3897 militaris,
847 3816 925 3883 vicit
940 3817 1072 3907 imperii
1089 3821 1225 3889 metesa

210 3932 291 3996 quae
308 3910 342 3977 in
359 3911 539 3978 discrimine
557 3911 685 3979 fuerunt
702 3936 743 3979 an
760 3911 825 3981 ulla
842 3921 915 4000 post
932 3911 1018 3981 hanc
1032 3914 1121 3983 diem
1132 3916 1225 3981 essed
1268 3914 1273 3929 ⁴

175 4023 273 4073 cnon
289 4028 392 4074 noxae
410 4006 557 4073 eximitur
574 4005 620 4091 Q.
639 4007 769 4088 Fabius,
787 4007 843 4093 qui
861 4017 972 4076 contra
990 4009 1133 4079 edictum
1148 4009 1224 4093 imp*
1266 4054 1273 4119 ὲ
