2566 4524
348 242 635 314 aroannam.
653 243 807 315 [acano]
1027 234 1093 300 273

77 401 198 467 ostium
220 422 306 478 esse,
328 399 362 465 in
378 422 485 466 muros
502 423 560 486 pro
578 423 613 467 se
631 402 765 487 quisque
782 403 894 468 armati
911 404 1090 471 discurrunt

77 495 223 572 obantes,
242 495 392 579 quidnam
409 494 443 558 id
461 506 557 573 esset,
576 497 676 579 quod,
695 519 767 561 cum
785 506 831 563 tot
846 519 904 585 per
916 499 983 564 dies
996 522 1090 566 nemo
1108 522 1123 570 a

77 611 93 654 e
109 588 150 654 ab
171 588 358 655 stationibus
376 588 540 653 Romanus
557 591 722 669 movisset,
741 600 808 656 tum
825 592 912 657 velut
927 595 1090 680 repentino

77 683 111 748 ati
127 682 237 747 tinore
254 683 410 769 inprovidi
428 695 586 749 currerent
603 685 644 750 ad
661 707 778 751 muros.

120 777 278 842 inseritur
294 778 368 843 huic
384 777 454 844 loco
472 777 594 846 fabula:
620 779 800 844 immolante
817 803 892 867 rege
909 780 1091 848 Veientium
1108 802 1125 852 8

77 893 169 936 ocem
187 871 363 957 haruspicis
382 872 527 950 dicentis,
546 873 601 956 qui
614 873 681 939 eius
695 874 816 940 hostiae
830 886 903 940 exta
915 878 1091 962 prosecuis-

77 977 119 1044 et,
138 965 169 1031 ei
187 966 351 1031 victoriam
369 966 450 1044 dari,
470 968 649 1033 exauditam
666 967 699 1031 in
717 969 861 1034 cuniculo
874 972 1011 1037 movisse
1025 972 1091 1038 Ro-

77 1082 170 1126 ranos
193 1060 323 1138 milites,
350 1071 385 1124 ut
407 1062 556 1147 adaperto
578 1061 723 1126 cuniculo
745 1073 818 1128 exta
839 1075 984 1149 raperent
1002 1075 1033 1129 et
1050 1067 1091 1130 ad

77 1155 245 1219 ictatorem
266 1154 393 1219 ferrent.
430 1156 487 1220 sed
503 1156 537 1219 in
553 1154 648 1220 rebus
666 1166 731 1220 tam
748 1157 884 1241 antiquis
904 1159 931 1222 si
949 1180 1029 1242 quae
1048 1159 1090 1223 si·
1108 1179 1123 1227 9

77 1249 144 1313 iilia
161 1249 230 1312 veri
248 1249 311 1312 sint
327 1271 385 1334 pro
406 1250 488 1314 veris
511 1250 716 1336 accipiantur,
740 1252 815 1316 satis
837 1251 985 1317 habeam:
1012 1253 1091 1319 haec

77 1343 98 1408 d
112 1342 356 1407 ostentationem
370 1366 501 1409 scaenae
514 1345 680 1431 gaudentis
695 1345 852 1412 miraculis
867 1347 987 1432 aptiora
995 1369 1091 1430 quam

77 1438 99 1501 d
111 1437 209 1501 fidem
222 1458 324 1520 neque
333 1437 496 1502 adfirmare
506 1460 607 1522 neque
616 1438 758 1503 refellere
767 1461 880 1524 operae
888 1440 1023 1525 pretium
1032 1450 1090 1505 est.

127 1529 301 1597 Cuniculus
320 1531 449 1597 delectis
466 1532 616 1597 militibus
636 1556 673 1597 eo
688 1543 826 1619 tempore
840 1534 952 1619 plenus
966 1534 999 1598 in
1012 1534 1090 1599 aede
1111 1554 1142 1603 ιο

77 1626 205 1703 unonis,
224 1648 306 1709 quae
318 1625 536 1692 inVeientana
549 1649 621 1692 arce
635 1636 715 1705 erat,
735 1639 869 1693 armatos
884 1640 1011 1715 repente
1026 1630 1092 1694 edi-
1194 1696 1197 1703 ,

77 1722 112 1787 it.
141 1732 173 1785 et
186 1743 260 1806 pars
274 1743 401 1786 aversos
415 1721 448 1786 in
460 1723 557 1786 muris
572 1722 724 1787 invadunt
737 1722 853 1800 hostea
867 1745 940 1808 pars
955 1723 1092 1789 claustra

77 1824 220 1880 ortanum
237 1815 404 1893 revellunt,
422 1838 510 1901 pars,
530 1839 602 1881 cum
620 1839 660 1880 ex
674 1817 764 1881 tectis
779 1840 857 1881 saxa
870 1816 1056 1903 tegulaeque
1071 1841 1091 1881 a

77 1909 244 1974 nolieribus
263 1931 301 1974 ao
319 1910 452 1975 servitiis
470 1911 657 1989 iacerentur,
679 1911 818 1977 inferunt
835 1911 935 1997 ignes.
972 1911 1090 1976 clamor
1109 1933 1139 1981 11

77 2007 166 2071 »mnia
185 2006 281 2070 variis
299 2006 481 2071 terrentium
498 2028 536 2072 ao
552 2007 735 2093 paventium
752 2006 882 2072 vocibus
901 2007 999 2072 mixto
1021 2031 1091 2072 mu-

77 2103 172 2173 leram
195 2123 233 2166 ac
254 2123 421 2186 puerorum
444 2101 566 2187 ploratu
584 2102 727 2187 complet.
764 2112 923 2167 momento
940 2103 1089 2188 temporis
1110 2123 1141 2170 12

77 2196 190 2261 eiectis
208 2218 248 2260 ex
266 2218 355 2260 muro
373 2196 511 2279 undique
525 2197 651 2261 armatis
665 2197 892 2283 patefactisque
906 2198 1004 2283 portis
1019 2221 1091 2262 curn
1229 2202 1231 2206 '

76 2288 111 2355 lii
124 2292 253 2378 agmine
266 2291 437 2369 inruerent,
457 2291 510 2356 alii
522 2292 662 2357 desertos
676 2292 860 2357 scanderent
875 2315 995 2370 muros,
1014 2292 1090 2357 urbs

77 2386 204 2450 nostibus
222 2386 372 2470 inpletur,
395 2385 541 2450 omnibus
559 2384 636 2450 locis
655 2395 821 2472 pugnatur.
862 2386 974 2451 deinde
992 2386 1091 2450 multa
1110 2407 1141 2455 13

77 2503 121 2545 am
140 2480 226 2545 edita
245 2481 340 2545 caede
359 2481 494 2544 senescit
510 2503 618 2567 pugna
636 2495 666 2544 et
683 2481 814 2545 dictator
831 2503 1000 2566 praecones
1025 2481 1091 2544 edi-

77 2597 131 2641 nre
142 2574 242 2653 iubet,
261 2586 297 2639 ut
310 2574 350 2640 ab
363 2574 475 2639 inermi
489 2574 691 2641 abstineatur.
717 2576 745 2639 is
759 2575 830 2640 finis
845 2575 1006 2662 sanguinis
1020 2575 1089 2641 fuit.

77 2668 132 2733 ledi
152 2670 228 2733 inde
251 2669 386 2734 inermes
409 2669 512 2755 coepti
533 2680 565 2733 et
587 2670 628 2734 ad
649 2671 797 2756 praedam
819 2670 909 2734 miles
934 2669 1143 2755 permissum

77 2764 219 2829 lictatoris
234 2764 388 2829 discurrit.
417 2786 583 2847 quaecum
595 2775 668 2828 ante
685 2765 793 2829 oculos
812 2765 879 2831 eius
897 2764 1091 2848 aliquantum

77 2879 117 2943 ‚pc
135 2870 230 2942 atque
249 2858 395 2944 opinione
414 2859 513 2923 maior
524 2858 714 2942 maiorisque
727 2860 819 2945 pretii
831 2882 935 2925 rerum
948 2858 1091 2937 ferretur,

77 2952 174 3023 licitur
190 2976 303 3017 manus
322 2953 364 3016 ad
381 2953 503 3020 caelum
520 2955 632 3019 tollens
650 2966 794 3040 precatus
818 2977 901 3033 esse,
924 2964 973 3032 ut,
996 2954 1093 3020 sicui
1112 2971 1143 3020 15

77 3045 190 3111 leorum
208 3047 434 3132 hominumque
452 3048 549 3113 nimia
567 3072 625 3114 sua
638 3049 764 3114 fortuna
777 3049 946 3135 populique
956 3049 1093 3112 Romani

77 3138 228 3218 videretur,
252 3154 288 3205 ut
310 3163 381 3206 eam
402 3142 553 3206 invidiam
574 3142 671 3207 lenire
694 3166 789 3227 quam
807 3143 936 3206 minimo
955 3164 1012 3205 suo
1030 3142 1092 3226 pri·
1177 3147 1181 3155 '

77 3244 138 3298 rato
152 3235 353 3301 incommodo
374 3235 563 3320 publicoque
584 3237 693 3322 populi
709 3235 844 3300 Romani
867 3236 983 3299 liceret.
1019 3254 1143 3301 con-16

77 3338 235 3394 rertentem
257 3352 292 3396 se
314 3330 395 3394 inter
416 3331 497 3396 hanc
519 3332 750 3396 venerationem
771 3331 902 3394 traditur
923 3329 1092 3396 memoriae

77 3424 243 3511 prolapsum
258 3426 424 3504 cecidisse3
442 3426 538 3509 idque
551 3449 644 3490 omen
657 3426 842 3511 pertinuisse
855 3436 966 3510 postea
978 3434 1094 3489 eventu

77 3536 131 3583 rem
147 3519 393 3586 coniectantibus
412 3521 516 3585 visum
534 3522 574 3585 ad
592 3521 823 3586 damnationem
841 3521 940 3606 ipsius
956 3517 1092 3597 Camilli,

77 3625 174 3697 raptae
195 3615 309 3680 deinde
331 3615 419 3681 urbis
436 3615 613 3693 Romanae,
641 3617 726 3699 quod
747 3627 819 3701 post
841 3638 958 3700 paucos
982 3614 1094 3679 accidit

77 3724 177 3787 annos,
195 3710 328 3777 cladem.
355 3725 450 3794 atque
462 3710 514 3774 ille
528 3710 596 3774 dies
610 3710 705 3773 caede
718 3710 856 3775 hostiurn
870 3733 907 3775 ac
920 3710 1092 3794 direptione
1112 3726 1142 3772 17

77 3799 152 3868 orbis
169 3805 426 3890 opulentissimae
444 3814 493 3869 est
510 3815 723 3889 consumptus.

131 3896 248 3964 XXII.
274 3899 409 3965 Postero
423 3900 474 3963 die
487 3899 585 3964 libera
603 3922 733 3984 corpora
751 3900 883 3964 dictator
901 3897 959 3963 sub
978 3915 1092 3958 corona
1111 3912 1124 3957 1

77 3991 214 4058 vendidit.
242 4017 280 4060 ea
293 3995 361 4060 sola
374 3995 508 4082 pecunia
525 3995 558 4060 in
574 3994 737 4080 publicum
753 3995 905 4080 redigitur
921 3988 1006 4054 haud
1023 3989 1091 4051 sine

123 4108 168 4154 aaa
180 4112 222 4157 aa
233 4112 252 4157 r.
887 4092 920 4144 18
