2566 4524
317 281 437 336 nmen
454 281 524 350 vn,
543 281 584 336 so.
599 281 640 336 21.
660 279 806 351 [aesca
819 281 883 352 352]
1060 272 1122 339 371

107 452 186 509 vetus
208 439 370 518 meritum,
398 448 432 503 ut
452 437 599 504 maleficii
621 461 716 523 quam
737 438 882 505 beneficii
902 440 1007 528 potius
1025 443 1124 509 iume-

105 555 199 603 nores
218 542 334 600 essent.
364 532 471 617 itaque
484 554 549 621 pax
560 534 678 620 populo
688 530 806 600 Caeriti
819 534 905 614 data,
923 535 1123 623 indutiasque
1219 590 1221 594 .

105 630 274 697 incentum
291 649 390 693 annos
409 626 508 693 factas
526 627 559 693 in
577 637 704 694 senatus
728 629 905 696 consultum
926 630 1036 696 referri
1057 633 1124 718 pla-

106 724 169 793 cuit
199 723 236 789 in
247 720 392 789 Faliscos
410 722 520 787 eodem
536 723 648 788 noxios
668 723 862 791 crimineris
880 724 955 790 belli
973 746 1125 793 conversa
1143 749 1158 798 s

107 829 158 900 est,
182 817 241 884 sed
254 816 366 883 hostes
383 838 541 902 nusquam
557 816 685 882 inventi.
722 840 794 884 cum
816 819 1017 906 populatione
1033 843 1125 908 pera.

108 914 178 1005 grati
198 912 280 978 fines
304 921 423 991 essent,
450 910 490 977 ab
508 912 742 998 oppugnatione
759 912 885 980 urbium
903 923 1124 1002 temperatum3

107 1006 339 1097 legionibusque
350 1004 636 1071 Romamreductis
664 1004 795 1071 relicum
827 1005 901 1072 anni
917 1008 1015 1074 muris
1034 1009 1125 1073 turri-

108 1099 221 1187 busque
247 1098 424 1166 reficiendis
452 1109 672 1187 consumptum
693 1109 725 1166 et
747 1101 834 1167 aedis
856 1100 1015 1188 Apollinis
1037 1102 1125 1168 dedi-

111 1206 169 1263 tata
185 1204 243 1262 est.

162 1288 264 1356 XXI.
307 1287 463 1354 Extremo
494 1311 577 1354 anno
608 1289 734 1355 comitia
764 1289 940 1356 consudaria
966 1296 1157 1355 certamem

110 1394 222 1472 patrum
249 1405 287 1448 ao
312 1382 416 1470 plebis
441 1382 578 1461 diremit,
605 1381 738 1449 tribunis
760 1383 948 1472 negantibus
973 1406 1124 1470 passuros

112 1478 225 1545 comitia
241 1473 364 1555 haberi,
387 1476 420 1541 ni
439 1476 612 1542 secundm
628 1477 787 1543 Liciniam
804 1478 909 1567 legem
925 1478 1123 1557 haberentur,

112 1568 249 1638 dictatore
271 1571 428 1659 obstinato
451 1570 559 1637 tollere
580 1573 684 1658 potius
703 1582 803 1639 totum
821 1573 1033 1660 erepublica
1051 1595 1126 1639 con-

113 1666 236 1732 sulatum
254 1687 349 1750 quam
366 1664 558 1753 promiscum
575 1666 716 1752 patribus
739 1689 776 1732 ac
796 1665 882 1755 plebi
904 1667 1017 1734 facere.
1052 1684 1157 1753 pro-2

110 1757 232 1828 latandis
258 1760 355 1848 igitur
380 1759 513 1826 comitiis
540 1782 613 1826 cum
635 1760 766 1827 dictator
787 1762 973 1849 magistratu
994 1760 1123 1839 abisset,

109 1876 150 1922 tes
167 1857 207 1922 sd
222 1855 437 1942 interregnum
454 1854 554 1919 rediit.
585 1855 734 1922 infestam
750 1855 823 1921 inde
840 1856 982 1942 patribus
998 1854 1125 1942 plebem
1151 1877 1157 1889 ¹

109 1947 270 2038 interreges
289 1972 361 2015 cum
379 1949 587 2036 accepissent,
607 1950 647 2016 sd
661 1950 861 2016 undecimum
873 1951 1062 2037 interregem
1076 1971 1125 2015 se·

110 2043 268 2110 ditionibus
288 2052 440 2109 certatum
457 2051 514 2108 est.
541 2043 621 2130 legis
629 2043 773 2110 Liciniae
785 2044 994 2133 patrocinium
1006 2043 1157 2111 tribunis

108 2136 269 2219 iactabant3
289 2137 418 2224 propior
434 2135 523 2204 dolor
538 2137 624 2224 plebi
641 2138 778 2204 faenoris
793 2138 1040 2226 ingravescentis
1058 2147 1125 2204 crat

108 2253 254 2318 curaeque
274 2233 415 2319 priuatae
441 2232 474 2297 in
500 2231 721 2297 certaminibus
746 2231 881 2318 publicis
909 2232 1123 2318 erumpebant.

108 2348 232 2415 quorum
249 2327 353 2393 taedio
370 2336 475 2413 patres
488 2326 530 2392 L.
540 2324 723 2391 Oomelinm
739 2324 919 2412 Scipionem
936 2326 1125 2411 interregem
1143 2344 1159 2392 4

107 2421 283 2489 concordiae
302 2443 398 2487 causa
415 2420 582 2487 observare
599 2417 703 2507 legem
720 2419 879 2485 Liciniam
897 2419 1032 2486 comitiis
1050 2440 1124 2483 con-

107 2514 255 2584 sularibus
275 2517 406 2582 iussere.
450 2513 488 2580 P.
511 2513 640 2580 Valerio
660 2513 843 2580 Publicolae
869 2513 961 2579 datus
988 2535 1006 2579 e
1031 2511 1124 2599 plebe
1179 2534 1183 2541 ·

105 2610 218 2700 codega
232 2608 271 2677 C.
280 2608 423 2676 Marcius
436 2607 572 2676 Rutilus.
599 2607 755 2674 inclinatis
770 2608 867 2674 semel
879 2609 913 2674 in
925 2607 1124 2674 concordium
1142 2624 1157 2672 5

103 2704 209 2771 animis
222 2704 297 2771 novi
309 2704 453 2770 consules
463 2703 644 2771 faenebrem
653 2726 777 2791 quoque
790 2725 867 2784 rem,
882 2725 962 2790 quae
975 2701 1124 2769 distinere
1167 2726 1169 2732 ·

100 2800 262 2867 unanimos
277 2796 451 2877 videbatur,
464 2797 568 2864 levare
582 2799 725 2889 adgressi
737 2798 923 2865 solutionem
936 2796 1031 2864 alieni
1043 2796 1124 2862 aeris

98 2891 311 2982 inpubh'cam
333 2914 441 2958 curam
466 2903 626 2959 verterunt
651 2893 864 2979 quinqueviris
891 2892 1016 2971 creatis,
1043 2912 1124 2976 quos

97 2988 270 3057 mensarios
284 2986 329 3055 ab
347 2986 580 3075 dispensatione
597 2989 750 3075 pecuniae
772 2987 976 3074 appellarunt.
1021 2986 1124 3051 meriti
1142 3003 1157 3051 c

98 3084 253 3170 aequitate
276 3104 413 3168 curaque
436 3092 522 3162 sunt,
549 3092 584 3148 ut
604 3106 662 3171 per
679 3082 819 3149 omnium
837 3082 996 3147 annalium
1012 3103 1124 3145 monu-

96 3187 203 3245 menta
214 3174 354 3246 celebres
367 3177 548 3244 nominibus
562 3187 676 3244 essent.
699 3175 787 3242 fuere
801 3184 906 3242 autem
917 3173 954 3240 O.
964 3173 1122 3250 Duellius,

95 3270 133 3340 P.
145 3268 269 3340 Decius
281 3269 375 3352 Mus,
393 3271 441 3337 M.
455 3270 616 3359 Papirius,
636 3271 676 3356 Q.
690 3270 846 3337 Publilius
861 3279 892 3335 et
905 3269 944 3334 Τ.
955 3267 1122 3346 Aemilius,

95 3368 149 3454 qui
168 3386 240 3434 rem
257 3364 475 3434 difficillimam
492 3376 625 3432 tractatu
643 3376 674 3444 et
690 3366 874 3454 plerumque
891 3363 972 3450 parti
988 3363 1122 3447 utrique,
1141 3378 1156 3424 ⁷

94 3482 222 3550 semper
238 3471 321 3528 certe
339 3461 428 3528 alteri
444 3483 575 3549 gravem
593 3482 665 3527 cum
683 3459 744 3525 alia
761 3458 973 3525 moderatione
991 3468 1058 3523 tum
1075 3458 1123 3522 in-

93 3558 211 3647 pendio
232 3556 337 3645 magis
356 3555 486 3644 publico
507 3577 604 3641 quam
625 3555 745 3621 iactura
767 3555 989 3620 smtinuerunt.
1033 3553 1122 3619 tarda
1140 3564 1155 3612 s

95 3650 178 3720 eadm
190 3650 320 3721 nomina
329 3650 552 3740 etinpeditiora
560 3650 671 3716 inertia
679 3648 854 3717 debitorum
864 3671 958 3734 quam
966 3646 1124 3714 facultati-

94 3742 155 3813 bns
170 3755 230 3814 unt
240 3745 399 3813 aerarium
413 3746 530 3812 mensis
545 3766 618 3812 cum
632 3766 703 3811 aere
715 3744 750 3809 in
761 3742 832 3808 foro
844 3743 954 3830 positis
969 3742 1128 3819 dissolvit,-

96 3840 261 3929 utpopulo
273 3839 361 3928 prius
375 3849 545 3920 caveretru,
564 3849 619 3906 aut
631 3837 805 3905 aestimatio
818 3838 927 3922 aequis
940 3858 1043 3902 rerum
1053 3856 1123 3921 pre-

98 3932 149 4001 tiis
159 3934 316 4015 liberavit,
329 3944 366 4002 ut
378 3956 442 4012 non
454 3934 547 4002 modo
562 3935 629 4002 siue
636 3935 758 4012 iniuria,
774 3933 932 3999 sedetiam
943 3928 1123 4014 sinequeri·

93 4028 209 4097 'uanis
219 4028 321 4123 partis
333 4030 496 4118 utriusque
509 4028 662 4098 eihausta
674 4030 722 4096 vis
735 4030 847 4115 iugens
861 4027 942 4094 aeris
959 4022 1053 4090 alieni
1070 4022 1119 4089 sit.

900 4124 953 4179 24·
