2566 4524
137 274 201 340 202
407 285 522 339 ursas
540 285 612 355 1111,
626 286 650 340 0.
664 286 689 339 a.
709 289 747 353 [a.
757 304 784 340 u.
796 303 820 340 0.
830 287 894 356 311]

100 467 114 514 1
197 443 290 509 VHI.
327 443 424 508 Hunc
442 466 573 521 annum,
603 466 660 508 seu
677 443 819 509 tribunos
841 444 937 511 modo
960 468 1019 511 seu
1036 445 1154 512 tribunis·

134 539 284 605 suffectos
312 538 457 603 consules
485 561 609 622 quoque
635 538 759 616 habuit,
787 539 929 623 sequitur
955 548 1057 607 antius
1083 542 1152 607 haud

133 634 236 699 dubiis
251 631 433 698 consulibus
442 631 489 696 M.
498 630 641 718 Geganio
652 632 815 698 Macerino
830 634 952 713 iterum,
973 635 1013 699 Τ.
1020 635 1151 718 Quinctio

98 748 114 797 2
134 727 312 814 Capitolino
331 728 474 811 quintum
493 727 630 792 consule.
658 729 742 792 idem
761 728 812 793 hic
830 752 932 794 annus
951 752 1103 797 censurae
1116 732 1153 796 iu·

131 823 223 887 itium
240 821 310 900 fuit,
328 822 374 886 rei
392 846 411 886 a
428 845 526 908 parva
544 821 663 908 origine
681 833 776 900 ortae,
796 845 877 906 quae
895 824 1010 889 deinde
1023 826 1153 891 tantoin-

133 926 291 982 cremento
317 926 410 981 aucta
435 927 497 994 est,
525 927 560 981 ut
586 941 710 982 morum
736 918 984 1003 disciplinaeque
1006 919 1155 986 Romanae

131 1033 229 1096 penes
244 1033 314 1075 eam
326 1010 477 1098 regimen,
498 1024 624 1076 senatus
640 1012 842 1095 equitumque
857 1013 1027 1092 centuriae,
1048 1014 1154 1081 decoris

133 1105 357 1190 dedecorisque
376 1107 544 1171 discrimen
563 1107 622 1172 sub
642 1107 764 1171 dicione
783 1107 850 1170 eius
869 1107 1089 1194 magistratus,
1109 1132 1156 1197 pu·

131 1199 285 1267 blicorum
303 1201 352 1265 1110
371 1201 626 1287 privatorumque
643 1201 783 1265 locorum
801 1201 969 1288 vectigalia
981 1205 1092 1289 populi
1103 1205 1156 1269 Ro-

98 1317 114 1365 3
132 1296 218 1361 mani
231 1296 290 1362 sub
299 1307 378 1360 nutu
392 1304 485 1379 atque
499 1295 626 1360 arbitrio
641 1305 756 1360 essent.
779 1306 882 1360 ortum
895 1308 1003 1362 autem
1016 1298 1157 1364 initiumst

130 1391 191 1469 rei,
231 1391 317 1475 quod
342 1391 376 1454 in
401 1391 518 1477 populo
544 1413 601 1476 per
631 1390 747 1454 multos
778 1413 877 1456 annos
908 1391 1040 1458 incenso
1067 1412 1156 1477 neque

133 1485 251 1549 differri
273 1507 386 1549 census
408 1492 531 1568 poterat
552 1506 655 1568 neque
678 1483 875 1561 consulibua,
903 1507 978 1550 curn
1000 1497 1048 1552 tot
1069 1509 1155 1574 popu·

131 1579 233 1643 lorum
254 1578 337 1644 bella
358 1579 570 1656 imminerent,
599 1601 712 1665 operae
735 1590 801 1643 erat
821 1579 855 1643 id
877 1581 1042 1666 negotium
1065 1604 1152 1670 agere

98 1693 115 1739 4
134 1673 250 1738 mentio
272 1673 368 1738 inlata
390 1674 431 1738 ad
454 1683 598 1738 senatum
617 1683 678 1751 est,
704 1696 773 1738 rem
795 1696 961 1759 operosam
980 1699 1019 1741 ac
1041 1676 1152 1742 minime

132 1768 329 1833 consularem
347 1791 404 1834 suo
422 1769 549 1854 proprio
572 1769 759 1854 magistratu
781 1791 888 1854 egere,
917 1770 970 1834 cui
993 1770 1152 1837 scribarum

116 1863 339 1928 ministerium
361 1865 584 1947 custodiaeque
608 1863 666 1947 (et)
689 1863 866 1928 tabularum
893 1885 983 1943 cura,
1013 1866 1064 1930 cui
1084 1863 1153 1931 arbi·

97 1977 114 2025 o
133 1956 226 2021 trium
244 1957 397 2022 formulae
416 1958 565 2021 censendi
579 1957 781 2023 subiceretur.
810 1967 841 2022 et
854 1968 960 2043 patres
974 1978 1152 2043 quamquam

131 2073 199 2116 rem
215 2073 356 2136 parvam,
376 2060 495 2129 tamen,
515 2074 578 2135 quo
596 2053 702 2138 plures
721 2052 842 2137 patricii
860 2054 1067 2140 magistratus
1083 2056 1151 2119 11111

131 2145 259 2232 publica
286 2156 405 2225 essent,
433 2146 508 2210 laeti
534 2169 697 2233 accepere,
724 2148 758 2211 id
784 2148 870 2231 quod
896 2150 1001 2215 evenit
1028 2151 1151 2215 futurm
1186 2216 1191 2233 ,

132 2240 226 2306 credo
245 2241 338 2306 etiam
355 2242 423 2319 rati,
443 2251 479 2306 ut
496 2266 571 2307 mox
589 2266 665 2328 opes
684 2265 803 2320 eorum,
822 2243 877 2326 qui
894 2258 1087 2329 praeessent,
1103 2240 1150 2330 ipsi
1179 2238 1191 2285 ‘⁴

97 2334 242 2404 thonori
263 2336 313 2401 ius
336 2337 595 2421 maiestatemque
617 2337 784 2401 adicerent.
826 2348 858 2400 et
879 2338 997 2403 tribuni
1023 2341 1057 2404 id
1082 2334 1151 2423 quod

132 2440 206 2496 tunc
224 2444 289 2496 erat
307 2433 409 2518 magis
427 2433 640 2497 necessarium
653 2454 749 2515 quam
764 2431 900 2517 speciosi
913 2434 1079 2500 ministerii
1094 2454 1150 2519 pro·
1179 2486 1183 2493 .

131 2527 324 2592 curationem
345 2527 517 2605 intuentes,
545 2549 585 2591 ne
606 2527 640 2589 in
656 2527 763 2613 parvis
786 2548 912 2609 quoque
933 2528 1031 2594 rebus
1049 2531 1150 2593 incom-

98 2622 224 2689 tmode
243 2622 491 2699 adversarentur,
510 2622 587 2686 haut
607 2644 681 2685 sane
699 2621 867 2686 tetendcre.
896 2644 969 2686 cum
988 2648 1008 2688 a
1024 2619 1150 2710 primori·

130 2713 191 2780 bus
211 2715 344 2779 civitatis
367 2725 489 2800 spretus
507 2715 607 2779 honor
624 2725 722 2792 00001,
745 2715 909 2800 Papirium
928 2714 1150 2804 Sempronium·

131 2830 206 2891 que,
235 2829 368 2890 quorum
386 2808 425 2873 de
444 2809 609 2873 consulatu
627 2809 842 2887 dubitabatur,
870 2821 961 2875 uteo
980 2814 1150 2900 magistratu

131 2922 243 2985 parum
261 2901 397 2965 solidum
415 2903 613 2968 consulatum
631 2904 806 2989 explerent,
835 2905 944 2968 censui
968 2909 1091 2992 agendo
1106 2926 1149 2992 po·

130 2996 224 3081 pulus
244 2996 402 3083 suffragiis
420 2999 580 3084 praefecit.
613 3021 758 3064 censores
778 2999 869 3064 abre
888 3001 1038 3085 appellati
1057 3011 1129 3068 sunt
1169 3018 1172 3023 ·

84 3102 111 3159 ‘1
195 3090 307 3157 VHH.
346 3092 436 3157 Dum
453 3093 532 3159 haec
550 3095 671 3159 Romae
693 3104 858 3180 geruntur,
882 3094 980 3181 legati
997 3096 1038 3162 ab
1058 3096 1149 3162 Ardet

130 3186 259 3253 veniunt
280 3211 337 3273 pro
360 3189 526 3253 veterrima
549 3190 696 3254 societate
722 3199 935 3271 renovatoque
961 3189 1091 3257 foedere
1112 3210 1148 3255 11·

96 3281 213 3348 2001111
230 3282 382 3346 auxilium
400 3306 497 3368 prope
516 3305 644 3347 eversae
666 3282 737 3347 urbi
759 3282 967 3367 inplorantes3
991 3284 1056 3349 frui
1077 3304 1148 3349 110111·

131 3395 193 3459 0110
214 3397 307 3460 pace,
336 3377 453 3462 optimo
476 3378 607 3442 consilio
630 3400 701 3442 cum
724 3378 841 3463 populo
860 3377 1007 3444 Romano
1031 3388 1146 3451 servate,

129 3491 188 3556 per
194 3469 341 3535 intestina
354 3494 441 3536 arma
454 3495 517 3537 non
531 3473 628 3537 licuit.
656 3494 790 3555 quorum
804 3494 918 3537 causae
932 3486 1029 3558 atque
1043 3474 1146 3539 initium

94 3585 112 3632 s
130 3564 262 3630 traditur
274 3587 315 3629 011
328 3568 495 3632 certamino
508 3568 680 3633 factionum
694 3585 807 3645 ortum,
826 3591 909 3652 quae
921 3568 1052 3634 fuerunt
1060 3574 1146 3634 011111-

130 3679 192 3743 0110
218 3658 361 3745 pluribus
385 3662 510 3747 populis
537 3663 638 3748 magis
666 3663 760 3727 exitio
787 3686 883 3747 quam
914 3662 999 3728 bella
1024 3676 1145 3735 externa,

84 3752 88 3789 ²
130 3775 226 3837 quam
244 3752 344 3819 fames
363 3756 502 3822 morbive
520 3780 663 3842 quaeque
682 3757 743 3821 alia
760 3758 793 3820 in
816 3759 911 3822 deum
928 3758 993 3823 iras
1011 3759 1095 3824 velut
1110 3750 1145 3819 111·

52 3886 60 3893 -
129 3846 207 3912 tima
223 3846 421 3932 publicorum
439 3851 594 3916 malorum
611 3863 746 3916 vertunt.

94 3962 113 4010 4
133 3956 136 3965 '
193 3941 357 4030 Virginem
374 3945 489 4031 plebeii
506 3946 629 4033 generis
649 3947 785 4010 maxime
803 3946 906 4011 forma
923 3957 1030 4012 notam
1042 3944 1144 4031 petiero

128 4035 273 4119 iuvenes,
297 4038 375 4105 alter
391 4040 506 4128 virgini
522 4064 638 4129 genere
655 4064 727 4128 par,
751 4041 906 4107 tutoribus
925 4040 1038 4121 fretus,
1056 4038 1142 4123 quiet
