2566 4524
144 240 209 308 290
413 252 530 307 LIBER
548 253 584 323 V,
603 252 645 307 39.
657 251 700 307 40.
720 255 795 322 [aaa
806 252 907 322 adda]

143 435 256 499 pavor,
276 419 444 497 postquam
460 410 568 476 hostes
587 411 698 476 adesse
716 411 895 476 nuntiatum
913 421 971 477 est.
1015 435 1085 479 mox
1097 413 1147 478 uln-

143 506 227 573 letus
246 517 418 590 cantusque
436 506 582 570 dissonos
600 505 789 592 vagantibus
812 506 896 570 circa
918 508 1044 572 moenia
1059 518 1148 572 turma·

112 624 127 672 a
145 603 202 667 tim
219 600 361 667 barbaris
379 599 557 664 audiebant.
599 622 691 664 omne
708 600 781 664 inde
800 610 925 686 tempus
945 624 1106 687 suspensos
1119 602 1148 665 its
1173 620 1175 625 ·

145 696 245 762 tenuit
262 695 383 759 animos
403 715 503 777 usque
521 694 563 759 ad
579 694 683 759 lucem
700 694 844 772 alteram,
871 703 908 759 ut
925 696 1090 761 identidem
1104 697 1147 760 ian

145 791 178 855 in
195 788 305 854 urbem
323 788 447 853 futurus
465 788 624 853 videretur
640 787 791 874 impetus:
813 789 915 874 primo
933 790 1147 875 adventuque

146 891 343 948 accesserant
365 882 406 946 ad
427 881 551 960 urbem,
580 904 746 947 mansuros
769 883 851 946 enim
874 883 915 947 ad
936 883 1046 949 Aliam
1065 885 1144 959 fnisse,

113 978 207 1046 rnisi
228 978 288 1042 hoe
314 976 436 1042 consilii
462 976 557 1054 foret3
584 977 696 1041 deinde
724 976 783 1042 sub
810 999 959 1042 occasum
986 979 1074 1057 solis,
1095 977 1146 1062 quia

145 1072 231 1137 haud
248 1072 380 1135 multum
398 1070 461 1135 diei
479 1081 652 1155 supererat,
680 1079 752 1134 ante
769 1081 893 1135 noctem
915 1071 977 1136 rati
1000 1095 1035 1137 se
1050 1073 1146 1137 invasu·

145 1190 197 1233 ros
203 1195 212 1245 3
236 1177 303 1231 tum
320 1167 353 1230 in
370 1177 495 1231 noctem
514 1166 644 1230 dilatum
662 1165 828 1230 consilium
846 1188 932 1244 esse,
951 1188 1015 1250 quo
1031 1168 1097 1254 plus
1110 1188 1146 1252 pe·

113 1262 230 1329 averia
252 1261 415 1338 inferrent3
441 1269 600 1346 postremo
623 1260 678 1323 lux
705 1260 960 1345 adpropinquans
988 1263 1146 1326 exanimare

146 1355 310 1439 timorique
323 1364 474 1441 perpetuo
487 1355 591 1439 ipsum
605 1354 722 1418 malum
736 1355 899 1419 continens
911 1354 982 1434 fuit,
1002 1379 1071 1420 cum
1083 1357 1148 1442 signa

146 1450 262 1513 infesta
278 1450 376 1534 portis
397 1458 469 1513 sunt
486 1448 592 1512 inlata.
619 1469 818 1532 nequaquam
836 1458 942 1513 tamen
960 1472 1000 1515 ea
1015 1461 1100 1515 nocte
1113 1469 1148 1513 ne·

146 1565 207 1626 que
225 1543 402 1626 insequenti
419 1543 469 1606 die
489 1543 598 1607 similis
616 1542 675 1620 illi,
699 1563 780 1625 quae
798 1543 839 1607 ad
857 1541 964 1607 Aliam
983 1553 1048 1609 tam
1063 1541 1147 1629 pavide

113 1656 127 1704 9
146 1636 284 1722 fugerat,
304 1637 414 1701 civitas
433 1636 502 1700 fuit.
546 1660 620 1701 nam
639 1658 711 1700 cum
729 1635 855 1700 defendi
873 1636 985 1702 urbem
1002 1661 1091 1724 posse
1106 1648 1147 1701 un

145 1753 243 1816 parva
260 1731 368 1795 relicta
385 1754 482 1795 manu
500 1753 573 1815 spes
591 1730 678 1795 nulla
695 1739 792 1808 esset,
811 1731 930 1816 placuit
946 1754 1021 1797 cum
1038 1728 1148 1816 coniugi·

146 1824 206 1890 bus
225 1847 262 1889 ac
283 1824 390 1888 liberis
412 1824 608 1889 iuventutem
631 1824 796 1890 militarem
820 1837 1013 1910 senatusque
1033 1822 1148 1892 robmin

97 1939 129 1986 ιο
148 1941 252 1983 arcem
279 1918 534 2003 Capitoliumque
565 1920 736 1983 concedere
768 1920 926 2003 armisque
958 1931 991 1985 et
1020 1922 1148 1986 frumento

148 2013 269 2077 conlato
292 2035 331 2076 ex
352 2013 421 2077 loco
443 2012 515 2076 inde
537 2014 657 2078 munito
680 2014 756 2079 deos
778 2014 986 2099 hominesque
1008 2027 1040 2081 et
1059 2016 1148 2080 Rona-

97 2128 223 2174 11num
240 2129 356 2171 nomen
378 2106 559 2185 defendere,
586 2108 746 2173 flaminem
768 2110 1013 2193 sacerdotesque
1029 2107 1147 2176 Vestales

148 2223 237 2265 sacra
258 2201 384 2286 publica
406 2226 425 2267 a
451 2202 560 2279 caede,
587 2201 627 2267 ab
653 2202 805 2268 incendiis
832 2204 942 2288 procul
968 2205 1089 2270 auferre
1108 2218 1147 2266 neo

147 2311 218 2360 ante
236 2297 338 2361 deseri
356 2297 474 2361 cultum
492 2319 599 2361 eorum
622 2320 716 2380 quam
739 2320 803 2362 non
824 2308 1028 2384 superessent
1049 2299 1098 2383 qui
1114 2315 1147 2360 eo·
1167 2324 1175 2361 -:

4 2404 10 2416 '
96 2407 128 2457 12
146 2390 253 2454 lerent.
296 2393 322 2457 si
341 2415 396 2456 arx
416 2391 683 2477 Capitoliumque,
708 2393 799 2457 sedes
818 2393 963 2471 deorum,
988 2395 1016 2459 si
1038 2403 1146 2462 senatus

148 2495 240 2571 caput
258 2486 375 2571 publici
393 2487 528 2563 consilii,
553 2486 580 2550 si
597 2486 739 2554 militaris
757 2487 903 2551 iuventus
923 2488 1106 2573 superfuerit
1117 2482 1147 2547 in·
1172 2534 1175 2553 .

147 2581 276 2644 minenti
293 2581 401 2645 ruinae
420 2582 504 2646 urb1s
510 2629 519 2658 ,
539 2580 741 2646 facilem1act
743 2604 831 2644 uram
849 2604 919 2646 esse
939 2584 1104 2658 seniorum,
1116 2596 1147 2642 rr
1172 2584 1175 2643 l

97 2694 128 2740 13
146 2673 237 2738 lictae
255 2677 288 2737 in
306 2675 436 2739 urbet
401 2699 422 2738 u
424 2676 508 2758 tique
526 2675 681 2759 periturae
700 2675 819 2739 turbae
854 2687 886 2742 et
903 2699 966 2760 quo
982 2678 1016 2741 id
1031 2675 1175 2775 aequiore

148 2769 251 2831 animo
269 2769 308 2830 de
326 2767 417 2852 plebe
436 2769 526 2832 multi
527 2769 602 2833 tudo
624 2769 732 2846 ferret,
761 2791 852 2834 senes
876 2770 1079 2856 triumphales
1098 2786 1175 2861 col·¹

148 2862 329 2944 stilaresque
352 2862 445 2925 simul
468 2884 502 2927 se
521 2884 592 2926 oum
614 2863 675 2929 illis
699 2864 806 2949 palam
827 2862 931 2929 dicere
955 2865 1092 2930 obituros
1109 2875 1146 2924 net
1171 2814 1175 3007 i

146 2954 195 3018 his
214 2954 411 3040 corporibus,
430 2956 544 3039 quibus
563 2981 626 3022 non
644 2981 731 3022 arma
748 2957 844 3034 ferre,
863 2980 927 3022 non
946 2960 1027 3024 tueri
1043 2956 1175 3073 amani

146 3060 284 3135 possent,
304 3060 484 3115 oneraturos
502 3050 641 3135 inopiam
659 3067 857 3116 armatorum.

114 3166 126 3209 1
210 3143 368 3208 XXXX.
400 3144 554 3210 Haec’t
509 3155 554 3210 mt
556 3167 589 3209 er
607 3146 744 3210 seniores
762 3147 854 3210 morti
871 3145 1047 3213 destinatos
1062 3147 1147 3210 iacun
1172 3120 1175 3203 l

147 3239 271 3304 solacia.
299 3262 410 3305 versae
419 3241 492 3304 mde
502 3240 734 3305 adhortationes
744 3240 784 3304 ad
794 3263 908 3326 armen
921 3263 1080 3319 menum,
1091 3249 1147 3321 qutl

145 3333 179 3396 in
189 3333 381 3418 Capitolium
391 3346 484 3418 atque
493 3335 526 3398 in
539 3357 642 3400 arcem
655 3334 935 3421 prosequebantur,
955 3332 1147 3401 commentar

146 3444 194 3491 tes
204 3429 309 3491 virtuti
318 3451 425 3493 eorum
438 3430 644 3511 iuventaeque
658 3429 755 3506 urbis,
774 3451 831 3513 per
843 3441 1001 3495 trecentos
1012 3425 1146 3513 sexuglflb

147 3543 245 3589 annos
265 3521 408 3586 omnibus
427 3522 517 3588 bellis
535 3523 681 3600 victricis,
701 3544 918 3606 quaecumque
931 3523 1053 3608 reliqua
1068 3514 1145 3586 euml

112 3633 127 3680 2
146 3614 280 3678 fortuna.
312 3615 568 3701 digredientibus,
588 3619 643 3700 qui
661 3639 750 3702 spem
765 3638 890 3682 omnem
905 3625 1001 3701 atque
1015 3637 1098 3703 opem
1111 3624 1143 3673 tt·

146 3729 219 3771 cum
227 3707 378 3787 ferebant,
398 3710 437 3775 ab
447 3711 506 3788 his,
525 3711 579 3795 qui
589 3721 698 3797 captae
707 3711 793 3776 urbis
803 3733 868 3775 non
881 3734 1047 3797 superesse
1056 3715 1142 3775 statut·

112 3821 127 3869 3
145 3813 215 3868 rant
233 3805 337 3881 exitio,
357 3828 428 3870 cum
446 3807 517 3891 ipsa
534 3829 584 3871 res
605 3807 788 3891 speciesque
805 3805 996 3871 miserabilis
1013 3814 1081 3880 erat,
1096 3807 1140 3862 tm

145 3898 305 3964 muliebris
315 3899 406 3964 fletus
416 3910 447 3964 et
456 3901 651 3965 concursatio
661 3901 779 3965 incerta
786 3922 870 3965 nunc
884 3897 1138 3965 hosnuncillostt·

146 3995 309 4078 quentium
317 3995 583 4081 rogitantiumque
592 3995 675 4060 viros
685 4010 847 4078 natosque,
867 3995 918 4061 cui
932 4017 967 4062 se
979 3982 1136 4060 faadmrt
