2566 4524
155 250 222 317 210
370 261 694 332 LIBER1H1‚16.17.
716 262 894 333 [anama
908 261 972 332 arr]

155 431 207 487 tus
230 421 390 508 suffragiis
410 420 559 503 Quinctio
576 402 757 485 Mamercus
776 419 949 505 Aemilius,
976 421 1026 488 vir
1047 440 1162 490 summae

156 517 317 604 dignitatis
323 541 332 594 3
355 516 396 580 L.
415 516 532 580 Iulium
551 516 675 579 tertium
693 524 810 581 creant.

122 630 136 678 1
220 609 334 675 XVIL
362 609 401 673 In
415 608 527 672 horum
541 610 726 694 magistratu
735 609 884 686 Fidenae,
904 609 1027 676 colonia
1035 610 1161 687 Romana,

156 705 197 770 ad
214 705 346 768 Lartem
364 702 568 766 Tolumnium
587 702 767 767 Veientium
784 725 894 790 regem
910 727 949 771 ac
967 704 1111 770 Veientes
1124 704 1162 768 de·

122 818 138 866 2
158 798 271 863 fecere.
307 797 409 860 maius
436 797 576 860 additum
600 797 767 861 defectioni
790 797 910 864 scelus:
937 797 977 864 O.
1000 798 1186 874 Fulcinium,i

157 891 313 958 Cloelium
333 890 476 967 Tullum,
498 889 554 976 sp.
569 889 718 968 Antium,
736 891 777 956 L.
797 892 965 971 Roscium,
985 892 1103 980 legatos
1116 892 1164 957 Ro-
1184 900 1186 971 J

78 1017 79 1020 ¹
157 1008 283 1063 manos,
312 1008 440 1050 causam
463 984 537 1048 novi
560 986 681 1049 consilii
704 1000 904 1068 quaerentes,
931 988 1023 1052 iussu
1043 982 1186 1069 Tolumnij

122 1081 386 1147 ainterseeerunt.
418 1078 523 1142 levant
541 1079 668 1162 quidam
686 1080 770 1164 regis
788 1080 926 1145 facinus:
948 1081 984 1145 in
1000 1093 1165 1147 tesserarum
1184 1072 1186 1077 ⁵

154 1198 305 1264 prospero
327 1175 411 1238 iactu
433 1195 542 1237 vocem
566 1172 632 1237 eius
655 1172 850 1259 ambiguam,
877 1185 913 1240 ut
935 1176 1038 1241 occidi
1060 1178 1167 1241 iussisse

154 1273 322 1346 videretur,
345 1292 365 1333 a
382 1267 587 1332 Fidenatibus
611 1279 774 1353 exceptam
797 1291 926 1333 causam
948 1271 1061 1336 mortis
1077 1268 1168 1357 legatis

120 1365 269 1442 afuisse,
287 1386 354 1429 rem
372 1362 600 1438 incredibilem,
624 1364 799 1426 interventu
817 1363 1021 1429 Fidenatium
1039 1386 1186 1453 novorum¹

156 1461 321 1536 sociorum,
341 1457 571 1522 consulentium
584 1456 623 1520 de
638 1458 734 1520 caede
747 1470 877 1542 ruptura
890 1459 940 1522 ius
955 1460 1107 1544 gentium,
1121 1478 1172 1523 non

155 1576 302 1619 aversum
324 1551 364 1616 ab
387 1551 558 1616 intentione
580 1550 669 1614 lusus
688 1552 827 1615 animum
846 1574 905 1616 nec
922 1552 1040 1619 deinde
1057 1555 1090 1619 in
1105 1574 1173 1618 erro·

121 1664 222 1712 trem
244 1670 372 1713 versum
394 1647 527 1710 facinus.
563 1646 692 1730 propius
715 1657 763 1711 est
785 1646 893 1725 fidem,
922 1646 1080 1736 obstringi
1092 1648 1174 1713 Fide·

122 1824 125 1829 ι
154 1744 274 1809 natium
295 1741 462 1828 populum,
488 1763 528 1805 ne
550 1741 705 1825 respicere
732 1763 821 1826 spem
848 1741 945 1806 ullam
972 1742 1015 1808 ab
1039 1740 1173 1808 Romanis

121 1855 135 1902 6
154 1850 276 1926 posset,
297 1836 486 1902 conscientia
504 1835 582 1899 tanti
600 1836 726 1899 sceleris
744 1835 892 1900 voluisse.
924 1835 1114 1923 legatorum,
1129 1833 1173 1920 qui

153 1933 284 1998 Fidenis
303 1930 387 1995 caesi
405 1940 506 2006 erant,
527 1940 647 1993 statuae
660 1929 785 2014 publice
798 1930 832 1993 in
844 1930 954 1995 rostris
969 1933 1092 2016 positae
1104 1940 1172 1997 smt.

220 2026 304 2090 Cum
313 2023 499 2088 Veientibus
510 2023 788 2108 Fidenatibusque,
802 2036 1026 2109 praeterquam
1039 2023 1186 2093 finitumi:

152 2120 292 2209 populis,
312 2118 352 2184 ab
371 2141 467 2182 causa
484 2118 578 2182 etiam
596 2128 660 2181 tam
678 2118 816 2183 nefanda
828 2117 948 2183 bellum
962 2122 1086 2187 exorsis
1097 2133 1186 2187 atrum

121 2233 136 2279 ⁷
156 2215 313 2280 dimicatio
331 2213 478 2278 instabat.
514 2213 619 2295 itaque
633 2212 674 2275 ad
688 2234 794 2276 curam
808 2235 952 2278 summae
964 2237 1072 2280 rerum
1084 2216 1171 2301 quien

153 2310 246 2397 plebe
265 2309 460 2392 tribunisque
479 2307 546 2372 eius
565 2307 641 2370 nihil
660 2308 889 2372 controversiae
910 2308 986 2387 fuit,
1015 2312 1093 2396 quin
1109 2304 1171 2375 coi·

153 2405 237 2469 sules
265 2416 443 2468 crearentur
464 2402 511 2466 M.
537 2399 700 2486 Geganius
723 2401 905 2467 Macerinus
933 2405 1064 2470 tertium
1088 2418 1117 2470 et
1136 2402 1168 2467 L.

154 2498 286 2586 Sergius
308 2499 462 2575 Fidenas3
486 2521 505 2561 a
527 2495 609 2560 bello
627 2497 735 2573 credo,
759 2498 844 2580 quod
863 2497 977 2564 deinde
995 2500 1108 2586 gessit,
1126 2518 1168 2583 sp·

117 2611 133 2659 8
151 2595 311 2680 pellatum.
347 2592 399 2656 bic
417 2593 500 2655 enim
518 2591 637 2676 primus
656 2591 701 2655 cis
716 2589 873 2655 Anienem
891 2614 965 2657 cum
982 2616 1060 2682 rege
1073 2592 1168 2659 Veieu'·

151 2689 229 2751 tium
253 2687 390 2751 secundo
412 2685 532 2770 proelio
555 2684 693 2748 conflixit
716 2707 774 2749 nec
800 2686 997 2752 incruentam
1026 2686 1167 2754 victoriam

151 2781 266 2869 retqlit.
302 2780 402 2843 maior
423 2780 529 2861 itaque
553 2801 592 2842 ex
615 2779 736 2844 civibus
755 2781 881 2847 amissis
900 2781 991 2847 dolor
1010 2805 1104 2868 quam
1118 2780 1166 2845 lm·

151 2874 220 2937 titia
241 2873 323 2937 fusis
346 2873 489 2938 hostibus
512 2872 585 2951 fuit3
614 2885 644 2938 et
663 2887 804 2952 senatus,
827 2886 862 2938 ut
879 2877 913 2939 in
930 2878 1064 2963 trepidis
1081 2874 1162 2949 rebus

118 2985 133 3032 9
152 2968 336 3032 dictatorem
355 2969 416 3032 dici
429 2967 627 3032 Mamercum
641 2967 813 3032 Aemilium
826 2970 928 3034 iussit.
955 2971 983 3036 is
1000 2973 1114 3060 magis

151 3064 292 3147 equitum
315 3086 355 3128 ex
378 3064 509 3150 collegio
532 3063 644 3149 prioris
663 3064 751 3141 anni,
775 3085 838 3148 quo
857 3064 951 3128 simul
969 3066 1088 3132 tribuni
1102 3058 1162 3128 11ιῆ-

149 3166 217 3222 tum
240 3158 397 3222 consulari
414 3169 569 3243 potestate
587 3158 724 3235 fuerant,
747 3157 789 3221 L.
810 3155 996 3240 Quinctium
1016 3158 1159 3227 Cinciam

98 3273 130 3320 10
148 3263 230 3330 tum,
250 3253 381 3339 dignum
399 3263 527 3337 parente
544 3252 704 3328 iuvenem,
723 3250 811 3316 dixit.
847 3251 889 3315 ad
906 3252 1058 3319 dilectum
1074 3276 1093 3319 a
1112 3277 1158 3306 ιιι

149 3348 271 3412 sulibus
294 3350 436 3413 habitum
459 3348 655 3412 centuriones
678 3358 800 3411 veteres
818 3345 893 3412 belli
909 3350 1005 3434 periti
1022 3345 1125 3416 adiecti
1141 3365 1157 3398 a.

147 3465 298 3508 numerus
330 3443 517 3507 amissorum
547 3442 692 3528 proxima
723 3464 831 3527 pugna
861 3442 1018 3527 expletus.
1062 3444 1103 3521 la:

150 3537 336 3620 Quinctium
359 3536 575 3621 Capitolinum
597 3548 629 3600 et
650 3535 697 3600 M.
722 3535 857 3601 Fabium
874 3535 1072 3603 Vibulanum
1097 3565 1127 3593 :e
1153 3557 1154 3564 ¹

97 3653 127 3700 11
148 3655 183 3696 se
209 3632 342 3696 dictator
367 3632 468 3696 iussit.
505 3655 577 3698 cum
606 3641 746 3717 potestas
773 3630 873 3695 maior
896 3641 966 3697 tum
987 3633 1039 3697 vir
1058 3653 1150 3717 <quw¹

146 3727 296 3814 potestati
312 3750 370 3813 par
386 3727 493 3793 hostes
512 3750 552 3792 ex
570 3750 646 3812 agro
659 3726 805 3791 Romano
824 3735 910 3790 trans
928 3724 1088 3792 Anienem
1107 3748 1122 3777 2¹³
1135 3750 1154 3820 ᾗ

146 3844 283 3887 movere.
319 3823 477 3907 collesque
494 3823 575 3887 inter
591 3822 729 3886 Fidenas
747 3831 842 3905 atque
855 3819 1016 3887 Anienem
1034 3843 1104 3887 oeta

146 3918 318 3984 referentes
341 3931 444 3983 castra
465 3940 524 3982 nec
547 3927 618 3981 ante
636 3917 670 3981 in
687 3939 816 4002 campos
834 3915 978 4003 degressi
995 3926 1068 3982 sunt
1087 3935 1150 3969 w*

96 4034 128 4082 12
145 4015 286 4102 legiones
304 4014 421 4080 auxilio
439 4013 636 4079 Faliscorum
654 4019 814 4077 venerunt
846 4026 915 4077 tum
932 4012 1061 4077 demum
1081 4038 1098 4063 ν
