2566 4524
61 298 68 309 .
142 242 205 310 256
449 255 565 311 LIBER
581 255 618 327 V,
635 255 659 310 5.
679 255 863 326 [111351]

109 437 123 485 1
207 413 248 480 V.
286 413 370 480 Cum
396 413 446 479 his
472 413 607 479 molliter
633 422 664 478 et
688 436 745 499 per
771 413 936 479 dilationes
961 412 1079 480 bellum
1099 413 1150 500 geri
1191 352 1196 465 l

141 510 282 598 oportet?
300 510 327 574 si
344 532 402 574 nos
421 518 485 574 tam
502 509 621 573 iustum
639 508 746 573 odium
759 508 837 572 nihil
850 517 968 586 movet,
985 531 1027 573 ne
1039 508 1090 574 illa
1100 506 1153 592 qui·
1194 594 1196 599 Ι

108 627 124 676 2
142 606 229 684 dem,
252 626 397 682 moros,
421 603 568 668 movent?
594 602 741 688 operibus
763 601 946 688 ingentibus
968 612 1077 688 saepta
1094 600 1153 667 urbs
1192 608 1196 649 ἕ

143 712 205 780 est,
228 699 343 785 quibus
361 699 443 763 intra
460 720 568 763 muros
587 707 748 763 coercetur
764 697 875 762 hostis.
911 720 1027 784 agrum
1043 720 1102 763 non
1116 718 1155 763 eo-
1192 680 1196 759 l

108 818 124 866 3
142 795 213 873 luit,
233 805 264 860 et
281 794 364 860 culta
382 803 523 858 evastata
541 802 613 857 sunt
631 791 723 858 bello.
751 791 779 856 si
796 791 975 858 reducimus
995 792 1155 867 exercitum,
1189 794 1196 875 j}

142 890 213 974 quis
228 888 343 972 estqui
356 887 486 966 dubitet,
504 887 574 952 illos
589 909 653 952 non
663 911 681 951 a
691 886 861 972 cupiditate
875 885 980 952 solum
994 884 1155 961 ulciscendi.
1184 878 1196 969 ᾖ

144 983 201 1048 sed
223 983 316 1047 etiam
338 981 525 1046 necessitate
546 981 683 1066 inposita
706 1002 746 1045 ex
764 980 866 1045 alieno
888 981 1077 1066 praedandi,
1100 1000 1156 1045 cun
1189 944 1196 1069 l

144 1077 394 1154 summiserint,
418 1100 529 1162 agrum
547 1086 690 1140 nostrum
707 1075 892 1140 invasuros?
918 1098 984 1140 non
1001 1074 1155 1141 differimus

142 1173 239 1260 igitur
255 1171 373 1237 bellum
391 1171 452 1235 isto
471 1170 615 1248 consilio,
644 1171 700 1235 sed
716 1170 799 1234 intra
815 1168 894 1235 fines
912 1180 1041 1236 nostros
1064 1167 1155 1254 aecipi-

109 1289 126 1336 4
143 1289 224 1332 mus.
252 1265 347 1351 quid?
363 1266 451 1343 illud,
470 1268 556 1349 quod
573 1265 697 1351 proprie
716 1266 756 1330 ad
769 1265 883 1330 milites
896 1265 1044 1351 pertinet,
1062 1262 1156 1349 quibus

143 1362 218 1427 boni
235 1361 352 1426 tribuni
369 1360 470 1446 plebis
489 1383 562 1425 oum
581 1360 771 1446 stipendium
794 1369 980 1443 extorquere
1002 1359 1165 1433 voluerunt.

110 1477 127 1524 o
144 1479 227 1522 nunc
246 1456 422 1520 consultum
440 1465 568 1541 repente
581 1454 698 1532 volunt,
718 1454 810 1538 quale
825 1454 892 1518 est?
908 1453 1031 1519 vallum
1042 1453 1156 1519 fossam·

144 1573 215 1633 que,
233 1550 369 1635 ingentis
387 1558 554 1632 utrumque
570 1571 638 1613 rem
656 1547 775 1633 operis,
787 1570 849 1633 -per
867 1555 991 1611 tantum
1010 1547 1100 1635 spatii
1114 1545 1156 1609 du·

143 1654 270 1720 xerunt,
298 1643 427 1707 castella
445 1644 545 1728 primo
563 1665 678 1728 pauca,
706 1652 816 1728 postea
838 1641 979 1707 exercitu
1002 1653 1091 1707 aucto
1106 1660 1154 1705 co·

144 1737 281 1803 berrima
297 1738 453 1815 fecerunt,
472 1738 660 1802 munitiones
678 1759 742 1801 non
759 1737 793 1800 in
809 1736 919 1801 urbem
936 1736 1048 1815 modo,
1071 1732 1155 1802 sedin

144 1831 304 1897 Etruriam
327 1833 421 1897 etiam
444 1844 635 1918 spectantes,
664 1832 691 1897 si
712 1854 776 1915 qua
800 1831 873 1895 inde
895 1831 1016 1897 auxilia
1041 1830 1154 1905 veniant,

111 1947 126 1996 6
145 1949 329 2012 opposuere.
357 1927 433 2009 quid
447 1939 557 2003 turres,
577 1927 653 2010 quid
666 1926 774 1991 vineas
792 1926 1031 2010 testudinesque
1045 1924 1153 1990 etaliuu

146 2020 428 2104 oppugnandarum
446 2019 571 2084 urbium
593 2030 779 2106 apparatum
801 2019 932 2103 loquar?
965 2043 1040 2085 cum
1058 2030 1154 2084 tantun

144 2114 260 2179 laboris
279 2113 467 2178 exhaustum
486 2115 526 2179 sit
543 2126 575 2180 et
592 2117 633 2180 ad
650 2116 745 2180 finem
762 2115 825 2179 iam
843 2115 948 2200 operis
968 2116 1094 2180 tandem
1105 2132 1156 2199 pu·

146 2224 283 2285 ventum,
302 2208 545 2293 relinquendane
562 2211 641 2275 haec
659 2211 808 2286 censetis,
828 2218 863 2273 ut
883 2210 924 2274 ad
942 2221 1092 2275 aestatem
1107 2225 1157 2272 rur·

147 2327 200 2368 sus
227 2326 328 2368 novus
355 2305 394 2368 de
420 2305 541 2391 integro
567 2305 617 2368 his
643 2304 841 2368 instituendis
874 2304 1048 2368 exsudetur
1072 2296 1156 2368 labo?

113 2421 127 2467 7
146 2412 262 2482 quanto
282 2410 329 2463 est
347 2400 461 2476 minus,
481 2423 576 2484 opera
594 2400 673 2463 tueri
692 2400 776 2464 facta
794 2409 825 2462 et
842 2399 959 2464 instare
978 2422 1017 2464 ao
1034 2417 1156 2485 perseu-

145 2517 213 2558 rare
232 2493 423 2578 defungique
442 2495 535 2557 cura?
557 2493 660 2558 brevis
680 2495 763 2558 enim
776 2492 917 2579 profecto
931 2516 983 2558 res
997 2504 1056 2570 est,
1076 2494 1101 2559 si
1110 2509 1157 2555 uno

146 2599 252 2652 tenore
270 2589 443 2673 peragitur,
462 2610 520 2652 nec
538 2589 599 2672 ipsi
616 2611 673 2672 per
688 2588 937 2653 intermissiones
956 2587 1016 2653 has
1034 2582 1159 2653 intervel-

145 2681 238 2766 laque
256 2682 417 2746 lentiorem
437 2705 526 2766 spem
549 2695 688 2747 nostram
711 2681 855 2747 facimus.
891 2682 1007 2766 loquor
1028 2684 1067 2748 de
1084 2698 1157 2768 open

111 2790 176 2845 aet
199 2777 238 2838 de
265 2777 413 2858 temporis
441 2776 568 2839 iactura.
605 2777 700 2859 quid?
725 2774 868 2861 periculi,
896 2775 982 2858 quod
1007 2773 1158 2842 differem

145 2869 228 2934 bello
246 2870 378 2944 adimus,
397 2893 472 2932 num
492 2870 635 2936 oblivisci
652 2894 709 2936 nos
728 2871 808 2935 haec
825 2880 889 2934 tam
908 2869 1020 2936 crebra
1035 2868 1159 2936 Etruria

111 2985 127 3032 9
146 2963 277 3027 concilia
294 2964 334 3026 de
352 2963 509 3028 mittendis
525 2965 621 3030 Veios
641 2966 765 3030 auxiliis
783 2965 964 3051 patiuntur?
983 2977 1018 3030 ut
1031 2978 1159 3031 nuncto!

147 3056 307 3135 sehabet,
328 3058 396 3122 irati
416 3072 501 3136 sunt,
525 3061 671 3138 oderunt,
695 3074 812 3146 negant
829 3059 1000 3139 missuros3
1029 3072 1158 3145 quantum

144 3153 177 3216 in
196 3153 256 3217 illis
276 3166 333 3230 est,
353 3176 465 3238 capere
480 3153 576 3218 Veios
594 3154 676 3219 licet.
704 3155 775 3238 quis
790 3155 905 3238 estqui
919 3155 1085 3241 spondeat,
1101 3173 1159 3219 euu-

96 3268 127 3314 10
147 3248 228 3324 dem,
249 3249 275 3312 si
293 3249 436 3312 differtur
453 3248 580 3326 bellum,
599 3250 739 3313 animum
756 3259 867 3334 postea
884 3249 966 3328 fore,
986 3273 1071 3330 cum,
1088 3250 1114 3315 si
1125 3246 1158 3311 ls-

146 3355 326 3405 xamentum
346 3344 482 3420 dederis,
507 3345 605 3408 maior
623 3345 875 3428 frequentiorque
892 3343 1012 3430 legatio
1029 3340 1157 3417 iturust

147 3457 219 3498 cum
242 3437 274 3498 id
297 3438 382 3519 quod
404 3462 488 3503 nunc
512 3440 644 3503 offendit
661 3439 830 3516 Etruscos,
857 3461 914 3504 rex
937 3452 1062 3508 creatus
1080 3436 1156 3511 Velle

146 3530 259 3593 mutari
278 3531 378 3614 spatio
397 3533 580 3616 interposito
598 3535 698 3619 possit
717 3534 766 3598 vel
785 3555 943 3598 consensu
966 3536 1112 3610 civitatis,
1133 3532 1157 3593 ul

147 3646 185 3688 eo
202 3626 401 3690 reconcilient
418 3627 562 3692 Etruriae
581 3629 713 3706 animos,
733 3628 782 3693 vel
795 3628 896 3713 ipsius
910 3629 1072 3695 voluntate
1083 3624 1156 3712 regis

98 3739 127 3786 11
147 3719 201 3802 qui
219 3718 343 3784 obstare
361 3745 494 3807 regnum
508 3746 600 3787 suurn
615 3724 707 3788 saluti
723 3724 838 3787 civium
851 3723 949 3788 nolit?
971 3726 1083 3801 videte,
1099 3720 1156 3804 quoi

145 3837 211 3892 res,
240 3838 334 3898 quam
352 3818 476 3883 inutiles
496 3832 667 3903 sequantur
684 3820 769 3884 illam
788 3819 873 3883 viam
896 3819 1036 3898 consilii,
1060 3821 1156 3884 iactm

147 3934 276 3995 operum
299 3923 385 3976 tanto
408 3912 513 3979 labore
537 3916 706 3992 factorum,
735 3915 869 3979 vastatio
892 3912 1052 3981 inminens
1068 3913 1155 3979 finium

97 4023 128 4070 12
146 4023 334 4086 nostrorum,
353 4007 525 4074 Etruscum
534 4010 651 4076 bellurn
660 4033 717 4097 pro
727 4009 861 4076 Veiente
875 4012 1077 4077 concitatum.
1096 4007 1155 4071 hcet
