2566 4524
291 245 410 300 urana
428 242 470 314 Π,
489 243 601 300 27-29.
622 249 660 315 [a
671 242 703 299 c.
714 244 774 301 495.
783 245 847 316 494]
1041 234 1084 304 89

67 404 247 488 ›ocultisque
266 401 448 486 conloquiis.
485 401 611 466 tandem
628 401 723 468 invisi
743 401 830 488 plebi
851 405 997 471 consules
1020 430 1086 473 ma·

67 500 186 585 gistratu
206 498 336 576 abeunt,
366 494 519 562 Serulius
537 496 669 574 neutris,
697 495 825 583 Appius
843 498 985 584 patribus
1008 501 1086 567 mire

67 604 170 658 matus.

67 652 75 680 ³
116 686 286 752 XXVIII.
322 685 364 751 A.
383 684 554 772 Verginius
571 684 645 749 inde
663 694 694 750 et
711 685 750 750 Τ.
763 684 919 752 Vetusius
938 689 1085 755 consula·
1104 712 1117 759 1

69 805 118 846 um
136 782 256 845 ineunt.
289 791 356 844 tum
374 802 448 844 vero
465 778 555 865 plebs
573 779 700 857 incerta,
719 779 828 863 quales
846 780 991 847 habitura
1008 805 1084 849 con·

67 876 135 940 ules
155 884 250 952 esset,
271 885 378 939 coetus
396 884 574 951 nocturnos,
592 896 666 960 pars
679 873 832 958 Esquiliis
846 897 918 960 pars
932 876 1083 943 inAven·

67 970 131 1048 ino,
151 971 272 1046 facere,
295 992 335 1034 ne
352 970 386 1033 in
403 968 471 1033 foro
490 967 601 1034 subitis
621 968 788 1055 trepidaret
806 970 943 1036 consiliis
967 981 998 1037 et
1015 994 1081 1037 om·

67 1066 103 1128 ria
120 1075 240 1128 temere
259 1085 296 1127 ac
313 1063 441 1127 fortuito
459 1071 575 1149 ageret.
612 1084 683 1127 eam
700 1085 766 1127 rem
784 1062 929 1129 consules
951 1066 1025 1142 rati,
1047 1076 1116 1134 utr

67 1169 130 1235 rat,
149 1158 358 1244 perniciosam
378 1158 418 1221 ad
435 1167 540 1242 patres
559 1156 719 1234 deferunt,
743 1157 800 1221 sed
816 1157 953 1222 delatam
970 1180 1084 1223 consu-

68 1276 116 1317 ere
138 1254 247 1317 ordine
268 1275 332 1316 non
354 1252 453 1328 licuit,
482 1252 561 1317 adeo
584 1250 775 1317 tumultuose
798 1261 930 1338 excepta
951 1263 1001 1317 est
1021 1253 1084 1318 cla·

67 1347 191 1412 noribus
208 1347 349 1430 undique
368 1357 398 1411 et
415 1346 630 1433 indignatione
642 1356 777 1432 patrum,
797 1347 834 1425 si,
853 1347 939 1431 quod
952 1347 1085 1433 imperio

67 1443 208 1509 ronsulari
232 1442 468 1526 exsequendum
492 1451 589 1519 esset,
617 1441 767 1506 invidiam
789 1442 856 1506 eius
880 1443 1025 1509 consules
1042 1443 1083 1508 ad

67 1548 195 1603 renatum
212 1537 374 1601 reicerent.
410 1535 565 1622 profecto,
595 1536 622 1600 si
640 1545 745 1601 essent
762 1537 795 1601 in
816 1536 994 1623 republica
1015 1553 1116 1602 mia-³

67 1632 216 1718 istratus,
249 1632 370 1695 nullum
396 1631 537 1696 futurum
562 1631 661 1696 fuisse
687 1630 808 1698 Romae
833 1633 895 1698 nisi
920 1631 1081 1718 publicum

67 1728 228 1802 ancilium,
249 1726 382 1790 nuncin
400 1725 483 1790 mille
502 1726 603 1790 curias
622 1727 860 1810 contionesque,
879 1750 951 1792 cum
970 1728 1031 1793 ulia
1046 1728 1115 1794 int

67 1822 213 1907 lsquiliis,
233 1821 295 1884 alia
311 1820 344 1884 in
358 1819 518 1885 Aventino
536 1820 613 1885 fiant
625 1820 766 1898 concilia,
785 1822 961 1906 dispersam
975 1832 1006 1885 et
1018 1820 1083 1886 dis·

66 1917 184 2003 ipatam
204 1937 275 1980 esse
293 1937 360 1978 rem
377 1914 544 1999 publicam.
571 1937 669 1980 unum
682 1915 808 1981 hercule
822 1916 934 1993 virum,
953 1915 986 1980 id
999 1916 1082 1981 enim

67 2011 122 2075 »lus
140 2033 212 2076 esse
231 2032 328 2093 quam
347 2009 521 2087 consulem,
540 2009 641 2093 qualis
659 2008 785 2096 Appius
805 2008 958 2076 Claudius
976 2010 1079 2087 merit,

67 2116 209 2169 nomento
233 2105 382 2188 temporis
406 2104 622 2169 discussurum
642 2104 714 2169 illos
737 2114 845 2170 coetus
867 2104 977 2170 fuisse.
1014 2126 1081 2170 cor·
1100 2125 1116 2172 5

67 2200 130 2284 epti
148 2199 310 2275 consules,
338 2221 425 2276 cum,
453 2198 529 2282 quid
546 2220 621 2284 ergo
640 2221 674 2263 se
691 2199 795 2265 facere
811 2199 928 2264 vellent
945 2239 987 2249 —
1003 2199 1081 2265 nihil

68 2294 131 2358 nim
150 2293 282 2380 segnius
301 2293 467 2358 molliusve
484 2315 580 2378 quam
597 2291 738 2379 patribus
756 2294 878 2380 placeat
891 2303 1014 2360 acturos
1029 2333 1080 2374 —,

67 2396 341 2463 emundarentur,
361 2387 546 2465 decernunt,
565 2397 601 2452 ut
618 2387 767 2453 dilectum
784 2410 880 2472 quam
898 2389 1082 2454 acerrimum

67 2480 201 2547 abeant:
221 2482 285 2546 otio
303 2481 446 2546 lascivire
464 2481 599 2567 plebem.

110 2576 260 2640 Dimisso
280 2585 391 2640 senatu
408 2576 553 2642 consules
570 2577 604 2640 in
623 2575 758 2642 tribunal
777 2576 964 2653 escendunt,
988 2576 1117 2644 citanto

67 2669 234 2734 rominatim
261 2669 408 2734 iuniores.
453 2693 525 2735 cum
551 2671 733 2736 adnomen
754 2692 847 2736 nemo
868 2670 1081 2757 responderet,

69 2764 243 2829 ircumfusa
265 2763 431 2829 multitudo
452 2764 485 2828 in
512 2765 665 2830 contionis
692 2765 821 2830 modum
842 2786 972 2853 negare,
1000 2765 1082 2831 ultra

67 2859 151 2945 lecipi
169 2857 297 2944 plebem
314 2881 423 2944 posse,
445 2883 617 2944 numquam
639 2882 737 2925 unum
754 2860 885 2926 militem
906 2860 1078 2940 habituros,
1099 2880 1115 2926 7

67 2953 81 3017 i
101 2961 316 3038 praestaretur
337 2953 415 3018 fides
437 2953 577 3039 publica3
603 2953 778 3020 libertatem
802 2955 971 3040 unicuique
991 2955 1079 3041 prius

68 3049 242 3112 addendam
261 3069 331 3112 esse
349 3070 444 3130 quam
462 3070 550 3112 arma
567 3048 683 3125 danda,
702 3057 737 3112 ut
752 3070 810 3134 pro
826 3049 928 3134 patria
945 3048 1081 3115 civibus·

67 3164 123 3226 que,
142 3163 204 3206 non
221 3163 279 3227 pro
298 3141 443 3219 dominis,
461 3151 614 3227 pugnent.

116 3234 288 3313 Consules,
316 3235 392 3319 quid
414 3236 597 3300 mandatum
620 3245 704 3301 esset
725 3260 745 3301 a
770 3246 896 3313 senatu,
922 3234 1118 3312 videbante

67 3333 104 3396 ed
123 3354 245 3408 eorum,
264 3331 318 3414 qui
336 3331 416 3394 intra
433 3331 569 3417 parietes
588 3331 692 3396 curiae
710 3330 856 3397 ferociter
871 3329 1080 3415 loquerentur,

67 3427 207 3492 ominem
230 3427 342 3490 adesse
364 3426 500 3491 invidiae
523 3449 599 3492 suae
620 3426 814 3513 participem.
854 3434 886 3492 et
911 3424 1081 3512 apparebat
1099 3445 1115 3493 9

69 3532 135 3590 trox
154 3546 230 3588 cum
247 3521 340 3608 plebe
358 3532 525 3588 certamen.
559 3523 646 3609 prius
664 3523 770 3607 itaque
787 3544 883 3607 quam
900 3520 1010 3586 ultima
1027 3543 1082 3585 ex-

67 3620 239 3695 crirentur,
269 3626 412 3681 senatum
434 3615 548 3681 iterum
570 3617 733 3682 consulere
753 3616 881 3704 placuit
916 3624 984 3680 tum
1005 3637 1080 3680 vero

68 3714 88 3778 d
118 3713 214 3779 sellas
246 3710 412 3778 consulum
441 3733 540 3797 prope
571 3711 736 3777 convolare
766 3710 915 3775 minimus
948 3709 1081 3792 quisque

67 3820 122 3873 atu
144 3819 287 3895 patrum,
316 3805 461 3872 abdicare
484 3807 681 3872 consulatum
700 3805 845 3872 iubentes
867 3815 899 3870 et
925 3804 1081 3890 deponere

67 3905 216 3988 merium,
236 3901 278 3966 ad
296 3901 382 3984 quod
400 3900 550 3966 tuendum
568 3901 691 3968 animus
709 3901 844 3967 deesset.

112 3994 303 4063 XXVIIII.
331 3993 474 4080 Utraque
491 4017 526 4060 re
539 3996 615 4061 satis
629 4007 767 4082 experta,
785 4005 853 4059 tum
866 3995 996 4059 demum
1009 4012 1082 4056 con·
1101 4011 1115 4060 1
