2566 4524
298 275 417 332 amsa
434 276 488 348 vr,
501 276 543 332 es.
557 274 601 332 aa
620 273 859 352 [acerreae]
1048 268 1113 336 339

90 459 203 504 omnes.
234 443 417 522 recuperato
435 433 476 501 ab
493 433 638 501 hostibus
652 432 792 500 Tusculo
810 433 964 502 exercitus
977 435 1114 506 Romam

92 541 134 598 est
148 531 307 596 reductus.
465 525 470 533 ”
982 612 984 614 v

147 623 339 691 XXXHH.
382 621 510 707 Quanto
537 621 639 709 magis
665 622 823 708 prosperis
850 645 889 688 eo
915 647 996 691 anno
1021 624 1146 696 bellisr

96 719 250 804 easquilla
266 717 371 783 omnia
387 717 465 783 soris
483 725 584 795 erant,
612 724 698 782 tanto
718 716 753 782 in
769 716 848 783 urbe
869 718 918 785 vis
939 728 1064 806 patrum
1081 721 1114 786 in

97 814 152 880 dies
169 811 374 895 miseriaeque
391 809 493 897 plebis
511 808 704 888 crescebant,
722 832 795 876 cum
813 832 850 876 eo
862 811 943 898 ipso,
961 814 1047 899 quod
1059 837 1114 881 ne·

101 929 172 974 resse
189 915 256 973 erat
273 904 362 984 solvi,
380 905 514 971 facultas
533 905 677 971 solvendi
693 905 893 992 inpediretur.
920 908 1027 992 itaque
1041 931 1113 975 eum
1131 929 1146 977 a

99 1002 150 1068 ium
165 1023 203 1066 ex
219 1021 255 1066 re
271 999 349 1064 nihil
366 999 434 1064 dari
450 1008 573 1085 posset,
597 999 683 1064 fama
701 1008 732 1064 ct
755 1021 898 1085 corpore,
921 1002 1050 1068 iudicati
1068 1013 1114 1069 at-

100 1117 148 1180 que
159 1093 283 1174 addicti,
302 1093 505 1160 ereditoribus
521 1092 765 1172 satisfaciebant,
783 1116 947 1180 poenaque
964 1096 999 1161 in
1012 1097 1114 1162 vicem

99 1188 159 1255 fidei
178 1196 324 1256 cesserat
363 1187 443 1254 adeo
465 1210 540 1275 ergo
563 1187 716 1254 obnoxios
745 1188 966 1254 summiserant
991 1190 1146 1260 animose

100 1306 149 1350 non
163 1283 261 1348 infimi
278 1281 389 1360 solum,
409 1282 466 1348 sed
482 1282 639 1368 principes
654 1283 748 1348 etiam
760 1282 872 1368 plebis,
891 1292 1004 1349 utnon
1018 1284 1112 1351 modo

102 1377 323 1444 adtribunatum
331 1377 466 1441 militum
474 1377 554 1442 inter
567 1377 714 1463 patricios
728 1377 909 1463 petendum,
929 1379 1014 1462 quod
1027 1388 1113 1445 tanta

100 1473 169 1539 siut
183 1473 291 1539 liceret
307 1471 517 1550 tetenderant,
540 1472 655 1537 sedne
672 1472 714 1537 ad
734 1470 876 1558 plebeios
898 1473 1027 1557 quidem
1044 1497 1111 1540 ma
1129 1496 1146 1545 4

100 1565 230 1652 gistratus
249 1565 459 1653 capessendos
476 1565 692 1652 petendosque
708 1565 765 1631 ulli
781 1566 850 1634 viro
868 1568 932 1633 acri
950 1568 1113 1655 experien-

100 1659 168 1744 fique
181 1661 304 1746 animus
317 1668 402 1726 esset
413 1660 709 1747 possessionemque
722 1659 849 1727 honoris
862 1664 1005 1749 usurpati
1017 1664 1112 1729 modo

99 1755 210 1841 aplebe
230 1777 426 1842 perpaucos
448 1777 547 1820 annos
569 1777 772 1842 recuperasse
793 1756 827 1824 in
847 1767 1035 1843 perpetuum
1055 1781 1112 1844 pa-

98 1850 341 1917 tresviderentur.
363 1871 404 1915 ne
416 1849 450 1915 id
461 1849 555 1916 nimis
568 1849 686 1916 laetum
698 1850 779 1936 parti
788 1849 878 1916 alteri
890 1861 983 1931 esset,
1002 1875 1109 1938 parva,
1129 1872 1145 1921 5

96 1952 124 2008 ut
137 1944 317 2030 plerumque
339 1943 432 2023 solet,
455 1967 522 2011 rem
543 1945 703 2032 ingentem
725 1945 878 2012 moliundi
899 1967 996 2014 causa
1016 1948 1111 2014 inter·

96 2040 178 2104 venit.

84 2140 88 2145 ’
146 2131 193 2199 Μ
210 2133 292 2200 Fabi
308 2131 470 2212 Ambusti,
488 2132 623 2219 potentis
640 2133 701 2198 viri
718 2156 790 2198 cum
807 2134 888 2200 inter
905 2135 955 2201 sui
972 2137 1110 2222 corporis

91 2222 224 2294 homines
242 2237 310 2292 tum
328 2228 422 2292 etiam
440 2227 482 2292 ad
497 2226 637 2312 plebem,
660 2227 746 2310 quod
766 2227 1014 2312 haudquaquam
1031 2231 1112 2295 inter

88 2321 118 2387 id
136 2345 235 2410 genus
258 2331 452 2408 contemptor
473 2322 540 2386 eius
562 2318 750 2399 habebatur,
776 2320 859 2387 filiae
880 2321 962 2387 duae
983 2332 1109 2408 nuptae,

87 2412 151 2484 Ser.
163 2415 304 2503 Sulpicio
321 2417 430 2496 maior,
450 2416 551 2481 minor
565 2413 604 2481 C.
614 2414 740 2479 Licinio
755 2412 879 2481 Stoloni
892 2424 968 2495 erat,
986 2416 1110 2483 inlustri

86 2512 209 2596 quidem
218 2511 295 2590 viro,
311 2520 416 2577 tamen
423 2509 557 2597 plebeio,
571 2531 671 2594 eaque
679 2509 749 2596 ipsa
758 2508 902 2574 adfinitas
911 2509 997 2575 haud
1006 2521 1110 2596 spreta

84 2605 214 2692 gratiam
229 2604 331 2671 Fabio
349 2605 390 2670 ad
407 2604 539 2691 vulgum
556 2602 741 2689 quaesierat.
769 2602 849 2668 forte
867 2602 912 2668 ita
928 2603 1045 2682 incidit,
1064 2613 1109 2683 ut,
1129 2625 1143 2673 6

81 2699 113 2764 in
127 2696 221 2766 Servi
235 2697 357 2786 Sulpici
374 2698 491 2765 tribuni
507 2699 642 2763 militum
660 2698 754 2764 domo
769 2719 891 2764 sorores
904 2697 1023 2764 Fabiae
1038 2720 1110 2764 oum

79 2793 159 2861 inter
176 2816 221 2874 se,
240 2803 275 2859 ut
291 2793 337 2873 fit,
356 2793 551 2860 sermonibus
569 2802 693 2880 tempus
711 2800 854 2872 tererent,
873 2792 963 2858 lictor
978 2791 1109 2880 Sulpici,

79 2911 151 2955 cum
168 2889 198 2955 is
215 2889 255 2954 de
272 2888 341 2954 foro
360 2912 394 2955 se
416 2889 544 2954 domum
566 2889 732 2974 reciperet,
758 2888 874 2967 iorem,
901 2897 937 2953 ut
959 2910 1029 2954 mos
1051 2897 1109 2966 est,

77 2984 169 3070 virga
185 2991 371 3068 percuteret.
398 3004 471 3048 cum
488 2984 530 3049 ad
546 2983 580 3048 id
596 2984 692 3049 moris
707 2983 775 3048 eins
789 2984 914 3049 insueta
931 2983 1111 3070 expavisset

77 3077 182 3143 minor
192 3076 303 3155 Fabia,
321 3076 400 3142 risui
413 3077 512 3142 sorori
524 3076 586 3142 fuit
598 3077 732 3155 miranti,
750 3076 896 3162 ignorare
913 3076 947 3142 id
960 3098 1108 3142 sororem.

81 3179 218 3236 ceterum
235 3169 263 3235 is
281 3170 363 3236 risus
381 3169 524 3236 stimulos
542 3170 647 3257 parvis
670 3169 780 3235 mobili
800 3167 895 3235 rebus
918 3168 1023 3233 animo
1040 3190 1110 3233 mu·
1130 3189 1145 3235 r

77 3262 171 3330 liebri
190 3263 338 3330 subdidit
373 3263 549 3348 frequentia
570 3286 696 3348 quoque
717 3261 975 3350 prosequentium
995 3283 1112 3348 rogan-

77 3358 229 3444 tiumque,
247 3381 325 3423 num
341 3359 418 3444 quid
434 3357 537 3436 vellet,
556 3358 649 3425 credo
666 3357 859 3424 fortunatum
876 3355 1111 3422 matrimonium

77 3453 241 3520 eisororis
259 3453 364 3518 visum
382 3453 493 3537 suique
509 3453 613 3540 ipsam
630 3453 714 3518 malo
732 3451 869 3530 arbitrio,
888 3473 952 3537 quo
970 3453 1110 3537 aproxi-

77 3547 137 3615 mis
155 3547 291 3633 quisque
308 3547 437 3613 minime
459 3547 568 3613 anteiri
589 3546 670 3626 vult,
698 3545 901 3633 paenituisse.
942 3545 1108 3612 confusam
1126 3567 1143 3616 8

77 3664 148 3709 eam
166 3662 208 3706 ex
224 3641 341 3708 recenti
357 3663 465 3707 morsu
482 3641 578 3707 animi
596 3662 668 3706 cum
680 3650 771 3728 pater
783 3640 865 3706 forte
878 3639 1020 3719 vidisset,
1038 3663 1109 3727 per-

77 3745 238 3803 contatus:
258 3735 354 3802 ‘satin
362 3733 480 3802 salve?’
498 3744 691 3802 avertentem
704 3758 832 3802 eausam
847 3735 973 3816 doloris,
992 3735 1108 3820 quippe

77 3855 136 3899 nec
154 3832 233 3898 satis
250 3830 337 3917 piam
353 3831 505 3897 adversus
524 3853 663 3897 sororem
679 3853 740 3897 neo
756 3831 929 3898 admodum
950 3831 985 3897 in
1005 3830 1108 3894 virum

77 3925 291 4005 honorificam,
310 3925 415 3991 elicuit
432 3926 562 3992 comiter
579 3925 783 4007 sciscitando,
801 3935 837 3993 ut
853 3925 1017 3999 fateretur,
1036 3941 1107 3985 eam
1124 3941 1140 3991 a

77 4043 149 4088 esse
168 4042 298 4087 causam
320 4018 450 4098 doloris,
478 4020 564 4106 quod
584 4021 690 4088 iuncta
711 4021 813 4108 inpari
835 4027 932 4097 esset,
958 4020 1057 4084 nuota
1074 4012 1108 4077 in

883 4116 935 4169 22·
