2566 4524
333 281 453 340 aman
467 281 539 355 vn,
556 282 600 339 aa.
612 282 655 341 aa
674 281 823 352 [acan.
835 282 901 355 sao]
1070 272 1134 338 373

168 439 306 506 XXIII.
342 438 390 504 M.
408 438 552 525 Popilius
564 440 693 504 Laenas
711 463 731 505 a
747 439 840 526 plebe
857 439 981 521 consid,
1000 441 1131 528 apatri-
1150 456 1164 507 1

118 534 166 602 bus
181 535 224 601 L.
241 533 407 600 Cornelius
423 531 531 619 Scipio
550 533 652 599 datus.
688 533 815 599 fortuna
830 556 957 620 quoque
973 535 1133 602 inlustrio-

115 655 171 700 rem
190 629 352 718 plebeium
374 629 535 697 consulem
553 629 642 694 secitz
664 652 738 694 nam
756 653 828 696 oum
845 631 1005 718 ingentem
1023 629 1133 697 Gallo-
1150 647 1165 694 2

114 749 174 793 rum
196 724 370 791 exercitum
391 725 425 788 in
446 746 523 811 agro
540 722 657 788 Latino
675 732 779 788 castra
795 724 939 810 posuisse
955 726 1133 791 nuntiatum

115 830 201 900 esset,
231 818 381 905 Scipione
407 818 497 905 gravi
522 817 632 883 morbo
653 817 807 904 inplicito,
836 817 993 885 Gallicum
1014 818 1132 886 bellum

113 912 229 1002 Popilio
247 922 337 979 extra
354 913 496 978 ordinem
513 913 630 977 datum.
662 913 689 977 is
706 912 830 998 inpigre
848 914 988 980 exercitu
1005 915 1130 1000 scripto,
1151 930 1166 978 3

113 1029 177 1073 cum
194 1006 299 1073 omnis
317 1015 406 1072 extra
422 1014 545 1091 portam
564 1005 727 1092 Capenam
744 1007 786 1072 ad
797 1005 913 1072 Martis
931 1007 1041 1072 aedem
1059 1030 1133 1073 oon-

112 1101 210 1168 renire
232 1109 370 1167 armatos
391 1100 529 1165 iuniores
551 1100 696 1166 iussisset
722 1100 874 1188 signaque
900 1101 1011 1167 eodem
1037 1123 1133 1185 quae·

112 1206 205 1263 stores
233 1217 275 1261 ex
300 1195 419 1260 aerario
446 1193 581 1273 deferre,
613 1202 760 1278 quattuor
786 1195 918 1282 expletis
943 1194 1131 1282 legionibus,

112 1292 190 1375 quod
221 1288 377 1376 superfuit
407 1288 541 1354 militum
566 1286 604 1353 P.
632 1288 758 1354 Valerio
783 1288 967 1356 Publicolae
997 1291 1133 1376 praetori

110 1383 246 1462 tradidit,
265 1391 375 1448 auctor
385 1382 528 1467 patribus
544 1381 701 1449 scribendi
714 1382 840 1448 alterius
859 1384 1027 1462 exercitus,
1047 1383 1133 1468 quod
1150 1400 1167 1447 4

110 1479 145 1544 ad
169 1479 307 1543 incertos
333 1476 407 1543 belli
433 1485 564 1543 eventus
592 1476 768 1543 subsidium
793 1477 1009 1564 reipublicae
1038 1488 1131 1544 esset.

109 1570 171 1660 ipse
189 1571 255 1638 iam
272 1570 348 1636 satis
367 1568 512 1636 omnibus
530 1571 690 1636 instructis
704 1573 942 1658 conparatisque
955 1573 997 1637 ad
1008 1573 1133 1639 hostem
1151 1586 1166 1634 5

108 1666 215 1753 pergit.
243 1665 334 1730 cuius
346 1674 383 1729 ut
394 1665 482 1751 prius
494 1673 638 1733 nosceret
650 1665 733 1732 vires
752 1688 847 1752 quam
864 1666 1003 1752 periculo
1020 1667 1132 1732 ultimo

109 1767 285 1846 temptaret,
307 1760 343 1824 in
359 1758 494 1837 tumulo,
521 1781 617 1843 quem
637 1760 816 1847 proximum
838 1762 948 1826 castris
968 1759 1132 1827 Gallorum

107 1875 217 1940 capere
229 1854 345 1940 potuit,
364 1854 483 1919 vallum
496 1853 610 1920 ducere
624 1855 734 1940 coepit.
761 1876 840 1940 gens
858 1854 948 1920 ferox
965 1865 997 1920 et
1013 1854 1131 1942 ingenii
1150 1870 1165 1919 6

106 1948 190 2014 avidi
208 1948 250 2013 ad
266 1970 408 2035 pugnam
426 1969 499 2013 cum
516 1947 624 2034 procul
641 1948 718 2015 visis
732 1947 947 2014 Romanorum
966 1948 1078 2036 signis,
1096 1957 1133 2014 ut

106 2041 264 2128 extemplo
285 2040 440 2127 proelium
456 2040 584 2120 initura,
609 2043 810 2127 explicuisset
827 2044 941 2122 aciem,
963 2052 1132 2130 postquam

104 2158 208 2223 neque
228 2136 263 2201 in
284 2157 419 2220 aequum
442 2137 564 2202 demitti
585 2136 794 2223 agmen'vidit
812 2146 843 2202 et
860 2160 932 2202 oum
949 2136 1011 2203 loci
1028 2137 1132 2202 altitu-

105 2230 177 2299 dine
199 2239 268 2296 tum
289 2231 373 2296 vallo
394 2231 488 2297 etiam
509 2230 608 2316 integi
628 2230 804 2308 Romanos,
831 2231 992 2316 perculsos
1015 2252 1131 2316 pavore

103 2334 174 2403 rata
197 2324 292 2390 simul
314 2327 543 2411 oportuniores,
571 2325 656 2408 quod
677 2325 786 2389 intenti
807 2332 874 2388 tum
891 2324 1027 2388 maxime
1045 2324 1132 2409 operi

103 2428 225 2497 essent,
253 2419 333 2484 truci
354 2418 490 2485 clamore
512 2418 701 2505 adgreditur.
737 2416 778 2484 ab
795 2417 947 2484 Romanis
969 2439 1029 2483 nec
1051 2438 1165 2503 opust

103 2511 319 2580 intermissum
331 2551 374 2561 -
387 2514 483 2580 triarii
501 2523 589 2578 erant
606 2512 661 2598 qui
677 2510 910 2577 muniebant-
920 2522 951 2576 et
968 2510 1009 2576 ab
1026 2510 1132 2577 hasta·

104 2607 146 2673 tis
160 2605 433 2694 principibusque,
457 2607 511 2691 qui
528 2629 584 2692 pro
602 2605 810 2671 munitoribus
828 2606 937 2671 intenti
959 2606 1132 2691 armatique
1168 2630 1174 2637 ·

103 2708 272 2781 steterunt,
290 2700 444 2786 proelium
456 2701 577 2765 initum.
610 2709 733 2786 praeter
744 2700 892 2766 virtutem
904 2699 992 2766 loou's
1006 2720 1131 2785 quoque
1149 2718 1165 2767 8

98 2796 249 2883 superior
270 2795 402 2874 adiuvit,
425 2805 460 2860 ut
477 2796 542 2882 pila
559 2796 665 2861 omnia
680 2795 852 2880 hastaeque
870 2817 947 2875 non,
969 2803 1132 2880 tamquam
1167 2819 1173 2824 ·

102 2911 143 2957 ex
160 2912 264 2975 aequo
281 2890 392 2969 missa,
412 2913 507 2968 vana,
526 2890 612 2974 quod
624 2890 808 2976 plerumque
825 2890 874 2970 fit,
894 2890 1055 2968 caderent,
1074 2890 1131 2955 sed

101 2985 210 3051 omnia
226 2983 339 3053 librata
350 2984 540 3072 ponderibus
555 2984 739 3072 figerentur3
758 2986 938 3069 oneratique
951 2985 1021 3052 telis
1036 2983 1129 3063 Galli,
1149 3002 1164 3050 s

102 3079 219 3162 quibus
238 3087 294 3146 aut
306 3101 435 3166 corpora
448 3080 598 3145 transfixa
611 3088 666 3145 aut
678 3087 884 3166 praegravata
896 3078 1131 3145 inhaerentibus

103 3171 257 3259 gerebant
275 3183 378 3253 scuta,
402 3195 474 3240 oum
492 3196 586 3240 cursu
602 3195 703 3260 paene
720 3173 754 3237 in
771 3173 939 3238 adversum
961 3171 1130 3247 subissent,

101 3265 206 3353 primo
222 3267 334 3333 incerti
350 3268 504 3347 restitere,
523 3267 597 3333 dein
614 3290 688 3332 oum
704 3267 775 3352 ipsa
788 3265 944 3331 cunctatio
958 3273 989 3329 et
1000 3263 1050 3330 his
1064 3263 1131 3329 ani·
1149 3284 1182 3332 10

100 3382 172 3427 mos
199 3361 366 3429 minuisset
387 3372 419 3428 et
439 3363 580 3428 auxisset
601 3361 697 3441 hosti,
724 3361 841 3448 inpulsi
861 3369 944 3426 retro
964 3381 1056 3426 ruere
1078 3359 1131 3425 alii

101 3476 200 3541 super
229 3455 308 3522 alios
340 3466 540 3543 stragemque
570 3457 650 3521 inter
680 3477 715 3521 se
742 3455 837 3521 caede
863 3455 933 3540 ipsa
958 3453 1131 3520 foediorem

99 3548 193 3615 dare:
228 3548 309 3616 adeo
339 3550 501 3636 praecipiti
531 3548 622 3616 turba
652 3547 758 3616 obtriti
785 3550 892 3637 plures
922 3570 1017 3634 quam
1047 3549 1130 3616 serm

102 3642 218 3708 monti.

165 3735 323 3803 XXIIII.
363 3737 506 3807 Necdum
529 3747 614 3804 certa
635 3737 788 3805 Romanis
810 3738 940 3805 victoria
962 3746 1042 3816 erat,
1070 3736 1131 3803 alia
1149 3756 1163 3803 1

96 3830 133 3896 in
150 3852 301 3917 campum
318 3831 477 3919 degressis
495 3844 657 3919 supererat
673 3833 787 3900 moles:
809 3854 946 3917 namque
961 3828 1129 3896 multitudo
1146 3847 1163 3896 a

98 3922 270 3993 Gallorum
296 3948 426 3993 sensum
452 3949 578 3995 omnem
603 3928 674 3994 talis
701 3927 807 3994 damni
828 3947 1021 4012 exsuperans
1043 3921 1131 3988 velut

94 4042 186 4089 nova
214 4042 324 4088 rursus
355 4022 515 4090 exoriente
545 4022 613 4090 acie
637 4023 795 4111 integrum
820 4022 951 4087 militem
976 4018 1128 4085 adversus
