2566 4524
142 239 209 309 434
362 249 481 307 LIBER
497 249 583 322 vm,
601 248 644 305 34.
658 246 701 305 35.
720 252 796 320 [au.
807 264 831 306 c.
840 248 949 321 429130]

144 410 274 481 fecisset
300 431 385 476 nnnc
405 418 511 497 patres
529 429 635 475 comes
653 416 686 474 et
703 428 795 474 senes
813 405 925 473 foedes
943 407 985 474 de
1003 407 1101 475 alieno
1117 409 1164 475 im-

143 505 232 597 perio
259 514 378 592 spreto,
406 513 568 588 tamquam
592 502 640 569 rei
665 523 797 589 parvae,
824 501 1012 590 disciplinas
1038 503 1161 571 militaris

110 624 275 674 reversae
296 600 452 667 iuventuti
472 599 607 688 gratiam
628 597 742 667 fecere.
779 619 814 679 se
835 605 944 667 tamen
968 607 1160 689 perstaturum

144 698 179 765 in
195 697 321 783 incepto
338 716 398 760 nec
411 693 450 772 ei,
463 691 520 779 qui
537 693 689 760 adversus
706 690 828 759 dictum
845 715 940 759 suum
958 692 1090 761 turbetis
1102 693 1158 761 rrli-

146 790 293 880 gionibus
312 812 350 855 ac
367 786 472 855 dubiis
491 787 639 875 auspiciis
657 796 842 877 pugnasset,
860 787 1033 875 quicquam
1044 788 1157 861 exiusta

112 917 129 966 5
145 909 249 975 poena
265 884 479 951 remissurum.
506 884 655 950 maiestas
668 883 791 970 imperii
802 892 999 971 perpetuane
1011 894 1095 964 essct,
1105 906 1156 951 non
1190 906 1192 911 ·

112 1003 128 1054 c
146 1003 217 1050 esse
230 981 264 1046 in
277 1003 335 1047 sua
346 988 516 1068 potestate:
529 979 572 1045 L.
580 977 744 1065 Papirium
757 977 836 1045 nihil
849 979 918 1046 sius
930 978 1154 1057 deminuturum

147 1086 270 1165 optare,
288 1097 329 1143 nc
346 1083 487 1162 potestas
505 1073 685 1152 tribunicia,
703 1073 854 1141 inviolata
869 1073 956 1163 ipsa,
974 1075 1068 1143 violet
1080 1075 1156 1141 inter-

147 1171 290 1239 cessione
308 1194 367 1237 sua
383 1169 563 1235 Romanum
584 1168 752 1255 imperium
773 1190 836 1234 neu
857 1168 996 1255 populus
1017 1169 1051 1237 in
1070 1190 1100 1237 se
1113 1189 1155 1254 pc

113 1279 128 1326 ⁷
148 1267 308 1335 tissimum
330 1265 514 1331 dictatorem
532 1262 630 1329 etius
648 1262 821 1331 dictaturae
839 1263 1014 1351 extinguat.
1049 1259 1155 1351 quodsi

146 1360 289 1438 fecisset,
308 1382 373 1425 non
389 1359 431 1424 L.
450 1357 627 1445 Papirium,
647 1356 705 1423 sed
721 1356 879 1437 tribunos,
898 1359 958 1425 sed
973 1380 1101 1446 pravum
1113 1377 1155 1443 pc»

146 1455 214 1542 puli
226 1455 378 1521 iudicium
390 1453 582 1537 nequiquam
594 1460 738 1539 posteros
752 1461 964 1532 accusaturus,
975 1475 1049 1521 cum
1059 1451 1156 1541 pollutt

148 1548 247 1616 semel
263 1548 390 1614 militari
407 1546 573 1633 disciplina
593 1567 658 1612 non
679 1546 770 1613 miles
793 1547 1000 1626 centurionis,
1022 1569 1085 1615 nou
1103 1566 1157 1613 ceu·

146 1642 228 1709 turio
250 1641 380 1722 tribuni,
408 1664 472 1707 non
494 1640 638 1708 tribunus
659 1640 770 1729 legati,
796 1664 861 1709 nou
880 1642 1007 1731 legatus
1029 1639 1154 1717 consuls

112 1754 129 1806 s
147 1761 212 1804 ncn
228 1736 381 1827 magister
397 1737 538 1822 equitum
555 1735 715 1805 dictatoris
733 1749 842 1824 pareat
857 1736 1003 1825 imperio,
1016 1760 1105 1807 nemo
1116 1735 1156 1801 bo·

146 1832 282 1912 minum,
310 1854 403 1899 nemo
431 1831 561 1897 deorum
588 1830 811 1899 verecundiam
836 1830 967 1911 habeat,
989 1855 1056 1899 non
1079 1830 1155 1899 edicb

113 1926 385 2013 eimperatcrum,
408 1948 472 1991 non
497 1923 640 2012 auspicia
664 1923 883 2006 observentur,
907 1926 978 1994 sine
1003 1932 1155 1997 commate

147 2020 223 2107 vagi
244 2019 359 2086 milites
380 2019 415 2085 in
431 2029 560 2106 pacato,
582 2021 616 2087 in
638 2020 762 2088 hostico
779 2029 896 2100 errent,
917 2020 1105 2089 inmemores
1120 2041 1156 2087 ss·

148 2115 299 2181 crementi
316 2113 442 2180 licentia
460 2113 526 2180 sola
545 2137 579 2180 se
592 2113 648 2181 ubi
660 2115 757 2181 velint
774 2125 988 2196 exauctorent,
1002 2117 1156 2203 infreque-

98 2230 130 2279 10
149 2210 193 2275 tia
214 2209 401 2276 deserentur
426 2209 518 2296 signe
538 2230 642 2295 neque
664 2210 869 2277 convenietin
890 2211 932 2277 ad
957 2211 1096 2291 edictum
1115 2224 1155 2275 uc

148 2304 352 2382 discernatur,
365 2303 503 2369 interdiu
516 2314 617 2383 nocte,
631 2325 732 2390 aequo
744 2304 853 2390 iniquo
865 2304 947 2385 loco,
956 2305 1050 2375 iussu
1060 2304 1156 2373 minu

146 2399 343 2487 imperatoris
365 2407 521 2487 pugnent,
545 2407 576 2464 et
596 2422 662 2465 non
683 2400 788 2487 signa,
809 2423 875 2468 non
896 2401 1025 2469 ordines
1048 2405 1153 2473 serrrul

146 2494 300 2562 latrocinii
321 2494 416 2560 modo
439 2514 534 2560 caece
555 2501 587 2559 et
608 2493 736 2559 fortuita
757 2517 815 2581 pro
837 2494 984 2563 sollemni
1007 2505 1039 2562 et
1060 2498 1154 2565 sauri!
1187 2536 1192 2543 ·

97 2611 127 2659 11
147 2589 259 2656 militia
276 2589 382 2655 sit-2
400 2588 515 2654 horum
533 2587 698 2654 criminum
715 2611 773 2656 vos
790 2611 861 2657 reos
878 2588 911 2656 in
930 2591 1040 2659 omnia
1056 2582 1152 2659 macab

147 2684 272 2763 offerte,
296 2682 413 2749 tribuni
433 2681 533 2769 plebi,
557 2692 663 2749 vestre
684 2681 821 2750 obnoxie
847 2684 952 2771 capite
977 2707 1036 2772 pro
1056 2676 1152 2751 licmtit

149 2777 191 2862 Q.
206 2777 291 2846 Fabi
308 2775 433 2843 obicite.

113 2885 127 2932 1
206 2868 360 2936 XXXV.
381 2868 553 2957 Stupentes
571 2872 712 2940 tribunos
727 2883 759 2939 et
772 2896 863 2940 suem
879 2873 945 2941 iam
958 2873 1061 2943 vicem
1076 2865 1149 2957 marl

146 2965 259 3033 anxios
276 2987 374 3051 quam
391 2966 469 3047 eius,
488 2967 540 3034 cui
558 2967 711 3034 auxilium
729 2966 769 3035 ab
788 2967 1018 3055 repetebatur,
1036 2959 1148 3037 liband
1180 2984 1192 3051 j

147 3083 242 3129 onere
255 3083 430 3129 consensus
447 3061 557 3149 populi
565 3062 703 3129 Romani
715 3062 757 3130 ad
767 3084 880 3151 preces
893 3074 925 3129 et
939 3062 1147 3131 oboacrum
1187 3076 1192 3083 “

146 3179 269 3236 versus,
287 3164 323 3223 ut
340 3154 402 3223 sibi
417 3178 554 3244 poenam
570 3156 715 3246 magistri
732 3157 875 3243 equitum
892 3157 1028 3227 dictator
1043 3153 1146 3225 remitit·

113 3273 128 3323 2
145 3262 202 3320 ret
239 3250 356 3319 tribuni
373 3272 513 3337 quoque,
534 3251 717 3319 inclinatam
739 3274 807 3319 rem
824 3251 859 3318 in
878 3274 992 3340 preces
1009 3240 1151 3323 aucam.
1187 3290 1192 3301 ·

146 3369 234 3414 orare
252 3347 437 3413 dictatorem
454 3346 617 3424 insistunt,
640 3356 676 3412 ut
692 3347 818 3413 veniam
836 3347 934 3414 errori
954 3346 1098 3423 humane,
1109 3356 1151 3403 W

145 3440 232 3506 niem
254 3440 487 3507 adulescentiae
505 3439 546 3524 Q
564 3440 659 3508 Fabii
680 3441 783 3508 daret·
812 3441 889 3509 satis
912 3463 986 3517 eum
1007 3448 1144 3529 poenum·
1190 3448 1192 3455 '

112 3562 127 3611 3
146 3534 327 3602 dedisse.
317 3558 381 3601 ram
398 3535 468 3623 ipss
485 3535 719 3614 adulescens,
708 3558 774 3603 sem
794 3544 885 3623 poter
900 3534 951 3603 Μ.
968 3535 1081 3604 Fabius
1093 3544 1144 3599 cn*

146 3631 293 3698 tentionis
315 3630 404 3698 obliti
429 3629 636 3719 procumbere
657 3630 700 3707 ad
724 3652 831 3719 genua
855 3631 923 3701 et
912 3654 995 3705 uam
1018 3612 1140 3725 deposui

111 3724 243 3801 adistat
231 3725 316 3793 toris.
343 3736 411 3793 tum
424 3725 559 3795 dictator
572 3724 695 3793 silentio
713 3723 814 3793 facto·
805 3723 931 3799 “bens
946 3722 1058 3838 babet'
1070 3708 1144 3799 aqud

146 3820 268 3905 ‘Quirit
268 3843 317 3888 es.
336 3821 411 3886 vicit
428 3820 597 3907 disciplina
613 3819 766 3900 militaris,
785 3818 888 3887 vicit
878 3820 1004 3909 imperis
992 3815 1142 3887 malm-

146 3937 227 4002 quae
245 3917 280 3982 in
296 3915 476 3982 discrimine
493 3915 622 3983 fuerunt
639 3940 681 3983 an
697 3914 763 3989 ulla
779 3925 854 4004 post
869 3914 954 3983 hanc
966 3906 1137 3983 diemsrsd·
1177 3908 1191 3925 ”“

112 4029 210 4078 onon
226 4032 329 4079 noxas
347 4010 494 4077 eximitur
512 4009 557 4094 Q
576 4010 706 4091 Fabius,
725 4010 781 4097 qui
798 4019 909 4079 contra
926 4010 1057 4080 edictum
1070 4003 1137 4083 ml*
