2566 4524
308 259 427 319 mnus
444 260 514 332 vn,
532 260 574 316 so.
587 261 630 319 so.
650 263 799 332 [susm
811 264 875 337 oss]
980 328 984 345 ,
1044 256 1109 327 375

79 418 324 509 populabantur;
354 441 440 485 mare
466 418 617 486 infestum
643 420 798 489 classibus
821 420 1015 491 Graecorum
1041 439 1143 500 erats

79 537 197 602 oraque
213 513 313 581 litoris
326 511 465 581 Antiatis
478 514 687 600 Laurensque
705 525 822 583 tractus
836 527 867 584 et
877 517 1001 586 Tiberis
1015 523 1105 602 ostia,

79 621 111 677 ut
127 610 307 698 praedones
325 608 472 677 maritimi
490 631 562 675 cum
580 610 777 679 terrestribus
796 615 959 701 congressi
979 617 1107 704 ancipiti

79 705 178 772 semel
195 705 315 792 proelio
333 705 540 783 decertarent,
563 704 712 790 dubiique
730 707 932 775 discesserint
948 710 983 774 in
1004 723 1107 779 castra

79 798 182 881 Galli,
208 795 323 867 Graeci
339 808 422 866 retro
440 799 481 864 ad
497 821 609 878 naves,
633 801 732 866 victos
752 823 786 866 se
803 825 846 869 an
865 801 998 873 victores
1014 815 1107 892 puta·

79 904 157 962 rent.
199 894 282 961 inter
306 892 365 959 hos
391 893 486 980 longe
510 893 668 961 maximus
699 895 802 961 extitit
831 906 943 977 terror,
974 901 1140 970 concilias

79 988 267 1079 ¹copulorum
291 989 480 1055 Latinorum
511 989 553 1054 ad
581 988 688 1055 lucum
712 989 899 1058 Ferentinae
925 993 1033 1061 habita
1057 1019 1107 1065 re·

78 1105 294 1172 sponsumque
311 1082 397 1151 haud
414 1081 598 1170 ambiguum
614 1083 841 1171 imperantibus
859 1087 973 1153 milites
988 1089 1107 1156 Roma-

78 1183 124 1247 ris
144 1180 271 1258 dotum,
294 1178 481 1247 absisterent
496 1179 650 1264 imperare
667 1180 721 1258 iis,
743 1202 877 1264 quorum
894 1183 1010 1249 auxilio
1033 1207 1106 1271 egc-

78 1284 160 1341 :entz
189 1273 324 1341 Latinos
345 1295 403 1359 pro
426 1295 484 1339 suo
505 1272 649 1339 libertate
670 1274 776 1359 potius
799 1298 895 1361 quam
920 1298 977 1362 pro
1004 1278 1140 1348 alienos

82 1367 214 1456 mperio
233 1366 352 1433 latrinas
374 1389 470 1433 orma.
505 1367 588 1433 inter
608 1368 672 1433 duo
695 1368 788 1434 simul
805 1367 889 1435 bella
906 1380 1034 1438 externa
1051 1373 1106 1438 de·
1125 1394 1139 1441 s

78 1463 215 1531 z'ectione
227 1463 321 1529 etism
334 1462 490 1529 sociorum
504 1471 631 1531 senatus
644 1464 757 1529 anxius
770 1485 843 1531 cum
857 1475 1006 1546 cerneret,
1020 1477 1106 1534 metu

78 1558 247 1636 enendos,
269 1579 349 1642 quos
365 1556 445 1623 fides
463 1579 528 1625 non
544 1556 710 1636 tenuisset,
733 1559 900 1627 extendere
918 1583 1027 1628 omnes
1048 1562 1107 1629 im·

78 1652 155 1742 perii
176 1652 261 1719 vires
284 1650 428 1719 consules
450 1651 568 1718 dilectu
587 1651 733 1719 babendo
754 1653 860 1721 iussit:
888 1655 972 1721 civili
989 1657 1106 1744 quippe

77 1747 228 1815 standum
249 1746 390 1813 exercitu
410 1767 495 1824 esse,
522 1746 649 1831 quando
668 1745 792 1813 socialis
811 1757 919 1813 coetus
937 1750 1104 1818 desereret.

77 1842 219 1927 indique
235 1863 301 1909 non
316 1839 437 1907 urbana
453 1849 589 1918 tantum,
612 1840 669 1906 sed
690 1841 785 1907 etiam
807 1842 924 1928 agresti
945 1842 1105 1911 iuventute
1123 1865 1140 1912 s

77 1939 188 2005 decem
214 1934 356 2021 legiones
383 1933 517 2019 scriptae
543 1934 689 2001 dicuntur
714 1945 900 2019 quaternum
926 1936 1049 2005 milium
1075 1947 1106 2002 et

77 2033 273 2105 ducenorum
288 2027 431 2114 peditum
447 2028 650 2113 equitumque
668 2038 878 2109 trecenorum,
906 2052 999 2115 quem
1022 2053 1106 2107 nuno
1124 2052 1139 2100 s

77 2147 196 2194 novum
214 2122 400 2200 exereitum,
423 2121 451 2187 si
473 2143 536 2207 quo
557 2132 686 2187 externa
706 2124 755 2188 vis
777 2124 917 2211 ingruat,
943 2124 1003 2190 hoe
1024 2126 1107 2192 vires

77 2218 188 2307 populi
202 2215 353 2295 Romam,
372 2237 451 2301 quas
469 2216 524 2281 vix
541 2224 693 2281 terrorum
710 2217 794 2301 capit
811 2217 910 2296 orbis,
929 2228 1106 2286 contractae

77 2312 233 2379 inunum
255 2309 341 2375 baud
362 2309 455 2377 facile
477 2308 628 2374 efficiant:
655 2309 735 2375 adeo
760 2310 794 2375 in
819 2332 901 2397 quae
926 2311 1105 2393 laboramus

78 2407 143 2477 sota
159 2405 336 2483 crevimus,
353 2405 478 2471 divitias
494 2403 724 2488 luxuriamque.

138 2500 231 2581 Inter
249 2509 351 2565 cetera
368 2499 469 2565 tristia
485 2498 553 2563 eius
571 2497 645 2565 anai
659 2497 770 2563 consul
782 2496 861 2562 alter
872 2496 937 2584 Ap.
951 2497 1104 2565 Claudius
1125 2521 1158 2571 ro

81 2595 200 2684 inipso
217 2594 293 2661 belli
311 2604 463 2681 apparatu
479 2594 619 2672 moritur,
637 2593 855 2677 redierantque
868 2615 919 2660 res
933 2593 975 2659 sd
988 2593 1107 2661 Camil-

80 2688 155 2771 lum,
183 2689 238 2756 cui
259 2689 352 2757 unico
374 2688 495 2755 consuli
520 2688 571 2753 vel
596 2687 637 2755 ob
664 2687 757 2754 aliam
783 2688 996 2775 dignationem
1021 2688 1153 2760 handu

80 2784 296 2855 subiciendam
313 2784 484 2851 dammae
501 2782 553 2848 vel
570 2781 611 2850 ob
630 2806 724 2849 omen
740 2783 881 2851 faustum
894 2784 936 2852 ad
948 2780 1107 2851 Gallicum

79 2879 251 2948 tumultum
273 2877 469 2965 cognominis
492 2877 674 2944 dictatorem
693 2877 838 2966 adrogari
855 2877 941 2945 baud
958 2879 1035 2945 sotis
1052 2879 1107 2944 de·
1234 2960 1238 2967 ν

79 2996 188 3043 corum
207 2974 312 3039 visum
329 2981 378 3039 est
393 2971 544 3059 patribus.
576 2973 687 3039 consul
704 2972 826 3039 duabus
845 2972 1021 3060 legionibus
1037 2973 1108 3039 urbi
1126 2992 1158 3042 12

78 3066 284 3156 praepositis,
308 3076 379 3133 octo
397 3088 470 3132 oum
486 3067 530 3132 L.
547 3064 674 3133 Pinario
692 3076 834 3151 praetore
856 3067 965 3133 divisis
988 3090 1108 3133 memor

80 3173 228 3249 paternae
237 3161 362 3228 virtutis
377 3156 536 3227 Gallicum
548 3159 610 3227 sibi
627 3159 745 3226 bellum
762 3169 851 3225 extra
868 3169 984 3225 sortem
1001 3160 1105 3243 sumit,

77 3268 258 3345 praetorem
274 3255 463 3321 maritimam
479 3277 567 3321 oram
584 3253 678 3321 tutari
697 3251 898 3338 Graecosque
916 3274 1021 3319 arcere
1038 3252 1108 3319 lito-
1127 3275 1159 3325 rs

76 3351 166 3421 ribus
187 3349 295 3417 iussit.
339 3359 371 3415 et
392 3371 464 3415 cum
480 3348 513 3415 in
532 3371 643 3436 agrum
660 3347 865 3435 Pomptinum
883 3347 1106 3435 descendisset,

76 3448 152 3534 quia
168 3465 278 3530 neque
293 3443 327 3509 in
344 3444 463 3530 campis
481 3442 631 3530 congredi
647 3441 734 3508 nulla
747 3451 878 3530 cogente
890 3464 924 3508 re
937 3441 1064 3509 volebat
1073 3453 1108 3513 et

77 3539 277 3628 probibendo
298 3538 567 3626 popidationibus,
593 3560 672 3624 quos
693 3547 783 3625 rapto
804 3537 910 3605 vivers
935 3538 1107 3605 necessitas

78 3645 223 3726 cogeret,
251 3635 329 3703 satis
355 3634 476 3703 domari
502 3632 649 3700 credebat
669 3633 806 3713 hostem,
831 3631 937 3705 locum
959 3633 1107 3702 idoneum

80 3731 206 3799 stativis
224 3728 351 3816 delegit
532 3768 536 3775 ·
1125 3812 1127 3816 .

140 3823 280 3893 XXVI.
316 3823 384 3891 Ubi
405 3846 477 3890 oum
499 3822 684 3891 sonoribus
707 3824 804 3909 quieti
821 3834 945 3911 tempus
963 3831 1105 3898 tererent,
1126 3842 1140 3889 1

81 3917 194 3989 Gallus
211 3920 367 4007 processit
386 3919 602 4006 magnitudine
624 3928 718 4004 qtque
739 3920 835 4003 armis
857 3917 1003 4005 insignis,
1030 3937 1108 3998 qua-

79 4014 224 4102 tiensque
251 4023 378 4081 scutum
402 4013 495 4081 hesta
515 4034 588 4081 cum
610 4012 768 4081 silentium
789 4013 930 4089 fecisset,
957 4017 1108 4095 provocat
