2566 4524
388 241 416 281 T.
434 240 504 283 mvn
520 240 658 283 raunvml
674 240 825 283 PROLUSIO·
1025 237 1158 287 XXXXV

54 369 85 408 ro
95 369 113 407 s
122 351 267 421 scriptore
276 348 384 405 relabi
406 350 445 403 sis
454 349 498 404 bis
508 350 598 404 literis
618 368 652 406 ex
666 349 810 404 literarum
824 349 889 404 libri
906 353 1057 422 archetypi
1070 353 1158 424 apici·

53 420 241 501 propulsatur
259 434 295 472 ec
311 368 467 488 repeiiitur.
498 418 599 473 horum
617 420 671 473 bus
686 420 758 472 male
773 418 926 473 intellectis
940 420 986 474 vel
1000 437 1034 474 ex
1048 422 1159 492 glosse-

53 497 152 561 potuus
162 487 298 567 interest2
312 493 345 540 ut
354 487 443 541 verba
453 487 599 557 scriptoris
617 486 903 555 metibus‚utdietum
913 490 1158 555 estetvariislec·

57 557 266 628 quadamtenus
289 556 466 626 mtellegaut
503 571 600 608 eorum
617 555 744 609 tionibus
764 553 855 609 eidem
873 556 1029 626 archetypo
1052 559 1158 613 additis

56 625 143 695 igitur
149 622 601 692 necessitatibusitaconsului,ut
618 624 673 679 orti
688 629 762 690 sunt,
777 631 809 677 ut
821 623 897 679 intra
910 625 1013 679 limites
1029 627 1097 680 satis
1107 644 1158 682 sn-

57 694 135 749 looos
144 693 332 773 desperatos,
346 691 397 745 ubi
410 692 459 760 iis,
475 692 599 763 quiante
618 698 719 763 gustos
734 692 894 746 emendatio
910 693 970 747 fere
986 693 1159 751 includenda

57 778 99 817 me
113 761 144 815 in
161 760 251 814 Livio
269 760 447 814 emendando
468 761 600 830 occupati
618 766 702 815 esset
722 759 857 814 librorum
866 759 954 830 igitur
962 763 1158 817 mssauctori-

55 829 184 898 fuerunt,
198 829 279 882 haud
289 829 390 883 melius
399 845 445 882 res
458 829 526 881 mihi
536 846 599 883 suc·
617 829 670 883 tati
685 829 842 883 servandae
861 846 946 900 quam
964 829 1081 884 maxime
1100 836 1159 884 stu·

53 899 177 953 cessisse
193 896 354 964 videretur,
373 912 437 950 oum
455 896 600 951 literarum
619 897 716 950 diosus
727 902 945 966 aprevatamen
956 898 1159 966 superstitione

51 967 229 1023 ductustum
239 963 445 1021 sententiarum
454 980 543 1019 nexus
556 982 599 1019 ra·
618 966 691 1019 liber
705 981 768 1018 esse
783 964 873 1032 volui,
889 982 946 1034 qua
959 965 989 1018 in
998 982 1029 1019 re
1043 984 1102 1020 non
1112 984 1160 1023 ve·

51 1035 131 1090 tione
145 1032 264 1103 habita,
278 1033 320 1087 ite
334 1039 410 1087 certe
424 1033 599 1102 resarcirem,
618 1050 683 1088 reor
692 1050 730 1089 nc
738 1032 821 1085 nimis
831 1033 924 1087 audax
934 1032 1001 1087 viris
1011 1034 1159 1091 harumre·

50 1109 83 1161 ut
92 1103 153 1159 sive
164 1101 265 1173 priore
274 1101 372 1173 aliquo
384 1101 442 1156 sive
451 1118 526 1158 novo
536 1119 599 1157 meo
620 1120 681 1155 rum
691 1101 788 1170 gnaris
807 1099 897 1155 fuisse
915 1101 1021 1157 videet.
1049 1119 1157 1173 eorum,

51 1172 169 1228 invento
189 1176 311 1240 recepto
329 1187 445 1225 sensum
459 1171 600 1251 quendam
619 1170 743 1241 quiante
753 1170 922 1223 meeandem
929 1169 1161 1241 provinciamad-

52 1241 229 1311 presberent
247 1240 285 1293 ab
303 1238 338 1292 iis
356 1254 431 1308 quae
443 1237 544 1293 Livius
558 1256 599 1293 se·
617 1237 1160 1307 ministraruntcoddmssinterpoleto·

57 1309 180 1363 eundum
189 1314 319 1363 veterum
333 1307 470 1362 librorum
478 1306 600 1379 vestigia
617 1324 679 1361 rum
693 1305 800 1359 librarii
813 1305 888 1359 inter
905 1307 994 1362 multa
1008 1307 1159 1364 conamina

59 1373 601 1444 dicereibiveldebuissetvelpotuisset
619 1373 1160 1431 siveinfaustasivemonstrosabicillio

59 1460 119 1498 non
131 1442 212 1498 nimis
224 1445 418 1499 recedentem.
445 1444 482 1498 de
496 1443 599 1524 quibus
618 1443 743 1499 remedia
757 1441 826 1496 satis
841 1440 971 1499 efficacia
985 1459 1020 1497 ex
1035 1441 1159 1501 officinis

60 1512 219 1581 conatibus,
228 1530 267 1569 ne
278 1511 395 1583 e0s‚qui
403 1511 474 1583 ipsis
484 1513 528 1567 his
538 1512 601 1567 lite-
618 1512 677 1567 suis
686 1509 754 1565 mibi
754 1511 973 1631 Ι11111111111111111,
987 1528 1057 1580 prae
1072 1513 1160 1569 omni·

56 1580 96 1636 ris
104 1597 222 1650 operam
230 1586 349 1649 navent,
364 1580 502 1650 fallerem,
512 1581 542 1637 in
551 1581 600 1635 ad·
617 1581 748 1635 busvero
771 1578 1160 1636 oannisl'riderioiilronovii

54 1648 204 1705 notatione
219 1650 320 1704 critica
333 1666 418 1721 quam
435 1648 599 1703 brevissime
616 1649 760 1719 palmares
778 1647 994 1705 emendationes
1013 1665 1099 1718 saepe
1118 1650 1161 1707 di-

54 1725 82 1775 et
91 1716 599 1791 quampleuissimerationemreddi-
617 1733 691 1787 gnae
701 1716 859 1782 viscosum,
887 1716 1160 1774 uasinordinemre-

55 1785 599 1857 dietlibrorumoptimorumscripturis
618 1786 746 1855 ciperem.
759 1790 873 1853 praeter
901 1786 1161 1840 uncexvetustiori-

54 1862 82 1912 et
90 1855 157 1911 aliis
167 1873 215 1909 vr.
225 1855 272 1908 dd.
283 1855 453 1909 coniecturis
466 1855 523 1908 sive
534 1871 599 1924 pro·
617 1856 671 1909 bus
682 1852 884 1922 interpretibus
894 1870 976 1906 nemo
986 1853 1161 1921 megisauxi·

53 1924 205 1980 habilibus
215 1923 275 1977 sive
284 1923 460 1977 notabilibus
470 1923 599 1993 proposi·
618 1919 1160 1992 liomihieratquamOarolusAndreas

56 1993 101 2048 tis.
114 1993 210 2062 ipsam
219 2007 288 2047 vero
298 1991 377 2047 illam
386 1991 600 2046 adnotationem
616 1990 750 2045 Dukerus
768 1991 937 2058 praesertim
953 1990 1003 2045 ubi
1021 1991 1160 2049 historica

57 2067 208 2133 praeterea
221 2059 354 2115 omnibus
369 2059 430 2114 fere
448 2060 532 2127 locis,
552 2060 600 2132 qui
618 2059 656 2114 ali
677 2076 715 2113 ua
734 2057 932 2128 disquisitione
951 2074 1023 2138 opus
1043 2065 1106 2114 erat
1123 2061 1161 2114 ad

58 2129 106 2183 vel
115 2129 154 2183 ob
161 2127 295 2183 lectionis
305 2145 355 2183 ms.
366 2127 424 2183 sive
434 2129 601 2183 varietatem
618 2144 668 2182 ver
690 2144 707 2181 a
725 2126 870 2196 scriptoris
890 2126 949 2181 sive
967 2127 1162 2198 mtellegenda

60 2196 119 2253 sive
138 2195 339 2251 difficultatem
357 2195 404 2250 vel
421 2196 459 2251 ob
478 2196 601 2251 virorum
619 2197 678 2251 sive
692 2195 882 2264 restituenda,
901 2212 937 2248 ex
949 2196 1158 2253 recentioribus

59 2266 207 2319 doctorum
223 2264 319 2318 studia
333 2263 369 2318 iis
380 2263 509 2334 impensa
517 2280 600 2334 pecu·
619 2281 685 2318 vero
714 2262 871 2318 Guilelmus
897 2262 1159 2333 Weissenbornius,

58 2334 119 2388 lieri
129 2333 232 2402 aliqua
244 2331 347 2386 notitia
359 2332 601 2386 viderentur-indi·
620 2332 668 2403 qui
676 2330 821 2384 indefesso
833 2329 939 2399 studio,
960 2348 1029 2385 sano
1044 2332 1160 2403 iudicio,

59 2419 134 2472 gere,
150 2401 254 2455 sedulo
264 2401 395 2469 apposui,
408 2406 440 2454 ut
451 2417 536 2470 quam
544 2417 601 2455 ma·
618 2399 755 2469 religiosa
765 2398 913 2467 diligentia
922 2399 1012 2453 libros
1021 2399 1159 2453 Livianos

58 2470 129 2524 xime
142 2484 262 2540 possem
275 2467 407 2538 graviora
420 2468 514 2522 omnia
529 2485 601 2549 quae
619 2485 671 2538 per
682 2467 806 2538 quinque
816 2467 908 2521 lustra
918 2473 947 2520 et
960 2468 1082 2536 amplius
1092 2485 1159 2522 noc·

58 2537 261 2593 sdlibroshos
275 2537 466 2591 recensendos
480 2543 601 2605 pertine·
619 2542 914 2602 turnaversetmanu,
933 2541 1029 2589 versat
1044 2536 1160 2604 diurna;

57 2612 119 2663 rent
129 2606 285 2676 seligerem
298 2610 328 2659 et
341 2621 546 2673 componerem.
572 2604 602 2657 in
620 2604 649 2659 in
660 2603 779 2673 singulis
790 2602 860 2659 locis
876 2602 1010 2659 sanandis
1025 2607 1090 2659 aute
1102 2621 1159 2657 om-

61 2674 70 2687 “
90 2673 244 2730 sadecade
255 2671 353 2743 prime,
369 2689 442 2743 quae
452 2688 602 2742 nunopro-
620 2690 672 2727 nes
682 2679 712 2726 et
721 2670 874 2727 Mauricius
884 2671 1028 2750 Hauptius
1038 2678 1068 2726 et
1076 2672 1160 2726 Ioan-

91 2740 602 2811 temendandaaocuratiusquemvel
619 2758 671 2795 nes
686 2740 822 2796 Nicolaus
837 2739 1041 2809 Madvig1us³³⁶
1059 2747 1089 2795 et
1106 2756 1161 2797 usu

62 2808 321 2865 aWeisscnbornio
330 2825 422 2889 nuper·
431 2808 538 2865 factum
549 2815 601 2875 est,
621 2815 650 2867 et
659 2808 817 2879 sagacitate
827 2807 907 2862 fuere
917 2808 1025 2865 felices.

60 2878 182 2933 Medicei
192 2876 303 2933 codicis
312 2884 385 2932 vesti
408 2878 434 2931 'a
467 2876 554 2945 ressi;
572 2877 602 2931 in
654 2877 719 2947 lpse
739 2893 855 2947 prorsus
874 2881 1025 2932 contentus
1049 2893 1112 2944 ero,
1136 2875 1161 2930 si

59 2946 192 3003 lectionis
200 2944 342 3000 varietate
351 2947 388 3000 ad
410 2895 603 3015 eniepraeter
620 2963 744 3001 mearum
754 2944 980 2999 coniecturarum
988 2961 1045 2999 una
1059 2945 1161 3003 altera-

56 3015 150 3086 ipsum
164 3016 243 3069 hunc
252 3014 369 3080 librum,
388 3021 522 3082 excerpta
530 3014 601 3068 Vor-
620 3031 654 3067 ve
665 3013 731 3066 viris
741 3013 938 3068 harumrerum
948 3012 1047 3082 peritis
1057 3012 1161 3071 nonul-

57 3083 215 3138 maeiensia
229 3089 259 3136 et
274 3083 339 3136 cod.
349 3082 518 3145 Parisinum‚
537 3082 602 3136 Ein-
621 3082 673 3136 mis
683 3084 769 3151 longe
779 3081 998 3135 recedereatam
1005 3080 1160 3148 praeclaris

58 3152 203 3220 sidlensis,
212 3150 374 3205 Florentini
382 3149 504 3205 S.Maroi
514 3157 544 3205 et
552 3168 603 3219 per
622 3151 757 3217 exemplis
763 3147 921 3202 visafuerit.
937 3154 1093 3216 quatamen
1100 3148 1160 3203 lau·

57 3219 366 3289 lib.I.Bambergensis
376 3219 544 3273 varietatum
552 3236 602 3288 po·
621 3219 656 3273 de
666 3217 757 3286 magis
768 3216 859 3270 altera
872 3215 939 3267 mihi
949 3215 1108 3283 expetenda
1122 3214 1161 3269 vi-

56 3289 197 3344 tissimam
206 3287 348 3341 rationem
362 3287 459 3355 habui,
473 3293 602 3341 utnovo-
622 3287 750 3354 debatur,
757 3290 790 3337 ut
799 3284 932 3337 universa
942 3282 1015 3337 baec
1025 3283 1162 3339 librorum

57 3375 119 3412 rum
137 3358 243 3411 borum
260 3354 453 3409 subsidiorum
467 3363 602 3426 quantum
621 3350 996 3409 Livianorumeditiosobrio
1008 3351 1113 3408 iudicio
1120 3357 1161 3409 at·

59 3442 110 3495 pro
119 3426 219 3480 lineae
228 3441 282 3494 pro
293 3423 398 3478 finibus
408 3423 492 3476 huius
503 3423 601 3477 editio-
621 3440 676 3493 que
692 3427 826 3477 accurata
840 3419 988 3489 diligentia
1003 3420 1101 3490 aequis
1120 3420 1162 3479 iu·

61 3494 105 3547 nis
113 3496 405 3563 liceretconspeotum
415 3492 612 3589 satisplenumy
621 3492 732 3546 dicibus
742 3490 885 3544 videretur
894 3505 957 3544 esse
968 3489 1108 3547 confecta.

62 3560 129 3614 viris
137 3564 231 3617 doctis
242 3577 440 3630 proponerem
461 3560 524 3613 libri
535 3576 601 3614 vero
657 3560 715 3613 Ser.
726 3559 752 3613 G
788 3559 872 3625 pbiae
882 3575 907 3613 a.
918 3557 1015 3614 dxll.
1021 3557 1160 3613 Kalliai.

58 3628 164 3700 primae
178 3629 302 3686 decadis
316 3646 413 3684 omnes
422 3629 463 3682 ita
477 3628 603 3707 corrupti
621 3646 646 3682 a.
659 3626 762 3681 MDCC
788 3627 878 3681 LVII.

56 3696 603 3780 ''diw'penqnemnt‘utpeinMeifieffi
647 3710 801 3779 836—l1ad—tdgll
816 3731 978 3771 emendationes
992 3741 1040 3770 cum
1054 3731 1077 3770 ln
1091 3730 1161 3779 ipsius

56 3768 170 3839 quidem
179 3769 293 3823 00le18
302 3771 472 3820 auctorliaie
482 3772 550 3818 snus
560 3772 602 3818 tu·
621 3785 688 3830 libris,
700 3785 809 3833 opusculis
819 3784 948 3822 sesdemlsls
957 3783 1084 3831 praesertim
1094 3786 1115 3820 et
1125 3780 1159 3821 ed.

55 3840 126 3891 ωας
146 3835 602 3892 uiegoendumessetgerroresve.
621 3837 657 3875 lib.
675 3835 864 3875 Ciceronianorum
883 3836 910 3874 ds
928 3835 1019 3879 finibus,
1038 3833 1161 3882 propositas

127 3854 144 3909 q
621 3891 671 3928 sunt
684 3893 730 3926 tum
744 3889 766 3925 lu
781 3887 828 3925 edd.
840 3887 876 3925 lib.
888 3886 954 3925 l-Ill
974 3890 996 3923 et
1014 3882 1161 3923 xxi-xxm

56 3920 88 3959 ω
122 3907 233 3986 Ῐθῗίᾳηῗ
249 3910 279 3958 et
292 3903 322 3956 in
337 3908 420 3984 e⁰.et
439 3901 468 3954 in
487 3903 760 3983 reliquisimmnomm
779 3939 925 3982 scholasticis.
949 3947 1000 3984 quas
1019 3936 1117 3975 Hcvnlse
1139 3944 1160 3972 ι.

113 3975 206 4030 duom
215 3972 1160 4042 mterpolatlseommlsslvebremensum.o.s.1ngennvius.cr.ann.ass.

517 4106 602 4114 .-...--
606 4105 707 4112 ......—-...
