2566 4524
153 245 217 312 130
388 257 507 313 amun
523 257 581 327 111,
600 254 625 310 5.
639 257 664 311 a.
684 255 862 325 [aaaron
875 256 940 326 aar]

97 442 129 491 12
149 424 305 503 acceptae.
345 414 474 480 difficile
496 415 538 480 ad
558 413 654 478 fidem
675 413 775 481 estin
792 422 858 479 tam
880 414 1012 498 antiqua
1031 436 1081 497 rc,
1105 423 1168 502 quot

147 510 357 599 pugnaverint
374 509 592 587 ceciderintve,
612 517 723 573 exacto
736 508 902 573 adfirmare
914 524 1059 575 numero.
1090 509 1170 583 audet

99 624 131 676 13
149 615 254 670 tamen
271 603 386 668 Antias
401 601 547 668 Valerius
566 603 730 687 concipere
749 624 903 668 summast
920 602 1088 670 Romanos
1105 604 1172 670 eeti-

148 701 234 765 disse
250 699 284 763 in
297 697 438 762 Hernico
456 720 532 784 agro
551 698 689 781 quinque
703 697 790 761 milia
807 719 845 762 ac
858 698 1023 777 ducentos,
1043 721 1086 764 ex
1096 720 1174 786 prae·
1209 728 1211 741 ·

149 792 309 859 datoribus
328 791 523 877 Aequorum,
542 792 597 875 qui
613 790 830 878 populabundi
846 792 880 855 in
896 792 1016 859 finibus
1030 793 1174 861 Romania

148 886 354 974 vagabantur,
373 886 412 952 ab
426 887 468 952 A.
478 886 644 952 Postumio
663 886 791 951 consule
808 887 872 952 duo
890 886 1024 953 miliaci
1037 890 1175 974 quadrin-
1209 928 1211 965 :

148 992 260 1070 gentos
283 1003 405 1060 caesos,
435 990 571 1046 ceteram
592 980 826 1044 multitudinem
846 981 999 1066 praedam
1027 992 1175 1070 agentem,

148 1096 229 1160 quac
246 1074 389 1140 inciderit
406 1075 440 1138 in
459 1073 658 1157 Quinctium,
686 1094 886 1157 nequaquam
907 1076 977 1160 pari
999 1076 1175 1147 defunctam

149 1192 220 1235 esse
238 1170 380 1248 caede3
370 1179 417 1233 mt
404 1168 536 1233 terfecta
552 1168 626 1231 inde
644 1176 791 1276 quattuor
813 1168 899 1233 milia
921 1177 967 1248 et,
995 1172 1176 1255 exequendo
1208 1180 1211 1255 ξ

150 1263 271 1329 subtilit
259 1273 307 1328 ter
323 1285 498 1340 numerum,
518 1262 715 1327 ducentos
688 1272 732 1325 art
719 1270 780 1326 tet
797 1262 934 1349 triginta.
1209 1260 1211 1291 ³

98 1379 129 1427 14
210 1356 258 1423 Ut
270 1356 407 1423 Romam
423 1356 560 1423 reditum
578 1365 609 1421 et
625 1356 779 1420 iustitium
795 1356 964 1421 remissum
983 1366 1043 1437 est,
1064 1360 1174 1425 eadm
1205 1318 1211 1451 l

146 1453 250 1517 visum
268 1462 316 1516 est
333 1453 442 1517 ardere
459 1451 645 1537 plurimo
613 1451 680 1514 roni
696 1460 904 1536 portentaque
921 1451 986 1517 alia
1002 1463 1061 1518 aut
1074 1454 1175 1520 obver-

147 1555 215 1610 sata
236 1544 335 1610 oculis
358 1554 412 1609 aut
437 1568 536 1610 vanas
564 1545 718 1609 exterritis
742 1553 938 1610 ostentavere
961 1547 1099 1631 spacies.
1129 1548 1174 1613 iria

147 1639 323 1703 avertendis
342 1639 512 1704 terroribus
529 1639 563 1703 in
580 1639 719 1704 triduum
737 1639 834 1704 feriae
851 1639 1004 1719 indictae,
1027 1660 1089 1728 per
1104 1664 1171 1727 quaa

147 1732 252 1798 omnia
269 1732 400 1800 delubra
415 1756 528 1818 pacem
546 1735 640 1798 deum
658 1734 895 1818 exposcentium
912 1734 1056 1800 virorum
1074 1736 1172 1801 mulie·

97 1849 128 1897 15
146 1848 279 1911 rumque
298 1828 390 1894 turba
405 1828 615 1917 inplebantur.
648 1828 790 1893 cohortes
815 1829 889 1893 inde
906 1828 1047 1895 Latinae
1065 1829 1172 1895 Herni-

146 1944 263 2005 caeque
282 1923 321 1986 ab
341 1932 452 1987 senatu
471 1924 580 2008 gratiis
593 1922 634 1988 ob
649 1923 804 2010 inpigram
818 1922 961 1987 militiam
975 1924 1057 1990 actis
1071 1924 1170 1991 rents

147 2037 200 2081 sae
218 2017 338 2081 domos.
374 2017 521 2080 Antiates
541 2017 625 2081 mille
647 2017 777 2095 milites,
805 2017 879 2101 qula
897 2036 1005 2082 serum
1027 2018 1170 2085 auxilium

144 2124 218 2197 post
234 2111 389 2198 proelium
406 2122 564 2190 venerant,
582 2134 681 2198 prope
700 2134 772 2176 curn
789 2112 963 2199 ignomlnia
980 2113 1114 2180 dimissi

113 2226 126 2271 1
211 2204 270 2271 VI.
307 2204 445 2272 Comitia
460 2206 534 2270 inde
551 2206 667 2284 habita,
687 2207 783 2271 creati
796 2206 941 2272 consules
954 2207 998 2272 L.
1008 2207 1168 2283 Aebutius,

144 2299 183 2364 P
199 2297 362 2366 Servilius.
390 2300 533 2365 kalendis
550 2298 789 2378 Sextilibus‚tu
776 2309 880 2365 ttunc
895 2301 1090 2388 principium
1104 2298 1166 2369 nati

111 2413 125 2460 a
145 2394 306 2481 agebatur,
325 2395 545 2462 consulatum
536 2404 653 2459 meunt.
677 2417 774 2481 grave
788 2405 912 2481 tempus
927 2405 959 2460 et
977 2397 1166 2465 fortemne

141 2490 292 2575 pestilens
316 2499 382 2555 erat
369 2489 474 2554 turbi
497 2489 644 2576 agrisque
665 2511 724 2554 nec
745 2490 924 2556 hominibus
951 2492 1057 2580 magis
1085 2508 1166 2577 quan

141 2584 257 2668 pecori,
276 2592 309 2649 et
326 2606 441 2649 auxere
459 2583 523 2647 vim
537 2582 640 2648 morbi
653 2591 770 2649 terrore
782 2584 996 2671 populationis
1009 2585 1165 2672 pecoribus

109 2695 124 2741 a
143 2674 382 2762 agrestibusque
404 2679 438 2741 in
459 2677 570 2742 urbem
594 2679 741 2764 acceptis.
778 2701 816 2744 ea
840 2679 985 2744 conluvio
1006 2682 1165 2747 mixtomn

143 2771 245 2834 omnis
267 2772 392 2856 generis
419 2771 681 2836 animantiumt
650 2782 681 2836 et
707 2774 802 2838 odore
827 2773 954 2839 insolito
980 2774 1120 2841 urbanos
1142 2780 1165 2837 et

142 2872 301 2948 agrestem
319 2864 520 2929 confertum
510 2888 544 2929 1n
562 2875 629 2930 arta
645 2875 729 2932 tecta
746 2877 835 2933 aestu
853 2890 891 2933 ac
908 2868 1027 2955 vigiliis
1041 2869 1165 2959 angebat

142 2956 413 3040 ministeriaque
403 2958 539 3023 invicem
566 2980 603 3024 ac
630 2963 776 3048 contagio
802 2963 873 3049 ipsa
899 2963 1075 3049 volgabant
1094 2984 1164 3029 mor

106 3072 123 3118 4
141 3050 210 3118 bos
237 3051 291 3117 vix
308 3051 461 3118 instantes
481 3054 635 3119 sustinent
622 3056 706 3120 tibus
722 3055 826 3120 clades
840 3066 968 3142 repente
980 3056 1082 3145 legati
1093 3057 1164 3124 Hs

140 3146 204 3212 uici
221 3146 379 3229 nuntiant,
402 3149 437 3212 in
454 3171 531 3236 agro
551 3172 608 3214 suo
626 3149 759 3234 Aequos
777 3150 977 3235 Volscosque
999 3151 1163 3220 commata
1209 3194 1211 3199 ·

140 3241 240 3328 copiis
258 3250 361 3307 castra
377 3243 533 3328 posuisse,
551 3243 625 3308 inde
644 3245 783 3308 exercitu
800 3245 920 3331 ingenti
931 3246 1014 3312 fines
1033 3268 1110 3314 suos
1121 3246 1164 3311 tle

106 3336 291 3420 apopulari.
336 3348 555 3422 praeterquam
582 3340 667 3423 quod
692 3339 875 3424 infrequens
903 3349 1034 3408 senatus
1059 3339 1164 3408 indicit

141 3437 206 3492 erat
225 3429 332 3507 sociis,
356 3432 513 3497 adflictam
531 3433 689 3498 civitatem
706 3433 885 3519 pestilentia
908 3456 993 3513 esse,
1018 3444 1163 3503 mserum

141 3521 234 3586 etiam
251 3544 438 3608 responsum
451 3526 559 3605 tulere,
578 3536 614 3591 ut
625 3550 682 3613 per
696 3550 729 3593 se
741 3527 804 3613 ipsi
816 3527 948 3593 Hernici
961 3549 1037 3596 cum
1049 3527 1162 3596 Laud·

139 3635 190 3679 res
218 3638 291 3682 suas
317 3626 504 3685 tutarenturz
531 3620 643 3686 urbem
670 3623 847 3687 Romanam
874 3621 980 3688 subita
1006 3624 1103 3690 deum
1124 3622 1161 3687 trs

141 3709 249 3775 morbo
266 3713 425 3798 populari3
452 3716 560 3799 siqua
585 3717 652 3782 eius
675 3717 750 3781 mali
772 3716 861 3800 quies
884 3717 1004 3796 veniat,
1033 3732 1070 3783 ut
1089 3730 1161 3783 anm

140 3812 221 3881 ante,
240 3815 275 3869 ut
293 3829 418 3892 semper
435 3808 511 3874 alias
530 3811 624 3876 sociis
644 3834 736 3896 opem
753 3811 881 3876 laturos.
1208 3896 1211 3901 Ι

107 3919 121 3969 6
203 3898 390 3966 Discessere
409 3903 487 3968 socii
504 3925 560 3989 pro
578 3906 660 3970 tristi
673 3906 782 3970 nuntio
797 3904 965 3972 tristiorem
978 3905 1158 3971 domurnre·

140 3991 291 4073 ferentes,
319 3996 434 4082 quippe
452 3997 567 4082 quibus
585 4022 642 4084 per
660 4022 694 4064 se
716 3999 935 4065 sustinendum
956 3998 1076 4065 bellum
1092 4002 1158 4073 crat
1208 4030 1211 4039 ·
