2566 4524
147 250 212 317 340
344 257 462 316 LIBER
478 258 536 328 vl,
553 257 596 313 34
610 256 652 313 35.
671 261 747 326 [aa.
758 257 983 332 o.377(8)-385]

99 442 131 491 ιο
148 420 256 498 domo,
279 439 375 503 quarn
391 438 451 484 nec
467 415 569 481 honos
586 436 645 481 nec
662 415 765 503 gratia
781 415 896 483 irrtrare
913 426 1030 504 posset
1063 440 1146 486 consa

147 514 216 581 lans
234 514 307 579 inde
325 512 422 576 liliam
438 508 619 575 Ambustus
636 508 755 576 bonum
773 508 913 575 animum
934 510 1049 581 habere
1067 513 1146 579 iussit:

38 594 46 607 '¹
147 608 277 675 eosdem
293 627 392 693 prope
409 604 493 671 diem
509 603 596 671 domi
613 604 753 670 visuram
769 602 915 684 honores,
934 626 1015 690 quos
1028 608 1149 694 apudso
1183 644 1191 651 -

97 726 128 774 11
145 725 250 770 rorem
271 701 386 766 videat.
420 699 494 765 inde
516 697 647 765 consilia
667 698 746 765 inira
768 720 842 767 cum
862 721 983 786 genero
1005 702 1099 788 coepit
1112 703 1150 769 ad·

147 797 246 863 hibito
263 796 306 861 L.
324 791 451 871 Sextio,
480 801 607 859 anenno
629 791 831 861 adulescente
852 804 886 859 et
901 795 993 863 ardus
1016 798 1082 883 spei
1094 796 1152 863 nihil

147 900 270 979 praeter
286 910 387 975 genus
405 886 571 973 patricium
588 887 723 955 deesset.

114 1008 128 1055 1
210 982 363 1050 XXXV.
388 979 524 1048 Occasio
532 980 699 1048 videbatur
710 1004 815 1049 rerum
827 982 1153 1071 novandarumproptsr

145 1081 307 1167 ingentem
324 1076 390 1143 vim
407 1075 487 1142 aeris
506 1075 612 1155 alieni,
635 1076 725 1143 cuius
742 1076 888 1143 levamen
904 1077 982 1143 mali
998 1078 1093 1164 plebis
1108 1077 1154 1145 nisi

113 1197 128 1244 a
148 1175 214 1240 suis
231 1173 265 1238 in
283 1193 407 1238 summo
423 1170 555 1257 imperio
572 1170 683 1237 locatis
700 1170 823 1237 nullum
836 1181 985 1257 speraret.
1012 1173 1153 1259 accingen-

147 1270 224 1335 dum
242 1269 284 1333 ad
301 1289 371 1333 eam
389 1265 610 1353 cogitationem
628 1287 708 1331 esse.
744 1266 888 1333 conando
909 1268 1092 1353 agendoque
1105 1267 1153 1333 ian

146 1385 184 1429 eo
197 1362 331 1449 gradum
344 1360 460 1426 secisse
471 1358 624 1446 plebeios,
642 1358 736 1438 unde,
755 1359 783 1427 si
791 1382 884 1447 porro
897 1361 1086 1442 adnitantur,
1100 1383 1153 1448 per·

145 1456 251 1522 venire
273 1455 456 1521 adsumme
477 1463 508 1520 et
533 1453 675 1540 patribus
701 1454 830 1540 aequari
854 1464 920 1523 tam
941 1455 1059 1525 honore
1079 1478 1153 1543 quan

145 1551 260 1615 virtute
277 1558 417 1635 possent

112 1667 127 1714 a
209 1644 250 1710 In
265 1643 443 1730 praesentis
460 1640 602 1709 tribunos
617 1641 720 1728 plebis
737 1641 806 1709 fieri
822 1642 956 1730 placuit,
979 1667 1043 1731 qno
1058 1646 1089 1711 in
1103 1666 1153 1711 ma·

144 1740 279 1828 gismatu
299 1737 426 1805 sibimet
446 1736 509 1824 ipsi
529 1736 614 1805 viam
640 1737 682 1802 ad
707 1746 828 1805 ceteros
849 1737 985 1805 honores
1012 1741 1152 1826 aperirent

105 1835 303 1918 screatique
333 1831 450 1899 tribuni
476 1829 516 1898 (l.
538 1830 684 1899 Licinius
710 1840 742 1899 et
766 1831 809 1899 L.
837 1829 967 1899 Sextius
997 1832 1153 1921 promulgs·

144 1950 218 1994 vere
234 1928 322 2015 leges
340 1947 450 1992 omnes
468 1925 619 1991 adversus
642 1947 719 2011 opes
741 1925 943 2013 patriciorum
964 1937 997 1992 et
1013 1950 1069 2014 pro
1088 1950 1153 1995 oona

144 2021 246 2086 modis
273 2019 389 2106 plebis:
416 2042 511 2084 unam
538 2019 577 2084 de
603 2041 675 2084 aere
700 2017 816 2099 alieno,
848 2029 883 2084 ut
909 2020 1045 2089 deducto
1070 2021 1152 2089 coda

145 2115 261 2200 capite,
297 2113 384 2199 quod
408 2112 512 2179 usuris
539 2122 792 2200 pernumeratum
819 2124 917 2194 esset,
952 2116 988 2181 id
1013 2118 1096 2203 quod
1116 2138 1152 2182 su·

111 2218 285 2296 operesset
310 2207 442 2275 triennio
468 2208 577 2292 aeqtus
603 2207 799 2294 portionibus
823 2208 1068 2295 persolveretur3
1096 2210 1153 2277 alte·
1191 2232 1194 2237 ·

142 2328 212 2370 ram
234 2304 273 2370 de
299 2302 393 2369 modo
419 2325 581 2390 agrorum,
607 2324 648 2369 ne
674 2302 744 2387 quis
769 2302 842 2388 plus
868 2303 1042 2391 quingenta
1066 2306 1152 2394 iuga·

144 2397 212 2484 agri
233 2397 421 2484 possideret3
449 2396 585 2475 tertiam,
612 2419 652 2465 ne
674 2396 870 2463 tribunorum
891 2398 1028 2465 militnm
1050 2398 1152 2465 comitis

142 2493 270 2571 fierent,
306 2493 534 2576 consulumque
560 2492 669 2577 utique
700 2491 779 2558 alter
810 2513 850 2559 ex
879 2493 974 2579 plebe
1006 2504 1151 2568 crearetuq

143 2596 256 2654 cuncta
276 2586 417 2672 ingentia
438 2595 470 2651 et
491 2606 572 2670 quae
600 2585 668 2652 sine
690 2586 858 2652 certamine
880 2588 1022 2657 maximo
1043 2584 1152 2657 obtineri
1191 2640 1194 2649 .

142 2704 206 2746 non
224 2689 363 2765 possent.
1191 2674 1194 2681 ’

109 2793 123 2840 ο
208 2771 361 2840 Omnium
378 2771 474 2858 igitur
492 2772 585 2841 simul
602 2795 715 2852 rerum,
735 2795 867 2858 quarum
884 2775 1045 2845 inmodica
1061 2774 1152 2863 cupido
1190 2772 1194 2779 ’

141 2867 222 2931 inter
229 2865 377 2931 mortales
393 2875 450 2943 est,
469 2866 546 2953 agri,
565 2868 727 2953 pecuniae,
746 2867 899 2935 honorum
914 2870 1092 2939 discrimine
1099 2890 1153 2957 pro
1191 2931 1194 2953 ‚

140 2959 244 3046 posito
262 2959 419 3027 conterriti
435 2971 540 3046 patres
555 2982 628 3029 oum
645 2961 861 3047 trepidassent,
878 2963 1018 3049 publicis
1030 2963 1153 3053 privatis·
1192 2960 1194 2969 ’

141 3076 203 3139 que
212 3054 350 3122 consiliis
359 3054 444 3123 nullo
457 3055 595 3122 remedio
608 3055 670 3123 alio
679 3064 803 3143 praeter
816 3067 980 3144 expertam
994 3061 1099 3127 multis
1106 3060 1152 3125 im
1192 3114 1194 3119 .

141 3158 212 3215 ante
231 3149 452 3219 certaminibus
469 3149 726 3219 intercessionem
742 3150 885 3230 invento,
905 3152 1047 3242 collegas
1064 3155 1153 3221 adru-

107 3264 196 3311 ssus
218 3243 401 3313 tribunicias
421 3244 600 3331 rogationes
623 3255 881 3331 conparaverunt.
922 3249 979 3331 qui
997 3249 1053 3316 ubi
1074 3247 1152 3315 tribu
1193 3301 1194 3313 .

140 3338 181 3403 ad
199 3338 386 3424 suffragium
402 3337 575 3407 ineundum
597 3337 686 3405 citari
707 3339 870 3407 aLicinio
890 3337 1066 3428 Sextioque
1085 3341 1153 3407 vida·

138 3441 226 3510 ιιιιιι,
249 3433 354 3519 stipati
371 3443 496 3519 patrum
512 3432 677 3518 praesidiis
695 3455 754 3502 nec
770 3434 894 3503 recitari
915 3438 1096 3523 rogationes
1110 3452 1152 3501 οοο

140 3524 290 3592 sollemne
308 3525 477 3612 quicquam
500 3527 586 3595 aliud
607 3528 648 3595 ad
670 3527 870 3597 sciscendum
890 3528 979 3614 plebi
995 3532 1064 3599 fieri
1084 3524 1152 3617 pasti

104 3628 223 3687 8sunt.
262 3620 388 3707 iamque
414 3622 530 3689 frustra
557 3644 651 3709 saepe
678 3623 809 3692 concilio
836 3624 991 3693 advocato
1019 3650 1087 3693 cum
1109 3641 1151 3710 pm

137 3715 306 3800 antiquatis
323 3717 504 3806 rogationes
522 3727 642 3785 essent:
668 3718 761 3784 ‘bene
778 3718 887 3789 habet'
902 3720 1010 3806 inquit
1027 3718 1150 3791 Sextias

137 3812 278 3896 ‘quando
309 3813 438 3899 quidem
468 3821 590 3883 tantum
619 3813 878 3883 intercessionem
907 3815 1029 3902 pollere
1057 3814 1148 3918 placeb

97 3922 118 3973 ο
135 3905 223 3973 ἱοιο
214 3931 284 3995 rpso
303 3906 365 3974 telo
383 3906 554 3977 tutabimur
570 3907 705 3995 plebem.
740 3919 807 3996 agit
784 3909 918 3989 tedum,
947 3911 1073 3977 comitia
1086 3901 1149 3975 iudi·

134 4000 205 4080 cite,
223 4011 339 4089 patres,
358 4000 489 4069 tribunis
507 4002 641 4069 militum
660 4004 816 4070 creandis.
808 4003 926 4084 faxo,
945 4028 986 4071 ne
1004 4006 1087 4073 iuvet
1100 4014 1147 4065 rot
