2566 4524
201 305 211 314 .
267 264 388 320 LIBER
406 265 506 338 VIIII,
523 265 567 322 45.
579 265 623 322 46.
641 269 680 336 [a.
691 266 862 338 O.305.304]
1013 255 1080 323 493

65 448 80 494 o
99 425 253 511 deinceps
272 445 345 489 oum
361 421 485 491 levibus
502 423 668 511 praesidiis
685 423 811 490 urbium
827 424 1007 491 relictamm
1023 448 1080 493 ex·

65 521 139 587 idio.
176 518 282 604 itaque
298 526 467 605 postquam
482 518 564 585 inter
580 518 695 585 multas
713 518 883 586 sententias
901 543 978 599 una,
996 542 1079 605 quac
1098 541 1130 594 12

65 616 168 682 missa
183 635 261 682 cura
277 612 493 679 communium
509 613 551 680 ad
570 624 750 700 respectum
770 636 900 680 suarum
921 636 1078 701 quemque

65 733 152 777 rrum
171 707 331 787 vertisset,
354 707 474 786 audita,
496 717 532 773 ut
548 707 651 796 prima
666 707 775 795 vigilia
792 708 909 775 diversi
930 710 1078 777 ecastris
1097 730 1129 781 ra

65 805 82 871 1
106 802 307 891 deportanda
326 802 433 869 omnia
453 802 632 887 tuendaque
653 803 819 871 moenibus
840 804 875 869 in
895 803 990 872 urbes
1011 803 1079 871 abi-

65 909 128 978 rnt,
157 898 263 964 cuncti
288 919 360 964 eam
386 897 573 964 sententiam
602 897 724 985 ingenti
753 898 892 965 adsensu
917 921 1077 986 accepere.

65 994 163 1062 alatis
180 991 326 1060 hostibus
341 1015 400 1081 per
416 1015 510 1081 agros
526 993 629 1081 prima
645 992 716 1059 luce
733 992 870 1060 Romani
886 995 987 1082 signis
1004 1018 1078 1083 pro·
1096 1016 1129 1065 14

65 1090 117 1155 ‚tis
140 1089 177 1154 in
197 1087 266 1154 acie
288 1088 465 1155 consistunt
486 1098 531 1167 et,
555 1087 611 1154 ubi
631 1109 725 1154 nemo
747 1087 859 1155 obvius
881 1088 961 1169 ibat,
983 1090 1078 1178 pleno

65 1183 149 1250 radu
168 1182 210 1248 ad
226 1191 330 1250 castra
351 1181 490 1249 bostium
512 1183 653 1249 tendunt.
688 1192 827 1249 ceterum
847 1193 1016 1271 postquam
1032 1184 1078 1252 ibi
1097 1204 1129 1253 15

65 1300 150 1364 eque
178 1276 328 1343 stationes
354 1298 412 1364 pro
437 1277 536 1364 portis
562 1298 621 1343 nec
647 1299 837 1362 quemquam
858 1276 893 1342 in
914 1278 997 1344 vallo
1018 1301 1078 1344 nec

65 1372 210 1438 ’emitum
232 1381 418 1437 consuetum
440 1381 615 1437 castrorum
636 1371 934 1450 animadverterunt,
952 1372 1078 1438 insolito

66 1467 173 1535 lentio
181 1466 258 1532 moti
266 1476 353 1532 metu
361 1454 545 1532 insidiarum
554 1465 739 1533 subsistunt.
765 1467 955 1553 transgressi
964 1467 1078 1533 deinde
1098 1488 1129 1538 16

65 1563 168 1631 allum
190 1584 263 1626 cum
284 1561 410 1627 deserta
431 1562 537 1629 omnia
558 1561 766 1640 invenissent,
793 1570 929 1649 pergunt
954 1561 1078 1629 hostem

65 1657 191 1744 estigiis
209 1656 308 1741 sequi
340 1656 397 1723 sed
414 1656 547 1744 vestigia
564 1657 597 1722 in
614 1679 724 1724 omnes
742 1679 842 1741 aeque
859 1656 991 1723 ferentia
1006 1679 1080 1744 par-

65 1778 91 1820 ts
111 1751 196 1818 utin
208 1751 339 1837 dilapsis
356 1752 476 1838 passim
488 1752 589 1838 primo
603 1774 739 1817 errorem
755 1751 922 1830 faciebant,
937 1763 1010 1839 post
1022 1774 1079 1836 per
1098 1775 1130 1821 rr

65 1846 261 1934 rploratores
280 1846 435 1931 conpertis
452 1846 591 1912 hostium
609 1846 747 1912 consiliis
765 1846 806 1912 ad
824 1846 965 1934 singulas
982 1844 1078 1912 urbes

65 1940 298 2010 lrcumferendo
325 1940 409 2006 bello
435 1964 533 2006 unum
554 1951 586 2007 et
608 1942 736 2029 triginta
761 1941 877 2028 oppida
902 1940 984 2007 intra
1009 1939 1078 2006 dies

65 2035 279 2122 uinqnaginta
297 2036 402 2101 omnia
418 2036 631 2123 oppugnando
649 2047 808 2123 ceperunt,
826 2059 961 2121 quorum
977 2036 1081 2122 plera-

65 2153 108 2198 ne
126 2129 232 2195 diruta
249 2139 343 2214 atque
360 2129 502 2207 incensa,
513 2151 702 2214 *nomenque
719 2130 905 2214 Aequorum
922 2152 1020 2217 prope
1037 2128 1080 2194 ad

65 2223 293 2293 tternecionem
306 2223 453 2289 deletum.
481 2223 520 2288 de
529 2222 653 2307 Aequis
667 2224 906 2308 triumphatum
920 2223 1080 2309 exemplo-
1099 2241 1130 2293 18

65 2341 110 2386 ue
129 2339 238 2384 eorum
253 2317 358 2384 clades
376 2317 445 2396 fuit,
459 2328 495 2383 ut
503 2315 686 2396 Marrucini,
695 2317 806 2395 Marsi,
816 2316 970 2403 Paeligni,
980 2317 1080 2382 Fren-

65 2412 114 2481 tni
136 2411 295 2478 mitterent
311 2412 447 2478 Romam
466 2421 604 2478 oratores
626 2411 713 2497 pacis
735 2411 888 2497 petendae
910 2410 1081 2476 amicitiae-

65 2531 119 2575 ue.
160 2505 210 2573 his
228 2507 352 2593 populis
370 2507 483 2574 foedus
500 2507 679 2593 petentibus
697 2506 816 2572 datum.

110 2601 321 2669 XXXXVI.
339 2602 464 2668 Eodem
483 2624 565 2668 anno
576 2600 635 2668 Cn.
646 2602 776 2667 Flavius
787 2601 848 2667 Cn.
862 2600 945 2666 filius
964 2599 1077 2678 scriba,
1097 2621 1112 2669 1

64 2708 136 2767 atre
155 2697 299 2764 libertino
317 2697 428 2762 humili
449 2697 576 2764 fortuna
598 2706 697 2777 ortus,
722 2707 860 2764 ceterum
882 2695 1013 2761 callidus
1032 2695 1080 2760 vir

65 2806 76 2862 t
101 2793 274 2872 facundus,
301 2792 411 2859 aedilis
438 2792 555 2860 curulis
577 2793 647 2859 fuit.
687 2793 814 2858 invenio
835 2793 868 2858 in
890 2790 1113 2876 quibusdamr
1208 2804 1211 2809 ’

65 2887 230 2966 nnalibus,
253 2910 326 2953 cum
348 2898 513 2974 appareret
535 2888 690 2954 aedilibus
713 2889 842 2972 fierique
861 2911 895 2954 se
917 2910 974 2974 pro
996 2886 1081 2953 tribu

65 2981 184 3049 edilem
202 2980 321 3047 videret
338 3004 440 3066 neque
458 2982 558 3069 accipi
579 3005 709 3060 nomen,
731 2984 806 3065 quia
823 2984 973 3069 scriptum
995 2983 1082 3049 face·

65 3086 104 3156 et,
119 3067 261 3142 tabulam
274 3078 419 3162 posuisse
433 3087 464 3142 et
476 3078 606 3156 iurasse,
622 3099 656 3142 se
670 3076 821 3162 scripturn
834 3099 898 3141 non
911 3076 1078 3141 facturum.

65 3193 145 3237 uem
163 3170 321 3256 aliquanto
339 3182 411 3236 ante
425 3172 546 3238 desisse
565 3172 714 3258 scriptum
733 3170 836 3234 facere
855 3170 959 3256 arguit
967 3169 1079 3234 Macer
1097 3191 1112 3236 3

65 3264 196 3352 sicinius
214 3264 373 3330 tribunatu
391 3275 462 3330 ante
480 3276 571 3351 gesto
590 3265 908 3348 triumviratibusque‚
928 3275 1079 3329 nocturno

65 3362 157 3437 ltere,
172 3359 268 3424 altero
286 3359 427 3425 coloniae
444 3359 656 3425 deducendae.
684 3372 832 3437 ceterum,
846 3359 879 3423 id
892 3359 978 3441 quod
995 3357 1080 3421 haud
1097 3377 1114 3424 4

65 3458 220 3540 iscrepat,
238 3457 435 3523 contumacia
452 3456 603 3520 adversus
622 3465 855 3520 contemnentes
872 3453 1080 3519 bumilitatem

65 3573 140 3617 uam
154 3548 277 3617 nobiles
295 3551 435 3629 certavit,
454 3550 544 3616 civile
561 3550 611 3616 ius
628 3551 800 3636 repositum
817 3549 851 3614 in
867 3549 1079 3637 penetralibus
1098 3566 1114 3614 5

65 3643 234 3712 ontificum
251 3645 412 3732 evulgavit
430 3645 592 3730 fastosque
609 3644 692 3710 circa
710 3644 813 3709 sorum
829 3644 863 3709 in
876 3644 948 3710 albo
967 3667 1080 3731 propo-

65 3738 122 3818 nit,
137 3749 173 3803 ut
185 3739 312 3823 quando
324 3740 395 3826 lege
408 3741 461 3827 agi
478 3750 587 3825 posset
600 3739 744 3817 sciretur;
762 3739 873 3804 aedem
883 3738 1079 3803 Concordiae
1099 3757 1114 3803 6

65 3857 80 3900 r
93 3854 170 3899 area
178 3831 314 3899 Vulcani
327 3857 451 3900 summa
462 3835 579 3900 invidia
592 3834 744 3900 nobilium
758 3834 923 3909 dedicavit,
937 3842 1080 3896 coactus-

65 3949 111 4014 ‚uc
125 3949 283 3996 consensu
300 3929 409 4016 populi
419 3928 585 3996 Cornelius
594 3928 752 3995 Barbatus
766 3928 908 4017 pontifex
922 3925 1079 3990 maximus

65 4021 148 4088 erba
165 4021 296 4109 praeire,
316 4046 388 4089 cum
405 4044 493 4090 more
510 4025 665 4091 maiorum
680 4038 820 4111 negaret,
838 4023 900 4089 nisi
917 4019 1078 4087 consulem
