2566 4524
208 236 250 303 90
477 245 594 303 urana
611 246 655 318 n,
673 246 715 303 ae.
728 247 770 302 30.
790 249 865 317 [aa
876 246 974 317 asso]

199 409 305 474 sules:
326 413 379 472 ‘ne
397 404 592 493 praedictum
610 405 743 491 negetis,
761 413 867 491 patres
886 403 1066 491 conscripti,
1086 404 1178 473 adest
1193 406 1235 473 in·

205 526 284 591 gens
312 501 434 587 seditio.
470 497 682 584 postulamus,
711 508 745 563 ut
770 498 807 577 ii,
835 497 890 583 qui
915 498 1054 565 maxime
1080 498 1233 585 ignaviam

205 599 376 683 increpant,
395 594 500 660 adsint
516 592 607 659 nobis
626 592 815 658 habentibus
834 592 993 660 dilectum.
1029 593 1175 661 acerrimi
1188 616 1234 661 ou·

170 712 187 760 a
204 694 316 776 iusque
335 689 476 765 arbitrie,
495 687 622 771 quando
639 687 683 752 ita
700 687 817 774 placet,
835 709 903 753 rem
921 686 1075 775 agemus?
1109 688 1233 757 redeunt
1270 688 1273 699 '

205 788 236 852 in
264 783 413 861 tribuual,
441 782 530 848 citari
556 782 740 847 nominatim
766 805 865 847 unum
888 804 928 847 cx
953 781 1006 861 iis,
1034 782 1092 869 qui
1112 783 1147 849 in
1168 806 1232 851 con·

207 888 315 965 spectu
334 886 435 954 erant,
464 876 570 942 dedita
588 899 683 962 opera
704 876 823 942 iubent.
861 899 933 942 cum
957 885 1055 943 staret
1078 878 1231 945 tacituset

206 973 289 1039 circa
307 994 378 1036 eum
401 971 519 1055 aliquot
540 970 719 1049 hominum,
746 968 891 1036 neforto
914 970 1099 1051 violaretur,
1127 972 1231 1039 consti·

173 1090 187 1139 a
206 1067 296 1133 tisset
312 1066 441 1153 globus,
465 1066 606 1131 lictorem
625 1066 666 1130 ad
684 1088 756 1132 eum
774 1064 920 1131 consules
939 1064 1076 1132 mittunt.
1113 1088 1176 1151 quo
1189 1088 1230 1133 re·

203 1162 311 1250 pulso,
338 1171 405 1226 tum
426 1183 501 1227 vcro
522 1160 689 1248 indignum
711 1159 834 1226 facinus
862 1182 933 1227 esse
961 1161 1158 1229 clamitantes
1183 1160 1229 1247 qni

204 1269 328 1346 patrum
347 1256 528 1323 consulibus
547 1256 677 1321 aderant
694 1255 842 1321 devolant
857 1254 897 1321 de
911 1255 1068 1333 tribunali,
1088 1266 1125 1321 ut
1138 1252 1228 1323 lictori

171 1374 187 1421 4
205 1353 322 1419 auxilio
340 1360 454 1417 essent.
492 1351 548 1416 sed
567 1350 606 1415 ab
624 1350 746 1428 liotore,
771 1349 849 1413 nihil
867 1349 954 1414 aliud
971 1371 1067 1433 quam
1086 1348 1227 1435 prendere

203 1447 374 1536 prohibito,
403 1468 476 1511 cum
499 1467 669 1511 conversus
692 1444 726 1509 in
747 1452 851 1531 patres
874 1445 1011 1531 impetus
1038 1454 1138 1523 esset,
1164 1464 1226 1511 con·

205 1544 308 1608 sulum
326 1541 501 1606 intercursu
523 1540 592 1604 rixa
614 1539 723 1604 sedata
745 1548 806 1618 est,
834 1539 867 1605 in
889 1560 953 1622 qua
975 1547 1082 1603 tamen
1105 1539 1171 1605 sine
1189 1537 1226 1603 la·

202 1636 290 1723 pide,
318 1635 385 1701 sine
403 1632 465 1699 telo
482 1634 554 1719 plus
572 1632 716 1698 clamoris
736 1642 829 1718 atque
851 1632 968 1698 irarum
991 1654 1088 1717 quam
1106 1632 1225 1699 iniuriae

172 1730 317 1799 aluerat.
355 1736 497 1805 senatus,
525 1726 717 1792 tumultuose
740 1735 885 1804 vocatus,
913 1726 1139 1794 tumultuosius
1163 1748 1226 1795 oon·

204 1824 324 1902 srditur,
344 1822 560 1907 quaestionem
577 1818 810 1907 postulantibus
828 1819 878 1899 iis,
897 1821 952 1904 qui
969 1819 1089 1907 pulsati
1103 1821 1224 1899 fuerant,

203 1921 389 1985 decernente
407 1916 604 1981 ferocissimo
622 1936 748 1999 quoque
766 1937 831 1980 non
849 1915 1011 1982 sententiis
1026 1916 1131 2004 magis
1143 1934 1225 2002 quam
1246 1916 1250 1923 '

170 2014 341 2081 eclamore
364 2020 396 2077 et
423 2010 564 2095 strepitu.
605 2009 733 2074 tandem
760 2031 833 2074 cum
858 2009 923 2074 irae
950 2011 1157 2091 resedissent,
1182 2032 1226 2075 ex·

202 2106 423 2195 probrantibus
452 2104 648 2184 consulibus,
684 2103 782 2170 nihilo
812 2104 884 2191 plus
916 2105 1057 2171 sanitatis
1089 2106 1124 2171 in
1153 2104 1226 2172 curio

203 2224 299 2287 quam
316 2201 350 2266 in
367 2200 436 2266 foro
454 2222 534 2278 esse,
554 2198 663 2265 ordine
682 2198 805 2265 consuli
823 2198 934 2285 coepit.

170 2319 184 2364 ⁷
268 2296 348 2362 Tres
366 2294 454 2360 fuere
473 2294 660 2361 sententiae:
678 2294 717 2360 P.
726 2292 899 2380 Verginius
917 2316 985 2359 rom
997 2317 1062 2360 non
1075 2292 1227 2383 vulgabat,

204 2392 243 2456 de
269 2392 308 2456 iis
335 2401 470 2468 tantum,
503 2388 557 2474 qui
582 2389 679 2455 fidem
706 2389 807 2455 secuti
831 2387 928 2454 Publi
957 2385 1072 2455 Servili
1100 2386 1227 2457 condis

202 2485 335 2564 Volsco,
363 2483 516 2551 Aurunco
541 2481 724 2567 Sabinoque
746 2483 934 2548 militassent
954 2482 1053 2563 bello,
1080 2484 1230 2573 agendum

169 2580 362 2649 scensebat.
399 2579 492 2645 Titus
510 2578 647 2643 Larcius
670 2600 734 2643 non
755 2578 790 2642 id
812 2586 936 2663 tempus
961 2600 1046 2657 esse,
1073 2588 1112 2644 ut
1130 2576 1230 2645 merita

202 2673 418 2741 tantummodo
437 2671 686 2750 exsolverentur3
709 2681 807 2736 totam
824 2670 950 2757 plebem
968 2693 1039 2738 aere
1063 2672 1168 2741 alieno
1184 2672 1232 2739 de·

202 2791 339 2835 mersam
358 2790 428 2833 esse
446 2788 505 2832 nec
524 2767 592 2832 sisti
609 2789 714 2853 posse,
733 2767 767 2831 ni
781 2766 925 2832 omnibus
940 2767 1134 2849 consulatur,
1152 2768 1230 2856 quin,

203 2864 231 2929 si
256 2862 318 2927 alia
346 2860 479 2927 aliorum
506 2860 547 2927 sit
573 2861 729 2939 condicio,
762 2861 892 2926 accendi
917 2862 1019 2947 magis
1047 2861 1262 2951 discordiam.

169 2979 183 3026 9
203 2980 298 3044 quam
317 2957 428 3023 sedari.
464 2956 528 3044 Ap.
549 2955 717 3036 Claudius,
746 2967 776 3022 et
801 2966 913 3023 natura
929 2957 1048 3024 inmitis
1071 2969 1104 3025 et
1128 2960 1231 3027 effera·

203 3063 253 3117 tus
271 3051 345 3117 hino
363 3051 465 3139 plebis
484 3052 570 3131 odio,
590 3052 676 3117 illinc
694 3061 820 3139 patrum
838 3052 1000 3131 laudibus,
1019 3076 1084 3119 non
1101 3054 1229 3123 miseriis

203 3147 259 3227 ait,
288 3149 345 3213 sed
366 3148 491 3213 licentia
513 3156 635 3213 tantum
663 3147 821 3213 concitum
848 3146 1011 3212 turbarum
1038 3158 1071 3213 et
1091 3148 1229 3217 lascivire

153 3262 184 3311 10
202 3244 304 3330 magis
327 3241 453 3328 plebem
475 3264 570 3327 quam
594 3242 725 3307 saevire.
760 3240 794 3307 id
816 3241 896 3307 adeo
918 3242 1036 3307 malum
1060 3265 1101 3309 ex
1123 3264 1231 3331 provo·

203 3338 324 3401 catione
350 3346 473 3413 natum,
500 3337 616 3422 quippe
638 3336 740 3402 minas
764 3358 834 3403 esse
857 3337 1036 3415 consulum,
1063 3359 1130 3405 non
1151 3339 1232 3427 inpe-
1258 3336 1261 3341 ’

201 3429 297 3506 rium,
325 3428 380 3493 ubi
398 3429 439 3493 ad
457 3451 525 3506 eos,
553 3429 607 3513 qui
625 3454 689 3496 una
705 3431 918 3516 peccaverint,
945 3453 1117 3517 provocare
1135 3434 1230 3507 liceat.

152 3547 181 3592 11
203 3521 366 3609 ‘agedum’
388 3522 488 3606 inquit
512 3523 723 3603 ‘dictatorem
752 3549 772 3591 a
797 3548 860 3609 quo
882 3525 1065 3611 provocatio
1091 3550 1159 3595 non
1178 3536 1229 3605 est,

202 3614 357 3682 creemusl
376 3615 440 3681 iam
449 3615 510 3694 hic,
530 3639 592 3701 quo
601 3641 684 3684 nunc
694 3619 800 3684 omnia
809 3620 927 3699 ardent,
947 3620 1132 3688 conticiscet
1139 3622 1230 3689 furor.

152 3732 183 3780 12
201 3711 306 3799 pulset
323 3721 390 3776 tum
408 3710 485 3777 mihi
501 3711 656 3790 lictorem,
684 3713 739 3797 qui
763 3714 852 3793 sciet,
876 3715 924 3781 ius
944 3715 983 3781 de
1000 3726 1092 3805 tergo
1109 3718 1229 3803 vitaque

203 3827 261 3871 sua
277 3827 374 3892 penes
393 3828 491 3870 unum
508 3805 596 3870 illum
615 3827 695 3885 esso,
715 3808 804 3872 cuius
823 3809 1019 3875 maiestatem
1036 3810 1196 3877 violavitl'

169 3923 181 3969 1
264 3900 384 3967 XXX.
411 3899 534 3978 Multis,
554 3910 588 3965 ut
607 3910 681 3980 crat,
700 3902 827 3968 horrida
840 3912 870 3967 et
884 3912 973 3970 atrox
986 3904 1154 3973 videbatur
1165 3904 1230 3993 Ap·

200 3996 245 4082 pii
263 3996 430 4076 sententia3
453 4018 561 4062 rursus
580 3994 713 4083 Vergini
730 3997 899 4081 Larciique
918 3999 1063 4087 exemplo
1080 4000 1167 4067 haud
1183 4020 1228 4067 ss·
