2566 4524
145 244 210 314 456
347 256 465 313 LIBER
481 254 581 326 VIIII,
600 252 698 311 1t15.
718 250 971 324 [suadentes]

112 440 130 490 a
147 426 291 486 auctores
305 415 492 483 Tarentinos
505 414 678 480 videantur.
710 414 851 501 accipere
871 436 906 480 se
923 436 1019 479 omen
1034 415 1153 481 consules

146 513 235 581 aiunt
256 520 287 577 et
304 534 374 577 earn
391 511 512 597 precari
529 517 665 577 mentem
682 508 841 588 hostibus,
866 517 960 575 utne
976 509 1154 596 valluqu

113 609 221 678 adem
252 605 431 672 defendant.
474 603 538 690 ipsi
566 604 648 668 inter
674 624 709 668 se
733 603 854 690 partitis
882 603 983 690 copiis
1010 605 1154 672 succedunt
1202 644 1203 664 2

146 702 285 770 hostium
306 699 522 776 munimentis,
550 707 581 763 et
604 697 697 763 simul
719 698 857 782 undique
876 699 994 778 adorti,
1018 721 1154 787 eumpars

147 798 253 864 fossas
279 794 453 881 explerent,
479 815 553 879 pars
579 792 730 858 vellerent
755 792 874 858 vallum
899 802 998 880 atque
1023 795 1057 862 in
1074 795 1155 862 fossas
1201 818 1203 837 ³

147 900 343 979 proruerent,
370 910 430 954 nec
450 888 550 953 virtus
572 887 667 953 modo
688 887 796 966 insita,
824 887 882 953 sed
902 888 952 954 ira
974 889 1064 956 etiam
1087 888 1155 954 exul-
1200 914 1203 954 ;

97 1004 131 1059 10
149 994 271 1054 ceratos
292 983 466 1070 ignominia
487 982 662 1048 stimularet
683 982 820 1062 animos,
843 994 950 1049 castra
971 984 1113 1061 invasae,
1129 990 1153 1046 et

147 1103 206 1169 pro
228 1101 263 1146 se
284 1079 432 1164 quisque,
455 1099 519 1142 non
535 1077 614 1143 haec
631 1076 771 1142 furculas
788 1099 847 1143 nec
866 1076 1030 1144 Caudium
1045 1101 1097 1145 nec
1109 1076 1156 1142 sal-
1199 1116 1202 1122 ·

148 1185 200 1241 tus
218 1174 320 1240 invios
339 1194 424 1250 esse,
451 1171 507 1237 ubi
529 1194 665 1237 errorem
687 1171 774 1238 fraus
798 1171 934 1258 superbe
956 1174 1094 1251 vicisset,
1114 1169 1155 1236 sed
1197 1197 1203 1236 t

148 1269 326 1337 Romanam
339 1267 500 1344 virtmem,
520 1288 615 1350 quam
628 1287 688 1331 nec
701 1266 819 1332 vallum
831 1288 891 1332 nec
903 1266 1015 1335 fossae
1032 1275 1156 1341 arcerent,
1180 1260 1183 1265 ’
1197 1290 1203 1329 z

98 1384 129 1432 11
149 1372 372 1441 memorantes,
392 1361 527 1428 caedunt
538 1362 655 1447 pariter
665 1361 847 1427 resistentes
860 1361 1031 1448 fusosque,
1048 1363 1156 1428 inermes
1197 1398 1203 1425 ;

149 1468 244 1544 atque
262 1466 412 1533 armatos,
432 1478 539 1522 servos
557 1455 687 1535 liberos,
710 1455 845 1543 puberes
863 1456 1018 1543 inpubes,
1041 1455 1155 1523 honines
1197 1484 1203 1523 a

99 1571 131 1622 12
148 1553 360 1636 iumentaque.
396 1573 455 1616 nec
472 1551 571 1615 ullum
594 1549 803 1637 superfuisset
823 1550 955 1629 animal,
981 1552 1018 1617 ni
1039 1548 1158 1618 consules
1196 1554 1203 1591 ἰ

148 1647 289 1732 receptui
302 1646 429 1732 signum
443 1644 603 1710 dedissent
616 1645 788 1729 avidosque
802 1645 908 1710 caedis
918 1646 1037 1713 milites
1047 1669 1065 1712 e
1074 1642 1156 1712 castis
1198 1700 1203 1712 .

99 1758 132 1812 13
148 1739 288 1806 bostium
300 1740 431 1826 imperio
445 1761 482 1804 ac
495 1739 588 1805 minis
604 1739 807 1827 expulissent.
825 1739 934 1823 itaque
947 1742 1037 1827 apud
1045 1741 1159 1807 infensa
1196 1763 1203 1829 ·3

79 1876 82 1882 -
149 1834 190 1901 ob
207 1835 441 1920 ‘interpellatam
463 1834 660 1900 dulcedinem
681 1835 746 1899 irae
768 1833 937 1900 confestim
959 1837 1063 1903 oratio
1078 1832 1160 1900 habits
1196 1859 1203 1897 a

99 1948 133 1997 14
150 1938 213 2007 est,
230 1938 266 1994 ut
280 1929 443 1994 doceretur
455 1927 560 2006 miles,
578 1929 708 1993 minime
721 1928 868 2012 cuiquam
882 1929 1022 1995 militum
1041 1927 1160 1997 consules
1198 1933 1203 2011 :J

150 2023 222 2088 odio
239 2023 273 2086 in
289 2021 389 2087 hostis
408 2021 542 2087 cessisse
556 2032 610 2087 aut
624 2045 783 2100 cessuros,
802 2022 877 2107 quin
891 2022 992 2090 duces
1007 2019 1161 2096 sieutbdli
1201 2021 1203 2028 ’

148 2116 194 2181 ita
214 2114 400 2181 insatiabilis
424 2115 569 2202 supplicii
584 2116 708 2182 futuros
726 2115 840 2195 fuisse,
864 2117 897 2181 ni
914 2129 1081 2204 respectus
1097 2115 1164 2202 equi-

150 2219 218 2275 tum
236 2217 463 2289 sescentorum,
487 2210 542 2295 qui
559 2210 716 2276 Luceriae
734 2208 860 2276 obsides
879 2208 1074 2293 tenerentur,
1094 2231 1165 2300 prae·

99 2325 132 2376 15
148 2303 289 2392 pedisset
306 2305 442 2382 animos,
459 2327 500 2370 ne
514 2305 679 2390 desperata
692 2304 784 2370 venia
800 2305 908 2371 hostes
928 2328 1045 2374 caecos
1061 2309 1095 2375 in
1109 2327 1168 2390 sup

148 2399 243 2485 plicia
265 2421 373 2465 eorum
395 2408 516 2487 ageret,
538 2399 669 2485 perdere
686 2400 773 2484 prius
792 2422 886 2484 quam
905 2401 1012 2485 perire
1031 2410 1167 2490 optantes.

100 2513 132 2563 16
150 2493 278 2560 laudare
296 2516 334 2560 ea
350 2494 465 2559 milites
478 2493 662 2577 laetarique,
682 2492 809 2559 obviam
824 2493 905 2558 itum
922 2495 991 2560 irae
1012 2518 1088 2562 suae
1105 2514 1168 2568 esse,

151 2609 189 2654 ac
210 2589 315 2666 fateri,
343 2589 448 2654 omnia
469 2588 616 2674 patienda
637 2589 742 2674 potius
765 2609 860 2671 quam
885 2590 1076 2674 proderetur
1101 2589 1170 2655 salus

150 2692 196 2748 tot
213 2683 390 2769 principum
407 2683 569 2748 Romanae
587 2683 767 2747 iuventutis.

117 2797 129 2844 1
214 2776 294 2841 XV.
324 2777 469 2842 Dimissa
482 2779 626 2842 contione
641 2778 806 2843 consilium
818 2777 979 2857 habitum,
999 2780 1171 2846 omnibusne

151 2870 249 2955 copiis
259 2870 429 2935 Luceriam
441 2881 617 2956 premerent
631 2894 672 2936 an
685 2872 781 2937 altero
795 2871 936 2937 exercitu
950 2883 983 2938 et
997 2874 1080 2940 duce
1091 2870 1171 2958 Apuli

117 2981 133 3031 2
153 2964 250 3042 circa,
269 2986 349 3054 gens
367 2963 480 3030 dubiae
498 2967 539 3031 ad
556 2967 590 3030 id
607 2966 790 3044 voluntatis,
810 2975 1052 3052 temptarentur.
1078 2965 1172 3034 Publi·

150 3055 213 3124 lius
240 3059 350 3124 consul
377 3060 417 3124 ad
442 3061 671 3146 peragrandam
697 3059 858 3146 profectus
883 3057 1046 3147 Apuliam
1071 3063 1172 3146 aliquot

150 3152 349 3240 expeditione
370 3176 434 3218 una
454 3155 587 3240 populos
610 3163 664 3220 aut
680 3155 713 3220 vi
731 3153 856 3242 subegit
872 3166 930 3220 aut
947 3155 1171 3224 condicionibus

117 3247 184 3314 sin
201 3249 383 3315 societatem
401 3250 530 3334 accepit.
565 3247 694 3335 Papirio
712 3270 851 3334 quoqne,
874 3249 931 3332 qui
948 3250 1104 3319 obsessor
1118 3250 1171 3315 La

151 3342 252 3407 ocriae
269 3343 438 3422 restiterat,
462 3342 550 3409 brevi
574 3343 615 3407 ad
638 3365 727 3430 spem
749 3353 879 3410 eventus
901 3347 1080 3432 respondit
1113 3353 1173 3409 mut

150 3435 282 3500 insessis
309 3437 454 3503 omnibus
476 3438 551 3516 viis,
578 3460 636 3524 per
662 3460 741 3522 quas
768 3448 965 3505 commeatus
991 3463 1035 3506 ex
1059 3437 1170 3508 Sannio

152 3529 415 3612 subvehebantur,
443 3532 528 3599 fame
555 3533 665 3598 domiti
688 3531 861 3612 Samnites,
889 3535 946 3618 qui
968 3531 1171 3604 Luceriaein

151 3623 309 3711 praesidio
332 3637 433 3706 erant,
460 3627 581 3715 legatos
604 3627 719 3694 misere
740 3628 781 3693 ad
807 3628 974 3695 consulem
997 3631 1171 3699 Romanum

150 3728 186 3784 ut
203 3720 346 3806 'receptis
374 3721 546 3807 equitibus,
574 3723 746 3808 qui'eausa
767 3721 843 3788 belli
869 3733 995 3804 essent,
1024 3726 1170 3793 absisteret

116 3813 324 3881 sebsidione.
360 3815 399 3881 iis
416 3815 563 3901 Papirius
586 3819 630 3883 ita
651 3817 826 3904 respondit:
853 3816 1009 3886 debuisse
1032 3842 1086 3887 eos
1101 3818 1169 3884 Pon·

150 3909 229 3974 tium
251 3908 395 3976 Herenni
416 3909 529 3990 filium,
557 3933 620 3996 quo
647 3921 774 3978 auctore
796 3911 963 3980 Romanos
991 3915 1053 3981 sub
1077 3915 1169 3999 iugum

150 4003 324 4084 misissent,
361 4005 537 4085 consulere,
574 4006 651 4090 quid
684 4007 776 4073 victis
810 4006 1002 4092 patiendum
1037 4011 1166 4077 censeret
