2566 4524
132 271 197 336 230
384 277 503 334 ursus
519 278 591 349 rm,
610 278 652 332 aa
667 277 710 332 40.
731 275 915 346 [ausser]

130 440 172 506 ab
199 437 318 504 tumulo
346 460 420 503 suos
448 436 580 501 devocat
606 434 696 499 etin
722 444 826 498 castra
847 433 996 498 Romana
1015 443 1143 518 penetrat

97 556 112 604 9
132 533 187 601 ubi
205 557 277 598 cum
295 543 386 597 vasta
399 532 585 613 desertaque
599 530 704 593 omnia
718 541 811 612 atque
826 528 961 593 eandem
975 549 1071 612 quam
1083 528 1143 613 apud

93 621 98 657 ³
132 631 239 696 hostes
258 628 439 693 foeditatem
458 626 642 702 invenisset,
666 625 850 710 priusquam
868 623 1005 688 Volscos
1024 624 1143 710 cognitus

133 748 219 790 error
231 724 408 797 reduceret,
427 719 541 803 quibus
556 729 677 804 poterat
691 719 805 783 sauciis
819 718 922 782 ductis
937 740 1063 796 secum,
1080 718 1143 804 igne·

133 843 202 895 rus,
226 841 321 901 quam
343 816 503 901 regionem
528 815 638 879 consul
660 815 804 900 petisset,
828 815 869 878 ad
886 813 1001 880 urbem
1018 813 1143 901 proximis

134 912 297 977 itineribus
316 911 427 996 pergit.

104 1030 115 1074 1
201 1005 357 1070 XXXX.
387 1006 455 1068 lam
469 1027 506 1068 eo
521 1003 607 1067 fama
619 1025 746 1089 pugnae
760 1004 912 1067 adversae
930 1012 1143 1085 castrorumque

134 1093 328 1157 desertorum
346 1091 466 1177 perlata
484 1101 549 1153 erat
564 1104 594 1152 et
608 1107 680 1154 aute
694 1089 799 1153 omnia
811 1088 966 1174 deplorati
981 1102 1071 1153 erant
1083 1088 1143 1172 equi

100 1210 114 1255 2
134 1204 181 1252 tes
201 1210 262 1251 non
281 1188 402 1272 privato
421 1186 522 1270 magis
541 1207 635 1268 quam
655 1185 780 1270 publico
795 1184 881 1247 luctu
893 1184 1079 1268 Fabiusque
1093 1205 1143 1247 esu

135 1283 183 1346 sul
203 1299 319 1346 terrore
338 1281 407 1344 urbi
425 1301 550 1363 quoque
569 1279 682 1342 iniecto
702 1278 868 1342 stationem
887 1291 960 1342 ante
974 1291 1080 1363 portas
1092 1297 1143 1362 age

135 1379 202 1453 bat,
227 1401 299 1442 cum
318 1377 438 1460 equites
458 1375 566 1460 procul
585 1376 644 1438 visi
662 1399 725 1438 non
745 1375 811 1438 sine
829 1387 947 1438 terrore
965 1374 1006 1438 ab
1025 1374 1143 1447 ducibus,

135 1475 263 1556 quinam
296 1488 415 1546 essent,
448 1495 522 1533 mox
550 1471 666 1556 cogniti
694 1483 812 1533 tantam
840 1492 880 1533 ex
905 1482 993 1533 metu
1020 1469 1143 1534 laetitiam

135 1569 251 1641 l'cccre,
279 1581 312 1629 ut
335 1567 452 1629 clamor
470 1566 579 1629 urbem
599 1567 782 1651 pervaderet
800 1565 1042 1650 gratulantium,
1065 1564 1143 1629 sslvot

104 1683 118 1727 3
139 1663 335 1743 victoresque
358 1662 477 1724 redisse
497 1661 631 1742 equites,
655 1671 744 1723 etex
762 1660 889 1723 maestis
908 1659 1005 1743 paulo
1024 1677 1091 1723 ante
1105 1656 1143 1719 do

95 1756 97 1761 ’
135 1758 254 1830 ἠιίὺυε,
282 1778 364 1839 quae
387 1757 659 1820 conclamaverant
682 1778 771 1831 suos,
795 1768 1031 1839 procurreretur
1052 1755 1083 1818 in
1098 1751 1143 1813 vias

136 1853 330 1936 pavidaeque
354 1866 468 1915 matres
492 1874 529 1914 ac
552 1851 717 1936 coniuges,
746 1850 860 1914 oblitae
884 1871 958 1934 prae
981 1849 1094 1935 gaudio
1109 1845 1143 1908 de

136 1949 232 2020 coris,
252 1947 377 2010 obviam
397 1947 514 2031 agmini
535 1959 745 2021 occurrerent,
769 1945 802 2008 in
821 1968 896 2008 suos
914 1966 1059 2027 quaeque
1077 1938 1143 2007 simu

137 2062 265 2124 corpore
293 2055 386 2122 atque
414 2041 518 2103 animo
546 2041 597 2102 vix
625 2063 699 2125 prae
725 2040 842 2124 gaudio
869 2053 1014 2123 compote
1042 2038 1143 2103 effusae

107 2157 117 2199 t
138 2134 269 2197 tribunis
290 2134 386 2218 plebi,
406 2136 460 2218 qui
475 2134 521 2198 M.
537 2134 702 2198 Postumio
716 2149 746 2199 et
761 2135 799 2198 T.
816 2132 966 2215 Quinctio
981 2134 1065 2197 diem
1082 2131 1143 2194 dixe

138 2246 221 2302 rant,
249 2230 334 2312 quod
356 2231 397 2293 ad
416 2229 513 2294 Veios
537 2253 643 2293 eorum
667 2251 763 2313 opera
780 2229 862 2292 male
880 2241 1057 2313 pugnatum
1074 2234 1143 2297 esset¹

138 2326 261 2387 occasio
286 2326 353 2389 visa
376 2340 422 2389 est
445 2349 502 2410 per
523 2348 632 2389 recens
652 2326 758 2388 odium
779 2322 947 2410 Semproni
965 2325 1099 2389 consulis
1114 2342 1143 2384 re

103 2421 302 2485 anovandac
326 2421 357 2482 in
381 2444 434 2484 eos
458 2421 602 2483 invidiae.
639 2421 743 2502 itaque
762 2421 915 2483 advocata
933 2421 1077 2483 contione
1093 2435 1143 2480 cun

138 2515 292 2599 proditam
312 2514 399 2578 Veiis
423 2539 488 2578 rem
512 2514 669 2600 publicam
693 2537 762 2578 esse
781 2514 821 2578 ab
840 2513 989 2591 ducibus,
1013 2514 1143 2600 proditum

137 2610 263 2683 deiude,
295 2610 369 2691 quia
395 2611 456 2673 illis
483 2611 600 2694 inpune
627 2610 734 2685 fuerit,
762 2609 795 2672 in
821 2608 946 2672 Volscis
974 2609 1015 2674 ab
1042 2602 1143 2673 consult

138 2705 324 2777 exercitum,
343 2705 473 2767 traditos
488 2706 528 2767 ad
542 2705 669 2767 caedem
684 2705 872 2768 fortissimos
891 2705 1028 2788 equites,
1047 2705 1143 2766 desert

105 2821 118 2865 6
140 2799 231 2859 foede
250 2810 353 2860 castra
371 2799 533 2861 vociferati
551 2815 669 2873 essent,
691 2798 728 2862 C.
747 2799 858 2863 lunius
877 2821 960 2862 unus
979 2822 1019 2862 ex
1037 2791 1143 2861 tribunis

89 2908 91 2913 ’
138 2891 348 2973 Tempanium
379 2893 517 2974 equitem
548 2894 653 2956 vocari
683 2894 775 2958 iussit
806 2915 974 2976 coramque
1002 2894 1032 2957 ei
1058 2890 1143 2956 ‘Sarte

138 2986 316 3070 Teutpani,’
334 2987 435 3070 inquit
455 2995 583 3071 ‘quaero
603 2990 642 3052 de
657 3002 702 3064 te,
722 2989 930 3064 arbitrerisne,
947 2986 1063 3053 Gaium
1078 2984 1143 3050 sen·

138 3081 282 3164 pronium
306 3083 466 3146 consulem
490 3096 543 3146 aut
565 3083 597 3146 in
616 3093 755 3168 tempore
774 3106 913 3168 pugnam
931 3083 1029 3148 inisse
1048 3094 1095 3146 aut
1109 3075 1143 3139 lt·

138 3200 242 3241 masse
258 3179 405 3242 subsidiis
417 3180 515 3243 aciem
526 3194 579 3242 aut
590 3180 652 3243 ullo
662 3180 735 3242 boni
745 3179 883 3243 consulis
894 3179 1038 3242 functum
1048 3163 1143 3242 official

105 3293 117 3338 t
138 3285 168 3335 et
187 3286 260 3336 tune
279 3274 346 3358 ipse
362 3275 450 3337 victis
465 3273 641 3358 legionibus
653 3274 803 3337 Romanis
817 3290 872 3337 tuo
886 3274 1018 3337 consilio
1033 3272 1143 3355 equitem

139 3368 178 3429 ad
197 3369 293 3451 pedes
309 3369 474 3432 deduxeris
490 3369 724 3451 restituerisque
738 3368 897 3453 pugnam?
916 3369 1045 3433 excluso
1058 3357 1143 3430 deinde

139 3459 178 3524 ab
203 3463 270 3524 acie
292 3481 399 3527 nostra
421 3464 476 3528 tibi
499 3478 593 3547 atque
616 3464 772 3546 equitibus
797 3487 873 3526 uum
896 3473 951 3527 aut
974 3462 1081 3528 consul
1096 3460 1143 3540 ips

105 3557 321 3622 8subvenerit
348 3574 402 3622 aut
430 3561 548 3622 miserit
574 3561 784 3644 praesidium?
814 3570 941 3644 postero
963 3560 1093 3642 denique
1109 3546 1143 3611 llll

140 3654 252 3733 ecquid
268 3655 403 3736 praesidi
417 3676 551 3736 usquam
566 3654 712 3718 habueris
731 3678 771 3717 an
786 3665 819 3717 tu
834 3655 1009 3738 cohorsque
1023 3655 1054 3718 in
1066 3658 1143 3715 casm

140 3760 243 3810 vestra
266 3750 378 3812 virtute
401 3751 615 3834 perruperitis,
644 3773 774 3834 ecquem
801 3749 834 3813 iu
861 3751 972 3815 castris
1000 3745 1143 3814 consuleffls

140 3864 270 3925 ecquem
293 3845 462 3907 exercitum
486 3846 665 3910 inveneritis
692 3869 732 3908 an
756 3847 880 3909 deserta
902 3857 1019 3922 castra,
1045 3840 1143 3906 relicto

106 3956 121 4002 9
141 3939 264 4002 saucios
289 3940 422 4003 milites?
457 3940 534 4004 baec
556 3964 612 4025 pro
635 3942 749 4004 virtute
777 3954 830 4004 tua
856 3941 995 4024 fideque,
1023 3960 1081 4023 qua
1099 3940 1143 3992 ¹1⁰⁸

139 4031 198 4097 hoc
217 4034 298 4100 bello
317 4059 366 4100 res
386 4035 511 4121 publica
530 4036 627 4111 stetit,
646 4036 779 4100 dicenda
797 4035 853 4100 tibi
872 4029 1143 4108 sunthodie,de1t·
