2566 4524
190 235 255 300 300
457 247 575 303 LIBER
591 248 628 320 V,
646 245 688 302 50.
702 245 745 300 51.
764 249 801 316 [a.
811 263 838 301 u.
849 262 873 301 c.
883 244 948 317 364]

190 406 340 472 matronis
358 406 477 494 gratiae
495 415 598 485 actae3
620 407 783 490 honosque
801 405 941 484 additur,
963 412 1000 469 ut
1017 427 1122 471 earum
1136 405 1194 471 sicu

192 494 330 558 virorum
348 503 570 579 postmortem
589 492 748 557 sollemnis
765 490 904 556 laudatio
922 499 1018 557 esset.

157 598 172 648 8
253 579 316 644 His
339 580 488 664 peractis,
518 601 599 663 quae
622 579 663 642 ad
684 579 760 642 deos
782 575 981 663 pertinebant
1003 599 1141 662 quaeque
1155 598 1195 665 pa

191 676 336 732 senatum
362 665 414 750 agi
439 675 596 750 poterant,
624 673 692 728 tum
719 664 847 727 demum
868 663 1063 749 agitantibus
1089 662 1201 730 tribmis'

190 750 315 836 plebem
337 751 477 815 adsiduis
500 749 712 826 contionibus,
739 758 775 813 ut
796 747 913 814 relictis
934 748 1038 814 ruinis
1058 749 1093 814 in
1109 748 1193 815 urben

189 844 332 923 paratam
349 834 447 901 Veios
466 836 737 922 transmigrarent,
760 834 795 898 in
811 834 990 899 contionem
1008 834 1146 901 universo
1160 856 1193 901 so·

190 931 267 987 natu
306 932 492 1005 rosequente
511 922 651 987 escendit
668 930 762 1004 atque
779 920 824 984 ita
841 919 939 985 verba
955 919 1048 985 fecit:

157 1030 171 1076 1
254 945 313 1072 Ll.
350 1006 453 1072 ‘Adeo
470 1007 548 1072 mihi
566 1006 697 1072 acerbae
716 1014 802 1083 sunt,
827 1003 983 1088 Quirites,
1008 1006 1199 1072 contentiones·

190 1116 263 1160 cum
272 1093 404 1159 tribunis
421 1093 533 1179 plebis,
553 1103 588 1157 ut
601 1114 660 1157 nec
673 1090 845 1158 tristissimi
862 1090 949 1156 exilii
967 1091 1117 1157 solacium
1130 1090 1192 1157 aliul

190 1180 368 1256 habuerim,
392 1180 497 1262 quoad
514 1178 642 1243 Ardeae
659 1177 739 1256 vixi,
762 1199 858 1260 quam
876 1177 963 1261 quod
984 1178 1096 1279 procul
1110 1176 1146 1243 ab
1158 1175 1201 1241 lis-²

192 1264 413 1332 certaminibus
432 1287 516 1330 eram
522 1290 531 1344 ;
555 1274 586 1329 et
604 1264 645 1329 ob
664 1264 774 1328 eadem
791 1263 871 1328 haec
887 1285 952 1328 non
973 1287 1003 1329 s1
1021 1263 1105 1328 mille
1120 1270 1200 1329 ena*

191 1352 341 1417 consultis
359 1351 529 1436 populique
546 1351 636 1415 iussu
658 1349 862 1427 revocaretis,
888 1349 1048 1414 rediturus
1072 1368 1193 1433 umqum

156 1438 313 1504 afuerim.
358 1459 417 1502 nec
438 1459 522 1501 nunc
544 1459 595 1500 me
617 1446 652 1500 ut
673 1436 808 1499 redirem
830 1457 902 1500 mea
923 1434 1071 1500 vohmtas
1092 1442 1197 1511 mutati,

191 1525 245 1587 sed
266 1533 370 1587 vestra
387 1523 513 1587 fortuna
529 1522 678 1608 perpulit:
697 1522 814 1606 quippe
827 1522 908 1585 utin
922 1544 980 1586 sua
994 1523 1164 1587 sedemam
1177 1548 1195 1576 «ι
1218 1578 1222 1583 .

188 1609 316 1694 patria,
330 1608 364 1671 id
382 1608 547 1694 agebatur,
574 1630 640 1672 non
662 1616 698 1671 ut
720 1629 780 1693 ego
802 1607 910 1691 utique
932 1607 967 1672 in
983 1608 1087 1693 patn‘a
1113 1636 1179 1665 nsua

189 1704 221 1758 et
238 1715 322 1758 nunc
339 1694 533 1777 quiescerem
551 1716 589 1758 ao
606 1702 742 1758 tacerem
759 1692 901 1770 libenter,
919 1692 982 1758 nisi
999 1693 1080 1759 haec
1096 1712 1175 1778 quoq
1214 1751 1222 1780 .-

188 1802 246 1865 pro
269 1780 369 1865 patria
394 1780 552 1844 dimicatio
576 1789 673 1857 esset,
701 1779 752 1843 cui
775 1779 900 1857 deesse,
928 1780 1036 1862 quoad
1056 1779 1120 1844 vita
1145 1806 1177 1834 21..
1215 1856 1222 1861 -

155 1887 170 1934 s
187 1875 284 1951 petat,
304 1865 374 1930 aliis
392 1875 492 1950 turpe,
513 1864 648 1931 Camillo
666 1864 760 1929 etiam
777 1864 868 1929 nefas
887 1872 944 1929 est.
976 1864 1057 1948 quid
1073 1864 1149 1929 enim

188 1951 352 2036 petiimus,
379 1951 456 2033 quid
473 1950 637 2016 obsessam
655 1973 695 2015 ex
712 1949 850 2014 hostium
871 1949 1020 2017 manibus
1039 1950 1179 2037 eripuim
1215 1992 1222 1997 -

190 2038 218 2100 si
239 2037 443 2120 reciperatam
465 2036 527 2121 ipsi
549 2035 742 2100 deserimus?
768 2046 800 2101 et
825 2057 899 2101 oum
919 2036 1093 2102 victoribus
1151 2041 1218 2089 ³¹2*

191 2133 283 2206 capta
300 2129 366 2186 tota
384 2120 462 2185 urbe
482 2121 672 2208 Capitolium
696 2131 802 2186 tamen
823 2131 917 2205 atque
940 2143 1047 2187 arcem
1068 2121 1188 2206 diique.

190 2206 333 2272 homines
351 2207 487 2272 Romani
509 2208 664 2272 tenuerint
686 2207 937 2293 (habitaverint),
965 2208 1133 2275 victoribus
1156 2212 1175 2260 b
1210 2242 1222 2253 -

188 2294 305 2371 manis,
332 2303 515 2378 recuperata
533 2293 623 2370 urbe,
651 2317 707 2358 arx
725 2315 850 2377 quoque
868 2302 901 2358 et
919 2291 1112 2379 Capitolium
1126 2292 1174 2357 ὼΙ

188 2390 274 2444 retur
292 2390 322 2444 et
339 2379 410 2464 plus
434 2381 589 2444 vastitatis
612 2380 686 2444 huic
708 2379 779 2444 urbi
803 2379 942 2443 secunda
963 2391 1073 2446 nostra
1093 2380 1124 2445 fo
1152 2405 1187 2433 ¹112

158 2487 174 2532 4
191 2466 286 2530 faciet
308 2488 404 2549 quam
427 2467 560 2530 adversa
581 2465 675 2530 fecit?
702 2465 860 2549 equidem,
889 2465 916 2530 si
937 2464 1032 2532 nobis
1055 2489 1122 2531 cum
1143 2492 1154 2520 ιι
1168 2479 1209 2552 «

189 2551 282 2616 simul
300 2553 421 2637 positae
439 2553 631 2635 traditaeque
654 2573 711 2636 per
727 2573 840 2615 manus
857 2550 1028 2636 religiones
1049 2552 1145 2616 nullae
1161 2578 1165 2601 ν
1186 2579 1187 2582 ¹
1212 2607 1222 2631 ,

188 2646 266 2714 sent,
286 2651 390 2701 tamen
408 2647 472 2702 tam
490 2638 619 2702 evidens
636 2659 754 2701 numen
771 2637 831 2700 hac
849 2645 1037 2721 tempestate
1053 2637 1140 2703 rebus
1157 2663 1171 2687 ³¹
1212 2638 1222 2645 “

188 2722 247 2787 fuit
269 2722 435 2799 Romanis,
463 2733 498 2786 ut
519 2745 645 2787 omnem
667 2722 898 2809 neglegentiam
920 2721 1021 2789 divini
1043 2724 1168 2790 cultus»
1205 2785 1206 2788 ,

154 2828 169 2874 5
189 2818 325 2892 emptam
334 2807 513 2871 hominibus
524 2818 641 2892 putem.
668 2809 833 2873 intuemini
847 2807 931 2873 enim
944 2808 1060 2874 horum
1073 2809 1184 2901 deincqt
1213 2878 1219 2887 ,

189 2915 341 2956 annorum
360 2893 411 2956 vel
430 2895 584 2958 secundas
602 2917 653 2959 res
672 2895 723 2959 vel
740 2895 899 2972 adversas,
918 2894 1096 2974 invenietis,
1112 2917 1185 2960 our,

186 3000 335 3077 prospere
353 2978 497 3044 evenisse
515 2980 717 3062 sequentibus
736 2981 823 3058 deos,
842 2980 976 3046 adversa
989 2977 1183 3067 spernentibus

155 3084 251 3132 61am
273 3063 412 3129 omnium
434 3065 570 3152 primum
593 3065 710 3130 Veiens
732 3065 850 3130 bellum
876 3103 919 3114 -
944 3089 1002 3153 per
1024 3077 1099 3152 quot
1122 3089 1169 3121 :ot

188 3161 305 3235 quanto
322 3151 430 3217 labore
448 3152 588 3239 gestuml
603 3190 644 3199 —
661 3175 726 3216 non
739 3162 811 3216 ante
825 3150 908 3237 cepit
920 3151 1027 3233 finem,
1046 3164 1182 3239 quarunt
1207 3184 1222 3225 ι

153 3260 167 3306 7
186 3236 254 3302 nitu
272 3238 402 3302 deorum
421 3261 503 3322 aqua
521 3261 561 3303 ex
577 3238 649 3302 lacu
666 3238 793 3303 Albano
812 3239 929 3302 emissa
947 3249 1005 3304 est.
1047 3239 1118 3325 quid
1130 3235 1180 3300 Μ

185 3325 311 3387 tandem
333 3324 420 3389 urbis
442 3335 568 3389 nostrae
591 3323 695 3388 clades
722 3346 804 3389 nova
829 3346 907 3389 num
934 3333 1008 3389 ante
1036 3332 1136 3391 exorta
1157 3349 1172 3368 1*
1218 3370 1222 3377 ·

185 3430 280 3491 quam
299 3421 403 3493 spreta
416 3433 478 3475 vox
492 3410 579 3474 caelo
593 3410 708 3474 emissa
721 3411 761 3474 de
775 3411 913 3474 adventu
928 3408 1101 3490 Gallorum,
1122 3432 1161 3465 ¹¹*

185 3493 326 3579 gentium
346 3494 396 3559 ius
420 3495 460 3560 ab
483 3496 594 3582 legatis
617 3497 732 3560 nostris
754 3496 918 3574 violatum,
946 3518 1044 3582 quam
1069 3522 1089 3563 a
1117 3522 1180 3551 tta:

185 3601 258 3643 cum
279 3580 431 3644 vindicari
452 3581 592 3659 deberet,
621 3582 731 3645 eadem
752 3581 954 3668 neglegentia
975 3583 1103 3650 deorum
1120 3600 1138 3665 p
1153 3605 1170 3659 ’χ
1220 3630 1222 3635 -

151 3665 381 3733 stermissum?
407 3667 503 3753 igitur
519 3668 595 3732 victi
612 3667 757 3752 captique
774 3690 812 3732 ac
827 3668 983 3753 redempti
1004 3678 1119 3735 tantum
1137 3687 1181 3719 ⁴¹*
1215 3737 1216 3740 ,

183 3774 295 3816 narum
317 3752 366 3816 dis
388 3753 631 3836 hominibusque
654 3754 812 3831 dedimus,
840 3764 875 3817 ut
899 3764 1053 3820 terrarum
1074 3749 1132 3820 orbi
1149 3772 1179 3798 ν·
1206 3800 1222 3833 Ι.

183 3847 328 3903 cumento
347 3861 498 3904 essemus.
544 3841 694 3904 adversae
712 3840 825 3904 deinde
842 3861 894 3904 res
917 3841 1134 3907 admonuerunt
1162 3873 1163 3878 κ

150 3924 345 4011 eligionum.
390 3926 591 4012 confugimus
609 3924 642 3989 in
662 3924 853 4010 Capitolium
870 3925 912 3990 ad
930 3926 1023 4006 deos,
1049 3927 1088 3993 ad
1102 3916 1175 3989 sel!

183 4010 269 4076 lovis
288 4011 398 4097 optimi
414 4013 558 4090 maximi3
578 4034 666 4076 sacra
682 4011 717 4076 in
734 4012 824 4076 ruina
840 4034 946 4077 rerum
959 4023 1125 4080 nostrarum
1137 3994 1175 4068 *Β
