2566 4524
270 270 388 339 cissa
405 285 460 355 vs,
479 283 521 340 35.
534 283 577 338 aa.
596 282 677 353 [ac.
688 285 878 359 aas(s)-eea]
1027 254 1098 344 341'

93 451 136 506 ista
155 442 280 521 “veto,”
307 463 370 527 qua
391 463 474 506 nunc
496 441 693 507 concinentes
717 441 854 530 collegas
876 453 1000 511 nostros
1026 455 1090 512 tam

88 535 143 601 laeti
158 535 290 602 auditis.’

132 631 227 697 Haud
243 630 355 696 inritae
373 629 514 696 cecidere
531 630 649 696 nn‘nae:
668 630 794 697 comitia
805 642 930 718 praeter
941 634 1088 702 aedilium
1108 660 1147 708 ro

84 725 322 810 tribunorumque
339 724 424 811 plebi
440 724 527 790 nulla
545 734 618 789 sunt
635 723 751 791 habita.
786 726 931 794 Licinius
947 726 1091 797 Sextius·
1144 761 1147 766 ⁴

83 841 128 904 que
143 819 260 886 tribuni
276 818 378 905 plebis
395 819 505 884 refecti
521 818 625 885 nullos
638 820 762 884 curules
775 820 979 908 magistratus
992 826 1091 890 creari

81 917 150 1001 passi
172 925 259 994 sunt,
287 937 386 998 eaque
409 913 544 981 solitudo
566 916 821 1001 magistratuum,
849 926 880 982 et
900 917 994 1004 plebe
1018 920 1091 985 refi-

81 1012 162 1076 ciente
189 1012 270 1076 duos
298 1009 440 1076 tribunos
466 1019 498 1074 et
523 1008 563 1074 iis
589 1009 714 1076 comitia
739 1011 934 1078 tribunorum
956 1012 1090 1080 militum

81 1105 258 1183 tollentibus,
276 1127 334 1190 per
351 1103 597 1189 quinquennium
616 1104 726 1170 urbem
744 1105 852 1171 tenuit.

127 1199 298 1266 XXXVI.
325 1198 401 1264 Alia
416 1197 499 1264 bella
517 1207 669 1284 oportune
687 1198 846 1282 quievere:
865 1197 1019 1266 Veliterni
1036 1223 1089 1266 co·
1108 1222 1120 1269 1

80 1292 128 1359 loni
144 1294 315 1382 gestientes
333 1294 411 1372 otio,
430 1293 515 1377 quod
531 1292 635 1381 nullus
650 1292 804 1358 exercitus
817 1293 980 1360 Romanus
995 1304 1087 1374 esset,

81 1397 103 1451 et
120 1412 228 1476 agrum
245 1388 425 1454 Romanum
443 1386 629 1471 aliquotiens
647 1387 846 1453 incursavere
864 1398 896 1452 et
913 1387 1088 1454 Tusculum

80 1502 245 1570 oppugnare
268 1482 368 1548 adorti
394 1490 476 1547 sunt.
513 1502 612 1566 eaque
637 1503 688 1547 res
712 1480 902 1548 Tusculanis
929 1480 1086 1548 veteribus
1106 1504 1120 1551 2

80 1578 170 1656 sociis,
198 1577 289 1642 novis
312 1575 433 1641 civibus
456 1597 549 1660 opem
567 1574 728 1641 orantibus
746 1575 935 1642 verecundia
951 1575 1088 1642 maxime

77 1681 247 1758 conpatres
265 1670 373 1748 modo,
393 1669 450 1735 sed
467 1669 561 1734 etiam
578 1667 703 1755 plebem
720 1670 827 1736 movit.
858 1669 1087 1736 remittentibus
1107 1667 1127 1738 3'
1216 1670 1240 1681 “

77 1764 195 1830 tribunis
212 1763 328 1850 plebis,
353 1763 478 1828 comitia
495 1786 551 1849 per
568 1764 755 1851 interregem
773 1773 846 1828 sunt
863 1763 984 1842 habita,
1004 1786 1089 1829 crea-

77 1859 148 1943 b'que
165 1859 282 1925 tribuni
298 1857 446 1923 militum:
471 1859 513 1923 L.
531 1857 661 1936 Furius,
684 1858 726 1923 A.
745 1856 901 1937 Manlius,
926 1856 995 1925 Ser.
1016 1855 1089 1924 Sul-

77 1951 176 2040 picius,
198 1952 266 2020 Ser.
283 1952 463 2032 Cornelius,
481 1952 519 2018 P.
538 1963 570 2019 et
584 1951 622 2019 C.
632 1953 752 2020 Valerii
764 1953 1008 2039 haudquaquam
1023 1963 1088 2018 tam

77 2048 279 2114 rboedientem
296 2048 328 2111 in
347 2047 463 2112 dilectu
480 2070 576 2133 quam
592 2048 626 2111 in
644 2048 777 2113 comitiis
794 2047 920 2135 plebem
933 2047 1085 2126 habuere3

77 2142 242 2230 agentique
269 2141 465 2207 contentione
493 2141 631 2207 exercitu
657 2142 773 2228 scripto
798 2142 932 2228 profecti
956 2165 1020 2208 non
1046 2142 1121 2209 abc

77 2237 204 2304 lusculo
225 2237 320 2302 modo
343 2257 540 2302 summovere
562 2234 698 2312 hostem,
726 2236 783 2300 sed
803 2236 885 2300 intra
903 2245 1024 2301 suamet
1040 2234 1089 2320 ip·
1174 2258 1181 2268 ·

77 2355 133 2398 um
154 2332 279 2398 moenia
301 2331 476 2417 conpulere.
514 2327 798 2413 obsidebanturque
823 2329 910 2394 baud
934 2328 1029 2416 paulo
1055 2328 1121 2396 vic

77 2427 178 2492 naiore
199 2425 338 2491 Velitrae
364 2447 460 2509 quam
486 2423 661 2489 Tusculum
688 2421 853 2489 obsessum
878 2422 990 2488 suerat.
1029 2444 1088 2487 neo

77 2543 165 2586 amen
184 2520 225 2585 ab
244 2519 303 2598 eis,
322 2518 474 2603 aquibus
492 2516 629 2584 obsideri
647 2525 775 2602 coeptae
794 2525 894 2595 erant,
915 2516 1088 2602 expugnari

77 2624 198 2679 uetuere.
236 2612 399 2678 anteneri
417 2612 512 2678 creati
530 2621 603 2677 sunt
620 2609 736 2676 tribuni
752 2609 900 2674 militum:
924 2609 965 2694 Q.
982 2606 1088 2676 Servi-
1107 2629 1121 2678 6

77 2709 130 2786 ius,
151 2705 252 2774 Gaius
262 2707 422 2785 Veturius,
441 2704 546 2772 Aulus
561 2716 591 2772 et
603 2705 733 2771 Marcus
744 2703 892 2784 Cornelii,
913 2704 953 2789 Q.
969 2704 1089 2789 Quinc-

77 2803 135 2880 ius‚
154 2801 203 2866 M.
217 2800 347 2867 Fabius.
382 2800 517 2865 nihilne
535 2799 575 2866 ab
593 2800 632 2866 iis
650 2800 776 2886 quidem
795 2798 928 2864 tribunis
947 2799 988 2864 ad
1000 2796 1087 2864 Veli·

77 2919 124 2962 ras
142 2894 346 2960 memorabile
364 2893 492 2958 factum.

122 2989 164 3054 In
194 2990 312 3053 maiore
344 2987 522 3053 discrimine
553 2987 638 3052 domi
672 3009 724 3053 res
759 2986 969 3053 vertebantur.
1013 3010 1086 3052 nam
1106 3008 1120 3055 t

77 3093 188 3149 raeter
198 3081 344 3149 Sextium
357 3082 579 3167 Liciniumque
592 3083 707 3148 latores
720 3081 841 3168 legum,
860 3081 924 3146 iam
942 3090 1088 3147 octavum

77 3177 201 3243 ribuuos
220 3176 321 3264 plebis
339 3178 489 3256 refectos,
506 3176 626 3243 Fabius
640 3197 764 3260 quoque
783 3174 925 3241 tribunus
943 3174 1086 3254 militum,

77 3273 202 3339 itolonis
226 3295 324 3352 socer,
348 3295 481 3357 quarum
503 3270 610 3358 legum
628 3280 735 3337 auctor
752 3270 867 3349 fuerat,
891 3291 998 3335 earum
1016 3293 1089 3335 sua-

77 3390 165 3434 orem
188 3390 223 3433 se
243 3367 331 3432 baud
353 3366 485 3432 dubium
502 3365 632 3432 ferebat.
669 3374 700 3430 et
718 3387 791 3429 oum
808 3371 879 3429 octo
897 3385 937 3428 ex
955 3363 1087 3449 collegio
1105 3382 1120 3430 8

77 3463 257 3530 ribuuonrm
269 3461 354 3549 plebi
366 3461 468 3548 primo
480 3460 702 3525 intercessores
715 3458 823 3546 legum
836 3457 980 3535 fuissent,
998 3457 1088 3541 quin-

77 3581 119 3643 ne
138 3557 201 3623 soli
218 3566 320 3635 erant3
347 3565 392 3635 et,
414 3564 451 3621 ut
467 3556 565 3620 ferme
584 3552 684 3619 solent
701 3553 757 3638 qui
772 3577 792 3618 a
810 3551 876 3619 suis
898 3551 1087 3628 desciscunt,

77 3652 143 3739 apti
166 3660 199 3717 et
221 3659 382 3738 stupentes
405 3649 500 3716 animi
520 3646 652 3715 vocibus
678 3647 788 3713 alienis
814 3647 848 3712 id
868 3646 975 3724 modo,
1004 3644 1088 3730 qnod

77 3746 147 3813 omi
168 3754 371 3832 praeceptum
393 3753 472 3822 erat,
498 3741 713 3809 intercessioni
736 3763 811 3808 suae
828 3739 1086 3828 praetendebant:

77 3841 191 3908 lelitris
208 3840 243 3906 in
260 3841 398 3906 exercitu
414 3839 516 3926 plebis
534 3860 682 3924 magnam
698 3846 820 3922 partem
838 3835 963 3912 abesse,
982 3832 1015 3896 in
1032 3831 1086 3895 ad·
1105 3848 1119 3894 a

77 3946 191 4002 'ectum
208 3934 342 4000 militum
356 3933 482 4001 comitia
495 3932 612 3998 differri
625 3931 752 4010 debere,
772 3941 806 3995 ut
818 3930 965 3995 universa
977 3921 1085 4009 plebes

77 4047 99 4096 Le
117 4031 186 4098 suis
204 4028 580 4117 (nmmodissuffragium
597 4027 701 4093 ferret.
740 4024 867 4091 Sextius
880 4018 1085 4102 Liciniusque
1105 4034 1136 4082 ιο

973 4132 1172 4256 fl
