2566 4524
353 255 473 312 nmen
490 256 564 328 1111,
581 257 625 315 es.
637 258 680 314 so.
700 258 852 332 [some]
1057 254 1122 320 229

90 415 148 478 iam
166 434 202 476 re
219 413 378 497 praesenti
396 414 499 481 animo
518 414 726 483 subvenisset.
758 419 813 502 qui
831 441 902 485 cum
916 443 1032 508 magno
1043 446 1123 490 voce

91 510 312 587 exclamasset,
330 519 365 574 ut
383 511 518 594 equites,
537 512 591 595 qui
609 513 730 578 salvum
746 536 813 578 rem
830 514 990 599 publicam
1007 518 1123 583 vellent

90 628 171 683 esse,
205 627 246 670 ex
272 605 362 688 equis
389 606 563 684 desilirent,
598 608 738 672 omnium
764 617 937 674 turmarum
964 612 1121 696 equitibus
1139 634 1156 683 s

89 700 232 765 velutad
252 700 389 765 consulis
406 700 573 788 imperium
591 702 684 766 motis
704 702 780 768 ‘nisi
799 703 891 768 haec'
912 705 1014 792 inquit
1037 713 1123 793 ‘pnr-

89 812 169 862 mats
197 795 311 861 cohors
339 795 421 861 sistit
446 797 599 882 impetum
621 796 773 876 hostium,
800 810 905 864 sctum
928 802 967 865 de
989 801 1120 888 imperio

86 910 142 957 est.
175 891 346 975 sequimini
363 913 420 977 pro
438 891 553 956 vexillo
571 893 735 978 cuspidem
753 915 870 972 meam,
889 896 1042 960 ostendite
1055 896 1121 961 Ro-

83 987 187 1052 manis
199 986 403 1070 Volscisque,
421 1008 524 1070 neque
538 986 695 1071 equitibus
713 987 805 1052 vobis
822 988 904 1053 ullos
923 991 1043 1074 equites
1061 1012 1120 1056 nec

83 1081 245 1168 peditibus
260 1103 330 1146 esse
342 1082 465 1168 pedites
478 1082 590 1168 pares!
617 1105 689 1146 cum
703 1082 838 1147 clamore
857 1084 1048 1170 conprobata
1066 1086 1121 1149 ad·
1138 1108 1156 1154 4

83 1177 221 1243 hortatio
246 1187 346 1254 esset,
373 1177 460 1242 vadit
486 1177 548 1242 alte
574 1177 737 1262 cuspidem
761 1199 886 1263 gerens.
922 1199 1120 1263 quacumque

84 1273 250 1349 incedunt,
269 1273 301 1336 vi
318 1272 402 1336 viam
420 1271 554 1351 faciunt,
578 1294 616 1337 eo
635 1295 669 1336 se
686 1271 825 1336 inferunt
842 1271 973 1337 obiectis
990 1273 1118 1358 permis,

85 1367 141 1432 nbi
159 1389 290 1431 suorum
307 1367 477 1453 plurimum
489 1366 629 1431 laborem
642 1367 758 1431 vident.
786 1366 959 1431 restituitur
972 1367 1118 1432 omnibus
1137 1389 1153 1437 o

80 1462 161 1527 locis
179 1485 303 1549 pugna,
325 1463 359 1526 in
381 1484 462 1547 quae
484 1462 681 1551 eoslinpetus
700 1460 784 1539 tulit,
806 1484 866 1527 nec
888 1460 1019 1527 dubium
1042 1475 1117 1543 erat,

82 1557 174 1641 quin,
194 1558 223 1622 si
240 1569 305 1622 tam
321 1558 415 1644 pauci
428 1556 522 1624 simul
535 1556 621 1622 obire
635 1557 740 1622 omnin
752 1566 895 1644 possent,
915 1566 1003 1645 terga
1016 1559 1120 1624 daturi

80 1651 195 1717 hostes
214 1651 340 1717 fuerint.

146 1745 373 1812 XXXVIIII.
408 1745 454 1812 Et
480 1767 552 1812 cum
577 1747 641 1812 inm
662 1757 751 1833 parte
773 1747 859 1813 nulle
881 1747 1116 1826 sustinerentur,
1137 1766 1151 1813 1

77 1840 133 1905 dat
153 1841 284 1926 signum
292 1840 430 1906 Volscus
447 1842 679 1927 imperator„ut
695 1841 860 1927 parmatis,
879 1863 980 1906 novae
998 1841 1118 1906 cohorti

77 1935 236 2014 hostium,
264 1935 352 2001 locus
375 1937 479 2014 detur,
507 1937 608 2002 donec
624 1937 744 2022 impetu
761 1936 850 2000 inlati
867 1935 907 2001 ab
926 1936 992 2001 suis
1011 1935 1118 2001 exclu-

77 2032 206 2096 dantur.
243 2032 329 2115 quod
350 2031 405 2096 ubi
428 2041 477 2096 est
497 2031 630 2109 sactum,
653 2031 814 2096 interclusi
832 2030 952 2117 equites
970 2054 1029 2098 nec
1046 2051 1150 2119 per-2

77 2147 228 2212 rumpere
247 2127 371 2204 eadem,
395 2148 458 2210 qus
476 2127 676 2203 transierant,
699 2148 807 2212 posse,
826 2126 870 2191 ibi
888 2127 1023 2191 maxime
1042 2149 1118 2191 con-

77 2221 167 2286 fertis
178 2219 335 2298 hostibus,
350 2243 476 2305 quaqua
485 2221 570 2285 viam
583 2220 732 2298 fecerant,
747 2229 778 2285 et
793 2220 902 2284 consul
911 2221 1115 2308 legionesque
1134 2237 1149 2284 u

77 2316 257 2391 Romanae,
273 2336 355 2391 oum,
369 2315 454 2398 quod
463 2327 612 2400 tegumen
621 2315 715 2378 modo
725 2313 826 2378 omnis
836 2313 991 2378 exercitus
1000 2313 1114 2394 fuerat,

77 2432 238 2493 nusquam
253 2409 407 2488 viderent,
426 2431 466 2474 ne
485 2420 530 2473 tot
547 2408 735 2473 fortissimos
753 2407 837 2472 viros
855 2406 1040 2473 interclusos
1059 2430 1116 2494 op-

77 2506 230 2590 primeret
251 2502 366 2581 hostis,
390 2504 521 2568 tendunt
542 2504 575 2567 in
596 2523 826 2587 quemcumque
844 2523 962 2565 casum.
999 2501 1115 2566 diversi
1132 2520 1150 2570 4

77 2598 188 2664 Volsci
208 2597 282 2661 hinc
300 2598 463 2663 consulem
485 2621 522 2662 ac
543 2597 684 2684 legiones
707 2596 874 2673 sustinere,
898 2595 995 2661 altera
1012 2595 1116 2662 fronte

77 2693 196 2758 instare
216 2691 391 2778 Tempanio
414 2703 508 2776 atque
531 2692 703 2777 equitibus3
729 2691 784 2778 qui
806 2713 879 2756 cum
897 2712 991 2776 saepe
1009 2691 1114 2756 conati

77 2788 264 2871 nequissent
280 2808 482 2872 perrumpere
500 2788 541 2851 ad
559 2810 648 2865 suos,
668 2786 788 2852 tumulo
806 2787 943 2870 quodam
961 2796 1114 2871 occupato

77 2884 108 2946 in
132 2881 245 2948 orbem
269 2903 303 2946 se
325 2881 520 2960 tutabantur,
547 2903 745 2965 nequaquam
766 2880 867 2945 inulti.
902 2902 961 2946 neo
987 2900 1148 2968 pugnaret

77 2976 150 3040 finis
173 2987 247 3041 ante
269 2986 394 3040 noctem
417 2975 485 3040 fnit.
523 2975 633 3040 consul
655 2997 779 3059 quoque
801 2997 959 3058 nusquam
980 2975 1113 3040 remisso

80 3071 263 3148 certamine,
287 3070 361 3134 dum
381 3069 550 3154 quicquam
568 3069 723 3156 superfuit
739 3070 833 3146 lucis,
856 3069 980 3132 hostem
1003 3069 1112 3133 tenuit.

83 3185 148 3227 nox
171 3164 304 3229 incertos
331 3164 468 3243 diremit,
497 3174 664 3249 tantusque
690 3163 730 3228 eb
757 3163 956 3249 inprudentia
982 3174 1146 3232 eventuso

82 3270 212 3342 utraque
234 3270 338 3324 castra
361 3260 460 3324 tenuit
480 3282 593 3345 pavor,
619 3268 655 3323 ut
676 3258 791 3324 relictis
815 3257 929 3322 sauciis
948 3265 979 3320 et
997 3278 1113 3342 magns

85 3364 167 3436 parte
197 3354 482 3440 inpedimentorum
512 3353 606 3419 umbo
636 3376 694 3439 pro
720 3353 810 3418 victis
837 3350 992 3417 exercitus
1019 3372 1053 3416 se
1079 3351 1114 3416 in

89 3459 202 3514 montes
220 3449 382 3535 proximos
399 3449 582 3535 reciperent.
609 3448 748 3513 tumulus
763 3459 867 3513 tamen
885 3447 1110 3512 circumsessus
1130 3465 1145 3514 t
1251 3446 1252 3450 ’

93 3540 161 3608 ultra
178 3545 314 3609 mediam
331 3555 457 3610 noctem
470 3554 527 3610 est.
555 3566 703 3629 quocum
718 3542 1017 3608 circumsedentibus
1032 3564 1113 3605 nun-

97 3633 190 3703 tiatum
208 3649 306 3717 esset,
330 3650 432 3704 castra
450 3640 574 3704 deserta
592 3660 675 3716 esse,
699 3638 799 3702 victos
816 3637 877 3702 rati
895 3659 970 3703 suos
989 3645 1020 3701 et
1037 3635 1109 3722 ipsi,

100 3745 147 3808 qus
157 3757 312 3818 quemque
324 3735 358 3799 in
370 3733 507 3800 tenebris
520 3757 619 3820 pavor
632 3732 711 3811 tulit,
730 3732 888 3820 sugerunt.
916 3731 1110 3818 Tempanius
1128 3747 1145 3797 8

101 3840 167 3893 metu
182 3829 367 3895 insidiarum
385 3851 460 3895 suos
479 3829 520 3894 ad
536 3828 640 3893 lucem
661 3828 769 3893 tenuit.
805 3828 974 3914 degressus
997 3825 1111 3890 deinde

102 3907 152 3996 ipse
163 3946 232 3989 cum
245 3926 354 4012 paucis
368 3925 563 4014 speculatum
577 3947 649 3989 oum
662 3922 703 3988 ab
717 3922 831 3989 sauciis
845 3921 988 3987 hostibus
1003 3917 1111 3983 scisci-

103 4012 176 4086 ltndo
193 4021 410 4108 comperisset,
434 4032 537 4087 oestro
553 4019 742 4086 Volscorum
760 4020 884 4083 deserte
901 4036 985 4092 esse,
1007 4012 1109 4078 laetus
