2566 4524
287 255 408 313 amna
423 254 511 329 vm,
527 255 627 313 suaa
645 254 909 330 [actast-aaa]
1056 247 1123 318 437

94 419 131 487 ab
149 416 345 486 Samnitibus
363 439 451 482 arma
468 415 579 494 inlata,
599 417 657 482 sed
674 437 747 482 cum
764 425 897 501 utraque
915 416 1010 483 simul
1026 430 1122 506 gente

90 515 206 582 bellum
223 511 377 578 Romanis
395 510 506 577 fuisse.
541 532 601 576 nec
618 521 725 577 tamen
746 533 797 577 res
818 511 884 578 ulla
906 513 1119 582 memorabilis
1139 528 1154 576 6

90 621 169 677 acta:
188 631 266 697 ager
273 606 402 693 Apulus
414 603 643 690 Samniumque
661 616 848 686 crustatum,
866 606 974 674 hostes
993 630 1052 675 nec
1069 609 1122 676 hic

88 727 144 772 nec
165 705 232 770 illio
252 702 382 768 inventi.
417 701 540 767 Romae
561 711 734 769 nocturnus
762 700 861 769 terror
881 703 927 769 ita
948 725 989 770 ex
1011 722 1121 772 somno

87 800 243 887 trepidam
264 806 393 884 repente
415 796 574 862 civitatem
596 796 725 876 excivit,
752 806 788 863 ut
811 796 1005 884 Capitolium
1026 808 1121 885 atque

87 918 142 961 arx
157 892 349 977 moeniaque
362 900 394 956 et
406 900 515 977 portae
532 891 627 978 plena
639 900 831 957 armatorum
848 891 975 958 fuerint.
1003 902 1121 960 etcum
1139 908 1153 954 r

86 999 311 1058 concursatum
333 986 565 1071 clamatumque
587 987 629 1052 ad
650 1009 737 1052 arma
759 986 905 1053 omnibus
927 987 1006 1054 locis
1024 998 1119 1068 esset,

84 1087 186 1174 prima
204 1085 276 1150 luce
293 1103 353 1148 nec
370 1092 481 1147 auctor
496 1104 556 1147 nec
574 1103 672 1148 causa
689 1082 814 1148 terroris
832 1082 1004 1169 conparuit.

143 1179 271 1246 Eodem
284 1170 367 1243 anno
381 1178 421 1242 de
434 1173 625 1242 Tusculanis
638 1175 750 1244 Flavia
763 1176 925 1263 rogatione
937 1177 1047 1264 populi
1060 1176 1121 1245 fuit
1139 1199 1155 1248 8

83 1275 246 1341 iudicium.
274 1272 322 1338 M.
332 1271 463 1338 Flavius
481 1271 625 1338 tribunus
643 1271 745 1359 plebis
764 1272 834 1337 tulit
847 1273 888 1338 ad
903 1272 1068 1359 populum,
1086 1284 1123 1339 ut
1271 1272 1276 1282 '

82 1366 331 1437 inTusculanos
355 1366 667 1445 animadverteretur,
690 1388 825 1451 quorum
847 1366 984 1454 (eorum)
1007 1390 1067 1454 ope
1085 1392 1123 1435 ac
1173 1378 1176 1382 “

82 1464 218 1532 consilio
227 1462 380 1529 Veliterni
390 1460 654 1547 Privernatesque
667 1463 786 1548 populo
795 1462 939 1528 Romano
948 1463 1067 1529 bellum
1076 1465 1123 1530 fe·

83 1560 216 1626 cissent.
239 1558 376 1644 populus
386 1556 588 1622 Tusculanus
601 1579 675 1623 oum
688 1557 876 1646 coniugibus
890 1581 928 1625 ac
940 1558 1048 1626 liberis
1057 1560 1123 1626 Ro·
1141 1573 1155 1621 9

78 1676 168 1721 marn
181 1653 279 1718 venit.
302 1674 341 1718 ea
353 1651 521 1717 multitudo
534 1661 623 1718 veste
635 1662 756 1718 mutata
769 1663 800 1718 et
813 1653 918 1740 specie
930 1675 1056 1722 reorum
1069 1656 1123 1722 tri-

80 1748 143 1817 bus
159 1747 280 1826 circuit,
294 1745 429 1834 genibus
444 1769 478 1812 se
491 1746 633 1813 omnium
650 1746 833 1814 advolvens.
858 1747 930 1834 plus
943 1749 1049 1834 itaque
1063 1751 1122 1816 mi·
1139 1761 1173 1811 10

78 1842 256 1912 aericordia
269 1842 311 1907 ad
327 1863 449 1929 poenae
466 1842 592 1908 veniam
608 1841 839 1928 impetrandam
856 1865 952 1927 quam
966 1865 1063 1910 causa
1080 1846 1122 1911 ad

79 1941 205 2007 crimen
226 1935 428 2026 purgandum
449 1936 558 2004 valuit.
594 1936 694 2003 tribus
717 1959 827 2004 omnes
844 1948 969 2026 praeter
985 1939 1122 2006 Polliam
1141 1961 1172 2010 11

82 2034 289 2118 antiquarunt
305 2032 419 2120 legem.
455 2032 577 2100 Polliae
595 2034 749 2100 sententia
766 2033 837 2114 fuit,
854 2033 991 2122 puberes
1009 2035 1121 2102 verbe·

79 2137 173 2195 ratos
199 2128 320 2206 necari,
348 2128 499 2216 coniuges
525 2127 705 2214 liberosque
728 2128 788 2195 sub
810 2132 933 2196 corona
949 2129 1020 2218 lege
1046 2129 1122 2197 belli

77 2224 208 2302 venire3
230 2223 476 2308 memoriamque
495 2222 562 2289 eius
580 2223 645 2290 irae
654 2222 845 2290 Tusculanis
862 2224 896 2287 in
913 2246 1036 2310 poenae
1054 2235 1119 2290 tam
1140 2245 1172 2294 12

78 2319 200 2385 atrocis
220 2327 380 2384 auctorem
396 2319 552 2384 mansisse
570 2317 611 2383 ad
628 2327 753 2404 patrum
771 2325 906 2383 aetatem
924 2327 1046 2385 constat
1062 2340 1122 2384 neo

79 2434 280 2499 quemquam
306 2412 405 2479 ferme
432 2435 472 2478 ex
493 2411 597 2479 Pollia
623 2413 707 2480 tribu
732 2413 934 2480 candidatum
959 2412 1122 2500 Papiriam

78 2508 168 2574 ferre
186 2508 325 2574 solitum.

151 2601 358 2668 XXXVIII..
378 2602 562 2688 Insequenti
580 2626 672 2682 anno,
688 2602 729 2687 Q.
739 2602 851 2682 Fabio,
865 2603 907 2668 L.
917 2601 1032 2670 Fulvio
1046 2624 1121 2668 oon·
1140 2616 1153 2663 1

80 2696 224 2776 nulibus,
246 2697 290 2764 A.
310 2697 477 2765 Cornelius
494 2697 618 2766 Arvina
636 2698 769 2764 dictator
786 2708 818 2764 et
835 2696 882 2763 M.
901 2696 1022 2764 Fabius
1039 2695 1122 2762 Am-

79 2784 205 2869 bustus,
222 2793 375 2880 magister
395 2794 538 2879 equitum
559 2802 647 2859 metu
667 2794 822 2880 gravioris
840 2792 874 2859 in
892 2790 1025 2861 Samnio
1046 2791 1122 2860 belli

80 2887 303 2954 -conducta
321 2889 405 2953 enim
422 2889 523 2975 pretio
541 2912 561 2954 a
577 2888 718 2954 finitimis
737 2889 884 2955 iuventus
903 2887 1067 2955 dicebatur
1080 2923 1123 2936 -

80 2976 251 3051 intentiore
261 2983 379 3050 dilectu
390 2983 499 3049 habito
509 2983 674 3070 egregium
683 2983 856 3049 exercitum
866 2983 1018 3050 adversus
1030 2981 1124 3050 Sam-

80 3077 169 3145 nites
187 3081 355 3145 duxeumt.
383 3088 486 3145 castra
498 3078 532 3143 in
548 3077 670 3144 hostico
688 3077 844 3142 mendose
861 3077 906 3141 ita
922 3078 1027 3162 posita
1041 3087 1120 3142 tam·
1139 3091 1154 3138 a
1209 3091 1211 3095 ’

88 3192 187 3256 quam
202 3174 316 3261 procul
332 3173 459 3241 abesset
475 3173 588 3252 hostis,
607 3195 680 3239 cum
698 3171 802 3237 subito
820 3172 975 3236 advenere
995 3168 1121 3237 Samni·
1212 3229 1215 3233 .

79 3266 167 3333 tium
182 3269 325 3357 legiones
342 3279 430 3335 tanta
446 3269 573 3347 ferocia,
592 3279 628 3332 ut
640 3267 758 3333 vallum
775 3266 935 3350 usquead
954 3265 1120 3331 stationem
1208 3278 1212 3291 ³

77 3350 265 3430 Romanam
282 3362 443 3429 inferrent.
469 3364 611 3429 noxiam
625 3360 806 3448 adpetebat3
824 3360 857 3426 id
873 3358 1034 3446 prohibuit
1051 3383 1121 3424 mu·
1139 3373 1155 3423 8

77 3456 228 3523 nimenta
246 3457 370 3523 adoriri.
406 3480 466 3523 nec
483 3456 733 3534 dissimulabant,
752 3465 820 3521 orta
836 3456 907 3520 luce
925 3463 1052 3540 postero
1070 3455 1121 3519 die
1139 3465 1141 3469 ‘
1210 3482 1214 3491 ¹

77 3544 237 3619 facturos.
272 3552 407 3617 dictator
427 3551 483 3617 ubi
504 3551 684 3638 propiorem
706 3572 763 3636 spe
781 3550 1014 3618 dimicationem
1032 3549 1120 3628 vidit,
1139 3564 1157 3612 4

77 3656 129 3714 ue·
140 3646 280 3712 militum
297 3646 406 3711 virtuti
423 3646 540 3712 damno
557 3644 647 3711 locus
670 3653 768 3723 esset,
790 3644 919 3731 ignibus
938 3643 1056 3710 crebris
1072 3667 1122 3710 re-

77 3730 178 3822 lictis,
192 3742 249 3826 qui
262 3751 467 3828 conspectum
484 3740 624 3806 hostium
641 3739 872 3817 frustrarentur,
887 3740 1010 3806 silentio
1022 3739 1122 3826 legio-

77 3849 142 3905 nes
160 3835 281 3903 educite
308 3859 369 3904 nec
385 3846 492 3903 tamen
512 3835 621 3902 fallere
642 3845 769 3921 propter
785 3835 1050 3921 propinquitatem
1068 3855 1120 3897 ca·

77 3940 224 4000 snorum
232 3932 344 4018 potuit.
373 3953 470 4018 eques
480 3930 638 4017 extemplo
647 3930 809 4008 insecutus
818 3930 862 3995 ita
870 3928 982 3994 institit
990 3926 1117 4012 agmini,
1137 3939 1153 3988 o

77 4038 127 4109 ut,
142 4027 249 4095 donec
265 4027 449 4108 lucesceret,
467 4027 587 4115 proelio
605 4026 784 4092 abstineret.
812 4048 851 4091 ne
869 4021 1189 4258 pedestres&
