2566 4524
158 230 238 309 390Ι
373 249 492 306 umus
509 246 580 319 vn,
599 247 641 304 ar.
654 247 697 306 aa
717 251 755 317 [a.
764 265 792 304 u.
803 263 828 304 ο.
838 245 901 304 411.
913 245 978 320 412]

15 419 19 430 '
111 435 140 483 11
159 413 384 479 frumentatum
400 430 458 496 per
475 430 569 496 agros
586 406 718 473 militem
740 406 827 474 duci:
854 406 980 474 interim
1002 407 1103 494 quieto
1119 407 1168 475 Ro·

158 526 266 586 mano,
302 504 357 590 qui
387 503 551 591 expeditus
578 511 732 587 quantum
758 501 874 569 umeris
901 503 984 569 inter
1010 525 1096 570 arma
1120 502 1169 592 geri

109 623 141 672 12
158 613 266 692 posset
282 599 432 666 immenti
450 619 558 664 secum
576 595 744 678 attulisset,
768 596 916 664 defutura
933 599 1049 665 omnia.
1080 598 1170 666 consul

157 696 280 784 palatos
306 716 364 782 per
389 715 483 783 agros
510 714 583 759 cum
610 692 741 760 vidisset
765 692 888 773 hostes,
916 693 1070 762 stationes
1095 693 1169 761 inire·

69 865 75 873 ,
158 798 291 876 quantes
312 786 451 867 relicus,
477 786 587 876 paucis
609 787 724 854 milites
747 787 933 854 adhortatus
955 788 999 854 ad
1015 798 1117 857 csstm
1130 811 1171 876 op·

108 885 331 974 repugnanda
351 883 447 975 ducit.
491 904 573 969 quas
590 905 663 949 cum
680 882 782 971 primo
800 882 937 951 clamore
955 893 1054 970 atque
1070 884 1169 973 impetu
1206 944 1210 987 ἱ

159 983 295 1070 cepisset
315 977 458 1068 pluribus
476 978 615 1045 bostium
631 979 666 1044 in
683 979 824 1046 tentoriis
842 980 908 1046 suis
926 1001 1025 1066 quam
1043 981 1077 1048 in
1091 980 1169 1068 portis

158 1076 304 1163 valloque
330 1075 445 1154 caesis,
473 1074 565 1162 signa
590 1074 715 1161 captiva
739 1074 773 1138 in
798 1097 898 1140 unum
923 1075 1032 1142 locum
1058 1074 1171 1143 conleni

157 1171 264 1249 iussit,
282 1169 461 1254 relictisque
480 1167 603 1235 duabus
621 1168 799 1258 legionibus
818 1169 982 1237 custodiae
999 1179 1032 1237 et
1044 1168 1170 1258 praesidii

159 1288 256 1332 causa
280 1263 370 1354 gravi
396 1263 498 1329 edicto
525 1262 666 1343 monitis,
698 1273 745 1342 ut,
778 1263 878 1331 donec
903 1264 974 1352 ipse
1000 1266 1170 1342 revertisset,

109 1380 142 1429 14
158 1360 276 1448 praeda
288 1358 493 1437 abstinerent,
511 1357 672 1445 profectus
687 1357 814 1446 agmine
826 1358 996 1437 instructo,
1015 1381 1089 1426 cum
1101 1380 1170 1447 prae·

158 1453 275 1521 missus
298 1475 394 1538 eques
417 1452 504 1519 velut
526 1450 674 1540 indagine
697 1452 866 1539 dissipatos
890 1451 1052 1521 Samnites
1074 1463 1169 1543 ageret,

109 1569 141 1618 15
160 1549 289 1616 caedem
314 1548 476 1636 ingentem
502 1547 588 1613 fecit.
632 1569 707 1612 nam
732 1569 835 1633 neque
861 1569 925 1636 quo
952 1549 1048 1637 siguo
1074 1550 1171 1616 coirent

158 1644 240 1709 inter
261 1665 296 1710 se
317 1662 419 1727 neque
436 1651 542 1707 utrum
560 1650 664 1708 eastra
679 1650 821 1728 peterent
839 1664 880 1708 an
896 1643 1074 1731 longiorem
1089 1644 1170 1710 intes·

110 1757 142 1808 16
159 1739 268 1805 dorent
289 1736 413 1825 fugam,
437 1735 552 1802 territis
570 1745 713 1803 constare
730 1746 868 1824 poterat:
890 1746 1078 1824 tantumque
1094 1737 1169 1826 fugae

160 1855 197 1899 ac
214 1833 389 1900 formidinis
408 1831 482 1910 fnit,
500 1841 536 1898 ut
553 1831 594 1897 ad
612 1831 819 1919 quadraginta
836 1832 923 1898 milia
941 1843 1114 1912 scutorum,
1129 1852 1171 1897 ue·

159 1950 319 2012 quaquam
340 1936 387 1992 tot
407 1925 522 2005 caesis,
550 1935 581 1992 et
603 1926 695 2014 signa
715 1926 860 1993 militaria
881 1949 955 1993 cum
977 1929 1033 2008 iis,
1060 1926 1170 2014 quaein

160 2021 271 2087 castris
294 2030 385 2107 capta
408 2030 509 2098 erant,
535 2020 575 2085 ad
599 2031 724 2086 centum
748 2022 947 2110 septuaginta
969 2022 1170 2090 adcumulem

109 2138 142 2186 lt
160 2115 364 2182 deferrentur.
396 2124 464 2179 tum
480 2114 514 2180 iu
532 2124 635 2181 castra
652 2116 790 2182 hostium
807 2117 943 2183 reditum
961 2117 1070 2203 ibique
1087 2115 1169 2185 omnis

158 2210 277 2299 praeda
293 2207 383 2276 militi
401 2211 484 2276 data.

127 2326 140 2374 1
224 2304 430 2372 XXXVIII.
453 2304 560 2371 Huius
576 2305 754 2372 certaminis
768 2305 895 2371 fortuna
909 2315 941 2371 et
948 2305 1102 2386 Faliscos,
1115 2326 1171 2371 cum

158 2404 192 2468 in
208 2403 337 2470 indutiis
356 2412 475 2480 essent,
495 2402 608 2469 foedus
625 2412 731 2489 petere
749 2401 790 2469 ab
809 2411 920 2469 senatu
938 2404 1058 2490 coegit,
1078 2414 1107 2469 et
1121 2401 1173 2467 Ia-

159 2498 242 2565 tinos
260 2500 323 2564 iam
342 2496 530 2564 exercitibus
550 2498 727 2583 conparatis
741 2496 781 2564 ab
794 2496 939 2564 Romano
954 2498 987 2563 in
1000 2497 1172 2586 Paelignum

125 2613 140 2662 a
159 2594 252 2660 vertit
268 2592 397 2660 bellum.
437 2614 540 2678 neque
557 2592 602 2657 ita
618 2592 664 2657 rei
681 2602 789 2679 gestae
808 2590 894 2658 fama
910 2592 1004 2658 Italia
1024 2616 1058 2660 se
1075 2591 1173 2658 finibus

159 2689 272 2767 tenuit,
306 2689 362 2754 sed
389 2687 667 2774 Carthaginienses
698 2709 823 2774 quoque
849 2687 972 2774 legatos
999 2689 1174 2776 gratulatum
1209 2714 1210 2721 ¹

159 2785 295 2850 Romam
318 2783 432 2848 misere
450 2804 523 2847 cum
541 2802 674 2848 coronae
692 2803 805 2848 aureae
823 2782 919 2862 dono,
943 2804 1026 2868 quae
1044 2784 1078 2849 in
1095 2778 1174 2868 Capi·
1208 2816 1210 2847 2

133 2881 137 2887 ’
160 2877 236 2942 tolio
252 2876 287 2941 in
304 2877 390 2942 Iovis
409 2876 488 2942 cella
504 2885 680 2964 poneretur.
708 2876 769 2942 suit
785 2877 891 2963 pondo
909 2877 1025 2964 viginti
1043 2878 1173 2965 quinque.
1208 2906 1210 2939 ς

126 2983 141 3032 a
160 2970 305 3038 consules
324 2969 417 3038 ambo
435 2971 475 3037 de
494 2969 690 3038 Samnitibus
709 2970 941 3057 triumpharunt
959 2969 1174 3057 sequenteDt·
1208 2999 1210 3015 ¹

160 3067 209 3134 cio
234 3065 450 3154 insigni‘cum
476 3066 569 3132 laude
592 3064 760 3151 donisque,
787 3087 860 3131 cum
881 3065 1046 3134 incondito
1067 3061 1174 3134 militati
1209 3094 1210 3101 ¹

158 3163 228 3229 ioco
250 3161 337 3228 haud
358 3161 462 3227 minus
485 3159 602 3227 tribuni
623 3159 745 3227 celebre
767 3182 883 3226 nomen
904 3182 1002 3245 quam
1026 3160 1173 3229 consulum

160 3268 255 3323 esset.

43 3381 49 3387 ·
125 3372 143 3421 4
225 3349 461 3437 Campanorum
475 3349 588 3416 deinde
603 3347 1047 3434 Suessanorumqueauditae
1063 3349 1173 3440 legatio·
1208 3376 1210 3389 ·

159 3466 216 3509 nes
222 3468 232 3522 3
253 3444 517 3529 precantibusque
535 3445 658 3524 datum,
680 3454 716 3510 ut
732 3444 925 3531 praesidium
944 3465 983 3510 eo
1005 3445 1042 3512 in
1063 3446 1171 3513 hibern

126 3536 346 3616 omitteretur,
374 3559 437 3623 quo
461 3536 651 3604 Samnitium
677 3539 879 3605 excursiones
902 3550 1094 3607 arcerentur.
1125 3537 1172 3603 iau
1209 3568 1210 3603 2

159 3643 227 3697 tum
257 3632 385 3699 minime
412 3632 545 3699 salubris
572 3633 698 3699 militari
725 3632 907 3721 disciplinae
936 3631 1053 3722 Capua
1078 3635 1172 3701 insur-

157 3736 265 3793 mento
278 3727 417 3793 omnium
430 3727 637 3814 voluptatium
651 3727 803 3794 delenitos
817 3726 954 3793 militum
967 3730 1091 3797 animos
1103 3744 1172 3795 aret·

158 3824 195 3889 tit
217 3847 236 3889 a
257 3823 408 3890 memoria
428 3822 562 3911 patriae3
589 3822 810 3908 inibanturque
833 3822 966 3890 consilia
991 3824 1029 3890 in
1054 3816 1169 3892 timui

159 3917 270 3985 eodem
288 3918 406 3984 scelere
418 3918 603 3985 adimendae
619 3916 790 4004 Campanis
805 3917 951 4005 Capuae,
970 3940 1031 4006 per
1047 3907 1170 4007 quoditt

126 4029 140 4078 6
160 4033 228 4077 eam
246 4012 383 4098 antiquis
402 4011 572 4080 cultoribus
592 4013 797 4080 ademissent:
815 4034 919 4100 neque
932 4013 1081 4083 inmerito
1097 4027 1169 4082 suum
