2566 4524
333 240 452 296 umus
467 241 522 312 vr,
540 240 583 297 40.
595 240 639 296 41.
658 240 812 315 [sosas]
1027 231 1091 300 341

77 425 117 488 ue
128 403 217 468 hunc
228 398 347 467 Gaium
354 399 517 466 Licinium
529 398 684 479 consules,
703 399 789 484 quod
801 399 986 487 indignaris,
1004 402 1092 486 quod

77 496 264 575 bominaris,
287 493 416 560 videas?
437 503 491 559 aut
509 494 614 561 omnia
631 494 739 580 accipe
756 503 812 559 aut
828 495 906 560 nihil
923 495 1019 561 fero?
1053 506 1090 562 ut
1108 518 1141 570 12

77 593 89 657 i
104 593 175 678 quis
193 591 238 668 ei,
261 611 357 675 quem
373 598 484 676 urgeat
501 588 618 667 fames,
641 610 798 654 venenum
814 598 911 676 ponat
928 612 1001 655 oum
1019 590 1091 658 cibo

77 695 95 751 rt
113 696 168 752 aut
189 685 348 752 abstinere
370 707 408 750 eo
425 685 512 769 quod
528 683 624 750 vitale
642 684 683 750 sit
699 682 808 750 iubeat
823 694 878 750 aut
894 686 1090 753 mortiferum

77 779 146 847 rituli
162 779 345 845 admisceat.
381 800 456 866 ergo
470 777 498 844 si
511 787 596 844 esset
608 777 707 844 libera
719 777 799 844 haec
812 779 938 859 civitas,
955 802 1020 847 non
1033 779 1091 846 tibi

77 875 240 959 hequentes
262 871 511 939 succlamassent
535 871 612 938 “abi
633 871 707 938 hino
728 895 802 938 cum
824 873 1034 942 tribunatibus
1053 896 1090 940 ao

77 967 275 1056 rogationibus
290 965 390 1033 tuisl'’
416 966 511 1052 quid?
529 966 557 1032 si
573 975 609 1031 tu
625 989 690 1033 non
707 966 829 1046 tuleris,
848 969 934 1053 quod
951 991 1090 1036 commo-

77 1063 138 1127 dum
158 1071 207 1127 est
227 1060 345 1148 populo
367 1061 522 1148 accipere,
549 1084 642 1126 nemo
664 1061 723 1126 erit
745 1061 800 1146 qui
825 1061 907 1128 ferat
931 1063 1028 1129 illud?
1063 1062 1091 1128 si
1110 1084 1141 1131 13

77 1157 132 1240 quis
148 1154 314 1243 patricius,
334 1155 362 1221 si
378 1155 506 1240 quis-
524 1157 610 1240 quod
626 1155 674 1220 illi
689 1154 799 1221 volunt
815 1154 1000 1224 invidiosius
1019 1182 1089 1228 esse

77 1249 275 1316 -Claudius
298 1249 415 1315 diceret
438 1255 517 1314 “aut
539 1249 645 1314 omnia
666 1249 798 1337 accipite
819 1259 874 1315 aut
894 1251 973 1316 nihil
993 1252 1090 1334 fero,’'

77 1345 132 1428 quis
148 1354 303 1423 vestrm,
327 1342 482 1428 Quirites,
508 1343 623 1409 ferret?
647 1366 861 1429 numquamne
883 1367 940 1411 vos
961 1369 1013 1413 res
1031 1365 1141 1435 po-.14

77 1439 126 1503 tius
142 1461 237 1523 quam
253 1447 397 1504 auctores
420 1437 616 1525 spectabitis,
633 1437 702 1512 ⁴sed
723 1439 828 1505 omnia
850 1461 983 1526 semper,
1007 1464 1088 1526 quae

77 1531 262 1620 magistratus
279 1533 333 1598 ille
350 1532 446 1611 dicet,
465 1531 612 1598 secundis
630 1531 774 1609 auribus,
792 1555 873 1617 quae
891 1533 932 1599 ab
944 1545 1088 1603 nostrum

77 1647 127 1710 quo
146 1628 301 1705 dicentur,
328 1625 469 1695 adversis
496 1625 676 1712 accipietis?
709 1636 742 1692 at
762 1625 890 1694 hercule
913 1650 1016 1696 sermo
1039 1641 1088 1698 est
1107 1647 1140 1696 15

77 1721 188 1786 minime
210 1721 326 1787 civilis:
353 1720 449 1806 quid?
473 1721 595 1808 rogatio
617 1719 719 1805 qualis
742 1729 804 1800 est,
831 1743 926 1806 quam
952 1747 972 1789 a
996 1725 1088 1793 vobis

77 1817 254 1902 mtiquatam
283 1815 509 1904 indignantur?
551 1816 701 1894 sermoni,
734 1814 888 1900 Quirites,
920 1818 1088 1885 simillima.
1131 1858 1145 1872 --

77 1910 255 1978 “consules”
283 1910 385 1996 inquit
411 1916 528 1998 “rogo,
563 1933 603 1977 ne
629 1910 720 1977 vobis
746 1932 827 1995 quos
853 1910 956 1978 velitis
983 1913 1088 1979 facere

77 2002 182 2072 liceat?
216 2030 258 2072 an
275 2005 365 2072 aliter
380 2014 485 2093 rogat,
507 2005 563 2090 qui
579 2005 687 2090 utique
705 2005 837 2072 alterum
854 2007 1003 2094 explebe
1020 2007 1088 2074 fieri
1107 2025 1139 2074 lo

77 2100 223 2166 consulem
240 2099 328 2167 iubet
344 2121 403 2165 nec
420 2101 500 2166 duos
518 2099 665 2185 patricios
683 2101 809 2166 creandi
826 2110 1015 2187 potestatem
1031 2125 1088 2170 vo·

77 2193 111 2261 bis
131 2193 300 2282 permittit?
331 2194 359 2260 si
379 2192 473 2260 hodie
496 2192 580 2259 bella
601 2193 677 2273 sint,
705 2193 797 2278 quale
818 2193 991 2261 Etruscum
1016 2197 1086 2276 fuit,
1107 2215 1138 2261 11

77 2309 133 2353 rum
157 2287 292 2354 Porsina
316 2287 494 2354 Ianiculum
518 2287 646 2366 insedit,
677 2287 770 2372 quale
797 2285 956 2354 Gallicum
981 2290 1085 2368 modo,

77 2405 132 2447 um
148 2392 273 2469 practer
287 2381 479 2469 Capitolium
497 2391 590 2466 atque
608 2403 712 2447 arcem
730 2381 836 2448 omnia
852 2382 931 2448 haec
948 2382 1087 2449 hostium
1202 2437 1203 2440 η

77 2487 159 2556 rant,
180 2486 211 2543 et
228 2477 427 2544 consulatum
445 2499 517 2542 cum
530 2477 590 2542 hoc
602 2475 650 2541 M.
661 2475 759 2542 Furio
772 2486 804 2541 et
816 2475 956 2560 quolibet
969 2475 1031 2543 alio
1048 2500 1088 2542 ex

77 2570 201 2638 ratribus
214 2571 257 2637 L.
271 2571 326 2636 ille
338 2569 467 2638 Sextius
480 2581 614 2659 peteret,
632 2570 809 2658 possetisne
827 2570 921 2649 ferre,
942 2568 1089 2637 Sextium

77 2667 143 2732 raud
164 2690 223 2753 pro
245 2667 343 2734 dubio
364 2667 526 2733 consulem
543 2689 629 2746 esse,
653 2665 824 2732 Camillum
841 2667 881 2730 de
897 2666 1024 2753 repulsa
1041 2666 1089 2731 ‹li-

77 2761 194 2826 nicarc?
220 2761 332 2827 hocine
350 2771 400 2828 est
415 2761 450 2827 in
466 2783 633 2827 commune
650 2758 786 2828 honores
803 2783 931 2840 vocare,
954 2770 989 2826 ut
1007 2761 1086 2826 duos
1108 2777 1139 2826 18

77 2855 200 2922 lebeios
218 2854 287 2921 fieri
304 2855 449 2922 consules
467 2854 573 2934 liceat,
592 2856 672 2922 duos
689 2855 837 2943 patricios
855 2877 920 2922 non
931 2855 1037 2934 liceat,
1056 2865 1088 2922 et

77 2951 192 3016 lterum
210 2949 358 3036 explebe
376 2949 474 3016 creari
490 2972 620 3016 necesse
638 2950 693 3030 sit,
711 2960 879 3037 utrumque
892 2974 933 3016 ex
944 2950 1087 3038 pahibus
1110 3024 1113 3028 ,

77 3045 226 3111 raeterire
243 3044 355 3111 liceat?
371 3067 527 3130 quaenam
543 3045 604 3111 ista
622 3045 770 3124 societas,
788 3068 945 3130 quaenam
962 3067 1088 3111 consor-

77 3140 104 3204 io
117 3139 182 3204 esti
198 3161 312 3225 parum
325 3148 387 3218 est,
406 3139 448 3218 si,
467 3139 556 3205 cuius
574 3161 648 3225 pars
667 3149 721 3204 tua
737 3139 823 3204 nulla
841 3137 944 3202 adhuc
961 3138 1036 3215 fuit,
1054 3137 1089 3202 in

77 3242 179 3300 artem
201 3234 269 3300 eius
290 3233 394 3312 venis,
420 3233 482 3300 nisi
502 3244 624 3321 partem
649 3233 785 3320 petendo
810 3241 912 3299 totum
937 3230 1088 3296 traxeris?

81 3327 201 3393 timeo”
223 3328 325 3412 inquit
348 3334 426 3407 “ne,
450 3327 478 3394 si
499 3329 579 3395 duos
601 3328 708 3395 licebit
729 3327 828 3393 creari
848 3326 1010 3413 patricios,
1033 3343 1138 3392 ne-1s

77 3422 175 3487 rinem
201 3422 312 3487 creetis
338 3422 525 3509 plebeium.’'
559 3423 637 3507 quid
662 3432 711 3488 est
736 3422 840 3486 dicere
861 3419 960 3486 aliud:
989 3420 1088 3505 “quia

77 3517 205 3604 rdignos
223 3526 329 3583 vestra
345 3517 505 3582 voluntate
523 3516 658 3582 creaturi
674 3515 848 3594 nonestis,
866 3515 1088 3582 necessitatem

77 3611 147 3678 obis
172 3611 299 3676 creandi
319 3633 400 3696 quos
421 3635 485 3677 non
506 3611 601 3677 vultis
623 3610 812 3697 inponam?’'
837 3610 914 3695 quid
936 3612 1086 3696 sequitur,
1104 3629 1138 3678 20

77 3705 117 3772 isi
135 3714 172 3770 ut
189 3727 230 3771 ne
248 3704 435 3772 beneficium
452 3705 579 3791 quidem
598 3704 711 3771 debeat
723 3704 856 3791 populo,
874 3704 903 3770 si
920 3727 993 3770 cum
1010 3705 1088 3770 duo-

77 3823 116 3864 us
134 3799 275 3886 patriciis
293 3823 375 3866 unus
392 3799 516 3887 petierit
532 3798 674 3886 plebeius
693 3809 725 3865 et
741 3799 812 3888 lege
830 3822 879 3879 se,
897 3822 962 3864 non
975 3799 1088 3864 suffra·

77 3893 109 3960 io
128 3907 270 3960 creatum
288 3895 390 3960 dicat?

120 3988 298 4054 XXXXI.
319 3988 392 4074 Quo
402 3991 497 4057 modo
507 3997 722 4076 extorqueant,
731 4012 796 4056 non
803 4010 867 4075 quo
875 3985 969 4052 modo
977 3990 1086 4071 petant
1104 4001 1120 4051 1
