2566 4524
143 217 217 283 488.
342 225 460 282 LIBER
476 222 577 294 VIIII,
593 221 636 276 41.
646 220 689 276 42.
708 219 977 290 [auam-448]

146 387 308 456 consulem
335 383 507 468 armatique
533 379 648 446 milites
671 402 711 446 ex
733 379 800 445 acie
821 378 856 444 in
878 379 980 446 aciem
1006 379 1167 459 transferri,-
1208 428 1212 471 t

148 495 179 550 et
197 482 297 550 sicubi
315 490 363 546 est
381 488 552 556 certamen,
575 475 675 544 scutis
692 476 794 562 magis
812 497 910 559 quam
928 475 1043 563 gladiis
1060 477 1162 564 geritur
1209 500 1212 569 j

97 599 129 648 19
148 601 217 644 res:
244 574 433 642 umbonibus
455 572 644 656 incussaque
667 570 717 636 ala
744 578 925 636 sternuntur
950 570 1067 637 hostes.
1103 571 1163 658 plus
1209 572 1212 629 ἒ

148 674 270 761 capitur
291 670 455 736 hommum
476 689 571 752 quam
594 665 747 743 caeditur,
774 673 869 749 atque
890 687 957 732 una
979 687 1044 732 vox
1063 687 1164 753 ponere
1209 696 1212 729 t

97 786 132 838 20
150 792 237 834 arma
267 763 443 831 iubentium
473 784 530 850 per
555 769 653 827 totam
683 759 783 826 fertur
809 759 920 826 aciem.
964 760 1073 846 itaque
1098 760 1167 826 inter

114 934 118 942 ,
149 865 254 949 ipsum
268 867 425 925 certamen
437 857 522 922 facta
534 856 652 921 deditio
666 863 714 920 est
732 879 751 919 a
767 854 877 941 primis
895 855 1080 922 auctoribus
1094 853 1165 921 belli

149 966 276 1043 postero
297 950 597 1037 insequentibusque
616 949 727 1015 diebus
746 959 777 1015 et
798 948 894 1014 ceteri
911 949 1107 1017 Umbrorum
1118 970 1168 1036 po-

150 1050 217 1140 puli
234 1049 400 1114 deduntur.
425 1042 607 1112 Ocriculani
624 1044 793 1131 sponsione
809 1044 843 1109 in
861 1043 1036 1110 amicitiam
1053 1042 1167 1130 accepti

116 1164 131 1215 1
214 1141 408 1212 XXXXII.
435 1139 554 1206 Fabius
573 1139 693 1205 alienae
716 1139 807 1206 sortis
825 1139 926 1204 vietor
947 1138 1026 1205 belli
1042 1139 1169 1205 insuam

116 1259 132 1312 2
151 1237 346 1328 provinciam
364 1234 535 1300 exereitum
552 1234 687 1299 reduxit.
722 1235 827 1318 itaque
846 1233 875 1298 ei
892 1232 935 1299 ob
951 1255 1006 1300 res
1028 1243 1093 1299 tam
1112 1231 1173 1298 feli-

148 1334 226 1400 citer
243 1339 351 1419 gestas
374 1329 456 1395 sicut
476 1328 579 1415 priore
596 1349 679 1393 anno
696 1327 832 1414 populus
850 1327 1090 1394 continuaverat
1108 1347 1170 1392 oon-

150 1428 296 1504 sulatum,
310 1425 355 1490 ita
368 1432 495 1489 senatus
512 1423 546 1487 in
562 1422 779 1507 insequentem
792 1445 919 1500 annum,
935 1444 1001 1506 quo
1010 1421 1075 1508 Ap.
1086 1419 1171 1488 Clau·
1210 1444 1212 1451 ·

150 1523 236 1600 dius,
253 1521 296 1587 L.
309 1517 500 1585 Volumnius
519 1516 664 1582 consules
681 1516 822 1594 fuerunt,
845 1516 1030 1604 prorogavit
1046 1515 1170 1581 maxime

116 1634 132 1684 8
150 1615 258 1702 Appio
281 1614 467 1678 adversante
487 1611 663 1699 imperium.
682 1606 684 1611 ’
703 1610 846 1696 Appium
874 1632 1041 1676 censorem
1065 1610 1170 1696 petisse

150 1709 349 1776 considatum
375 1705 561 1790 comitiaque
588 1705 655 1770 eius
682 1704 722 1771 ab
744 1705 787 1771 L.
805 1705 901 1771 Furio
929 1705 1057 1773 tribuno
1082 1703 1171 1791 plebis

96 1825 99 1832 ’
149 1802 360 1889 interpellata,
387 1801 489 1866 donec
514 1821 549 1866 se
576 1821 708 1864 censura
734 1798 905 1878 abdicavit,
932 1800 966 1865 in
993 1799 1170 1885 quibusdan
1210 1844 1212 1895 ;

115 1919 133 1967 4
150 1897 316 1966 annalibus
337 1893 473 1959 invenio.
514 1902 636 1958 oreatus
659 1893 783 1970 consul,
807 1915 880 1959 cum
901 1894 1046 1981 collegae
1066 1914 1170 1959 novum

150 1990 268 2057 bellum
288 1986 442 2055 Salentini
463 1986 570 2052 hostes
589 1986 842 2065 decernerentur,
860 1987 983 2052 Romae
1003 1989 1130 2065 mansit,
1144 1995 1172 2050 ut

151 2081 281 2150 urbanis
304 2078 424 2146 artibus
446 2102 523 2167 opes
545 2091 688 2167 augeret,
712 2081 838 2166 quando
860 2081 935 2147 belli
961 2083 1062 2149 decus
1088 2103 1172 2169 penes

118 2196 134 2246 t
152 2177 231 2244 alios
250 2185 342 2242 esset.
379 2173 584 2240 Volumnium
601 2176 781 2261 provinciae
798 2175 884 2240 haud
900 2177 1071 2263 paenituit:
1088 2176 1175 2242 multa

152 2271 291 2339 secunda
307 2269 426 2356 proelia
438 2269 523 2348 fecit,
536 2269 656 2354 aliquot
668 2269 762 2336 urbes
776 2269 915 2336 hostium
928 2271 960 2335 vi
974 2272 1070 2358 cepit.
1096 2293 1175 2359 prae·

152 2367 212 2433 dae
230 2376 296 2432 erat
317 2365 447 2452 largitor
464 2374 495 2429 et
512 2363 738 2451 benignitatem
760 2387 817 2450 per
840 2387 873 2430 se
891 2375 1018 2452 gratam
1040 2367 1174 2434 comitate

152 2460 338 2536 adiuvabat,
365 2458 557 2542 militemque
583 2459 633 2523 his
660 2459 781 2524 artibus
808 2459 926 2524 fecerat
948 2471 980 2526 et
1002 2461 1133 2547 periculi
1152 2469 1175 2524 et

119 2576 133 2626 6
151 2553 268 2621 laboris
286 2552 424 2619 avidum.
461 2551 502 2635 Q.
520 2552 640 2618 Fabius
658 2575 715 2639 pro
733 2555 861 2620 consule
879 2555 920 2619 ad
938 2555 1053 2621 urbem
1070 2555 1177 2621 Allifas

153 2670 226 2715 cum
241 2645 431 2714 Samnitium
449 2647 588 2711 exercitu
605 2648 704 2734 signis
723 2648 854 2714 conlatis
873 2649 1026 2736 confligit
1058 2651 1178 2715 minine

153 2741 304 2829 ambigua
323 2764 374 2806 res
396 2741 474 2805 fuit:
501 2741 566 2805 fusi
592 2741 699 2807 hostes
722 2751 815 2826 atque
841 2743 875 2806 in
901 2752 1007 2809 castra
1034 2743 1177 2832 conpulsi.

152 2858 212 2901 uec
234 2844 337 2900 castra
358 2834 462 2899 forent
483 2844 617 2914 retenta,
640 2836 673 2900 ni
695 2836 844 2923 exiguum
872 2836 1086 2922 superfuisset
1112 2837 1178 2912 diei;

153 2939 226 2995 aute
248 2936 373 2993 noctem
395 2937 500 2992 tamen
521 2940 595 2994 suut
617 2930 825 2996 circumsessa
846 2941 878 2995 et
899 2942 993 3023 nocte
1022 2934 1179 3008 custodita,

121 3047 135 3096 t
154 3045 194 3089 ne
212 3022 283 3109 quis
303 3020 384 3088 elabi
401 3032 518 3108 posset.
549 3034 677 3109 postero
694 3026 745 3090 die
758 3025 889 3090 vixdum
905 3026 978 3090 luce
998 3037 1087 3094 certa
1103 3028 1179 3094 dedi-

155 3118 199 3184 tio
221 3117 290 3190 fieri
312 3127 441 3204 coepta3
471 3127 501 3183 et
522 3120 620 3204 pacti,
643 3120 698 3205 qui
717 3117 907 3186 Samnitium
928 3120 1038 3187 forent
1060 3135 1098 3187 ut
1118 3145 1181 3188 cum

118 3212 288 3301 asingulis
314 3213 510 3279 vestimentis
538 3213 758 3280 emitterentur.
802 3214 825 3278 ii
851 3235 961 3280 omnes
990 3216 1054 3283 sub
1080 3219 1181 3309 iugum

153 3308 253 3374 missi.
294 3308 388 3374 sociis
412 3305 603 3374 Samnitium
624 3307 702 3373 nihil
724 3317 865 3386 cautum,
891 3309 934 3373 ad
956 3321 1086 3396 septem
1106 3311 1182 3377 milit

155 3400 215 3467 sub
230 3424 344 3468 corona
357 3402 492 3468 veniere.
527 3402 582 3486 qui
600 3423 635 3467 se
647 3403 749 3468 civem
761 3402 937 3467 Hernicum
956 3404 1094 3485 dixerat,
1108 3427 1183 3472 seor·

119 3517 209 3568 osus
230 3494 264 3559 in
286 3497 429 3562 custodia
450 3495 586 3563 habitus.
627 3518 681 3562 eos
709 3518 818 3562 omnes
840 3495 961 3562 Fabius
986 3499 1127 3566 Romam
1145 3497 1180 3564 ad

154 3600 299 3654 senatum
319 3590 415 3655 misit.
456 3600 487 3656 et
508 3612 581 3657 cum
603 3592 781 3676 quaesitum
807 3599 904 3667 esset,
929 3591 1052 3659 dilectu
1072 3617 1113 3660 an
1132 3613 1182 3657 vo-

152 3683 280 3750 luntarii
296 3705 354 3769 pro
369 3682 563 3751 Samnitibus
581 3686 733 3752 adversus
747 3685 909 3750 Romanos
931 3683 1117 3766 bellassent,
1132 3706 1180 3772 per

102 3801 136 3856 to
153 3777 287 3845 Latinos
300 3779 434 3865 poprdos
447 3781 644 3845 custodiendi
655 3782 778 3859 dantur,
791 3779 934 3864 iussique
948 3803 1023 3847 eam
1036 3783 1180 3870 integram

153 3898 221 3942 rem
237 3876 313 3941 novi
330 3875 475 3942 consules
493 3875 532 3941 P.
549 3875 716 3943 Cornelius
733 3876 866 3954 Arvina,
886 3874 929 3959 Q.
948 3875 1094 3944 Marcius
1112 3877 1179 3941 Tre·

152 3971 259 4038 mulus
273 4010 315 4020 -
328 3971 362 4037 hi
379 3972 462 4038 enim
480 3971 544 4037 iam
562 3973 656 4038 creati
675 3983 763 4039 erant
776 4009 819 4020 -
832 3971 875 4037 ad
892 3982 1042 4038 senatum
1063 3972 1178 4039 referre
