2566 4524
153 233 219 301 314
386 243 505 300 niusa
522 242 578 315 ru,
597 244 622 299 a
636 243 677 298 10.
696 246 735 312 [a
747 238 954 311 ansatos]

118 411 373 474 memorantes.
397 400 646 469 eovimCamilli
655 402 696 469 ab
705 399 803 468 Antio
817 402 945 469 fortuna
957 404 1075 471 avertit
1095 428 1161 471 narr-

152 522 214 586 que
232 522 305 566 oum
322 521 360 565 ea
376 498 447 564 loca
468 497 613 583 opposita
629 496 777 563 Etruriae
799 507 831 563 et
852 497 939 564 velut
961 498 1095 566 claustra
1107 501 1161 567 iude

150 604 323 680 portaeque
345 601 465 671 essent,
493 600 525 656 et
549 590 611 657 illis
634 590 810 678 occupandi
837 614 888 672 ea,
916 615 991 659 cum
1017 595 1094 679 quid
1108 595 1162 661 nori

153 689 349 765 molirentur,
376 696 408 753 et
423 686 575 753 Romanis
597 686 802 772 recuperandi
823 687 997 773 tuendique
1019 710 1093 755 cura
1106 698 1163 756 erat
1200 730 1202 735 -

118 783 247 867 sigitur
270 781 393 847 seumui
415 802 488 847 oum
507 779 641 846 Camillo
659 780 713 867 agi
733 779 865 866 placuit,
892 790 930 847 ut
951 782 1069 850 omisso
1086 782 1163 849 Antio

151 874 270 941 bellum
295 875 468 941 Etruscum
495 875 678 961 susciperet.
721 873 865 961 legiones
889 874 1047 957 manae,
1071 877 1164 963 quibus

116 967 307 1039 cServilius
329 968 521 1058 praefuerat,
548 969 578 1035 ei
600 970 819 1034 decernuntur.
859 992 1055 1056 quamquam
1075 993 1165 1058 exper-

150 1074 220 1130 tum
237 1063 408 1131 exercitum
426 1064 653 1147 adsuetumque
671 1063 817 1149 imperio,
840 1063 896 1148 qui
912 1064 946 1130 in
963 1063 1090 1133 Volscis
1105 1075 1164 1145 erat,

149 1159 272 1238 mallet,
299 1159 378 1224 nihil
394 1158 565 1236 recusavit,
588 1155 752 1222 Valerium
769 1159 989 1226 tantummodo
1006 1160 1115 1248 imperi
1127 1182 1167 1227 so·

150 1253 235 1319 oium
253 1253 447 1340 depoposcit.
484 1249 652 1335 Quinctius
670 1251 887 1336 Horatiusque
905 1276 1103 1322 successores
1114 1252 1166 1322 Vt·

150 1348 228 1413 lario
245 1347 279 1412 in
297 1346 424 1413 Volscis
442 1346 541 1412 missi

118 1464 131 1510 7
216 1440 357 1507 Profecti
379 1440 419 1507 ab
441 1441 519 1507 urbe
539 1437 681 1506 Sutrium
701 1438 818 1506 Furius
841 1451 873 1506 et
893 1440 1044 1509 Valerius
1064 1452 1167 1532 partem

150 1536 258 1623 oppidi
275 1536 339 1601 iam
357 1545 482 1622 captam
500 1534 540 1601 ab
557 1534 703 1600 Etruscis
724 1534 887 1616 invenere,
915 1559 956 1602 ex
976 1548 1068 1623 parte
1087 1538 1168 1605 rltert
1198 1575 1202 1585 ·

149 1631 349 1717 intersaeptis
366 1630 530 1697 itineribus
548 1651 644 1716 aegre
661 1630 836 1716 oppidanos
853 1630 920 1697 vim
936 1631 1079 1699 hostium
1090 1634 1125 1701 ab
1139 1654 1167 1700 ss

114 1743 131 1794 8
150 1734 301 1792 arcentes.
329 1747 401 1792 cum
412 1725 550 1792 Romani
562 1725 671 1791 auxilii
684 1725 838 1792 adventus
850 1735 921 1791 tum
933 1726 1064 1794 Camilli
1070 1750 1168 1796 nomm

149 1819 387 1886 celeberrimum
405 1821 491 1907 apud
506 1819 608 1885 hostis
631 1819 797 1904 sociosque
821 1830 853 1886 et
868 1821 903 1886 in
923 1825 1101 1907 praesentia
1114 1844 1168 1890 ron

148 1914 330 1980 inclinatam
348 1915 497 1981 sustinuit
520 1924 550 1980 et
572 1915 710 2000 spatium
732 1915 773 1980 ad
791 1937 884 2002 opem
906 1915 1072 1984 ferendam
1088 1918 1166 1985 dedit.
1192 1950 1195 1963 ·

114 2009 254 2093 sitaque
276 2009 379 2075 diviso
401 2008 541 2075 exercitu
563 2007 718 2075 Camillus
740 2009 895 2096 collegam
915 2011 951 2077 in
970 2033 1044 2078 eam
1063 2023 1167 2101 parton

150 2103 370 2169 circumductis
392 2104 505 2189 copiis,
535 2126 630 2189 quam
652 2105 761 2170 hostes
787 2104 951 2185 tenebant,
978 2108 1104 2174 moenia
1124 2106 1167 2174 sd·

148 2197 239 2284 gredi
255 2197 352 2277 iubet,
370 2221 434 2264 non
447 2208 513 2264 tam
531 2222 550 2264 a
564 2221 629 2285 spe,
650 2199 742 2265 scalis
757 2200 828 2286 capi
840 2199 952 2267 urbem
965 2223 1072 2288 posse,
1089 2222 1168 2289 quan

149 2301 184 2356 ut
201 2293 321 2358 aversis
340 2315 377 2359 eo
399 2292 543 2360 hostibus
566 2303 598 2358 et
620 2293 784 2380 oppidanis
806 2295 871 2359 iam
891 2298 1068 2383 pugnando
1088 2294 1166 2363 fessis

147 2386 306 2452 laxaretur
331 2386 420 2454 labor
447 2388 572 2473 etipse
599 2388 735 2473 spatium
756 2389 894 2454 intrandi
919 2391 988 2456 sine
1016 2390 1168 2457 cacanus

98 2501 132 2549 ro
148 2481 273 2547 moenia
290 2481 429 2549 haberet.
466 2483 562 2570 quod·
574 2504 647 2548 cum
665 2481 759 2547 simul
780 2483 939 2567 utrimque
961 2483 1084 2552 factum
1099 2490 1169 2554 essct

109 2602 112 2606 ·
148 2599 327 2663 ancepsque
345 2587 444 2643 terror
460 2578 615 2644 Etruscos
634 2578 849 2645 circumstaret
866 2590 898 2645 et
915 2582 1043 2647 moenia
1061 2598 1168 2648 summe

147 2673 179 2736 vi
201 2673 378 2758 oppugnari
396 2682 427 2736 et
444 2672 526 2738 iutra
543 2673 667 2739 moenia
684 2695 756 2738 esse
772 2672 898 2740 hostem
915 2675 1076 2756 viderent,
1092 2682 1168 2762 pontt

149 2787 197 2842 se,
224 2786 306 2848 quac
322 2788 386 2831 una
403 2766 484 2832 forte
506 2790 572 2832 non
593 2767 809 2846 obsidebatur,
837 2769 953 2855 trepidi
973 2793 1040 2837 uno
1058 2769 1168 2859 agmins

97 2880 128 2927 11
148 2860 275 2924 eiecere.
312 2882 427 2947 magna
444 2863 557 2928 caedes
575 2863 766 2950 fugientium
783 2873 815 2929 et
831 2865 864 2929 in
877 2863 956 2931 urbe
975 2875 1007 2930 et
1019 2889 1078 2953 per
1089 2884 1167 2954 agro!

147 2961 196 3018 est
212 2951 306 3019 facta
341 2954 447 3040 plures
466 2980 485 3022 a
502 2956 648 3023 Furianis
666 2958 748 3022 intra
764 2959 891 3025 moenia
907 2961 1003 3038 caesi,
1023 2952 1167 3027 Valeriard

147 3047 356 3133 expeditiores
374 3051 415 3115 ad
432 3052 667 3136 persequendos
685 3051 774 3118 fuere
786 3074 847 3119 nec
858 3063 931 3118 ante
946 3063 1167 3139 noctemque

96 3162 128 3210 12
147 3152 350 3230 conspectum
364 3145 490 3223 ademit,
509 3145 604 3211 finem
619 3147 770 3211 caedendi
787 3146 900 3214 fecere.
928 3145 1040 3216 Sutrio
1057 3154 1165 3233 recepto

144 3237 351 3322 restitutoque
370 3239 463 3306 sociis
481 3238 603 3325 Nepete
621 3241 777 3305 exercitus
795 3241 923 3320 ductus,
946 3244 1037 3328 quod
1056 3265 1110 3331 pet
1123 3239 1164 3305 de·

146 3331 296 3397 ditionem
313 3343 478 3420 acceptum
494 3335 558 3399 iam
576 3343 677 3400 totum
693 3334 823 3401 Etrusci
840 3335 1010 3405 habebant.

113 3444 127 3491 1
209 3424 256 3490 X
287 3425 463 3494 Videbatur
479 3428 552 3514 plus
569 3429 603 3493 in
621 3452 659 3495 ea
676 3429 754 3495 urbe
771 3429 953 3516 recipienda
964 3431 1085 3499 laboris
1100 3430 1160 3505 fort,

145 3540 210 3583 non
232 3541 270 3584 eo
292 3520 408 3600 solum,
436 3523 522 3608 quod
543 3532 609 3590 tota
629 3523 768 3590 hostium
790 3534 870 3604 erat,
897 3525 956 3592 sed
977 3527 1075 3594 etiam
1094 3516 1160 3612 qud

72 3636 74 3641 ·
144 3621 233 3698 parte
250 3613 479 3701 Nepesinorum
501 3619 652 3705 prodente
674 3619 834 3686 civitatem
855 3619 941 3687 facta
964 3616 1158 3691 madauris

109 3725 126 3774 t
145 3708 226 3773 mitti
243 3719 348 3776 tamen
366 3713 408 3777 ad
423 3712 580 3800 principes
599 3736 708 3782 eorum
725 3713 856 3801 placuit,
874 3725 911 3782 ut
928 3724 1121 3784 secernerent
1132 3726 1158 3777 st

144 3803 185 3869 ab
198 3803 344 3874 Etruscis
360 3807 527 3892 fidemque,
546 3831 642 3895 quam
655 3809 866 3895 inplorassent
880 3809 920 3878 ab
933 3810 1097 3891 Romanis,
1112 3798 1158 3893 lptl

109 3908 346 3985 spraestarent
392 3903 475 3968 uude
502 3925 574 3969 cum
599 3926 789 3990 responsum
814 3904 945 3971 allatum
971 3916 1069 3985 esset,
1097 3890 1157 3969 uild

144 4014 221 4059 suae
237 3994 402 4081 potcstatis
426 4018 510 4076 esse,
537 3996 692 4064 Etruscos
714 3998 839 4065 moenia
860 3998 1082 4086 custodiasque
1100 4012 1156 4084 μί·
