2566 4524
332 240 450 296 urana
466 240 502 311 v,
521 238 555 294 25
578 240 620 296 aa
640 244 679 310 [a.
692 239 790 298 ceos.
805 242 868 311 aar]
1043 224 1115 295 '277

99 411 230 467 testatem
252 398 362 486 populi
382 398 519 464 Romani
541 399 692 476 venisset,
720 389 788 463 eius
815 409 936 485 partem
962 400 1117 466 decimam

94 494 227 581 Apollini
250 517 372 559 sacram
394 516 474 558 esse.
509 494 553 558 ita
570 493 603 558 in
621 493 868 558 aestimationem
886 494 961 559 urbs
979 517 1116 582 agerque
1133 519 1151 568 8

92 591 177 655 renit.
224 589 358 674 pecunia
384 611 424 652 ex
450 587 569 652 aerario
595 601 741 674 prompta
767 598 799 653 et
824 588 956 654 tribunis
983 590 1117 654 militum

90 683 316 761 consularibus,
336 695 371 747 ut
384 705 495 746 aurum
508 705 548 746 ex
562 704 599 746 ea
614 694 805 761 coemerent,
823 685 984 770 negotium
998 686 1116 750 datum.

88 780 172 845 cuius
189 801 263 842 oum
277 777 368 862 eopia
380 799 444 841 non
459 788 551 854 esset,
571 789 741 855 matronae,
758 778 899 843 coetibus
914 780 954 843 ad
968 802 1038 843 eam
1050 802 1118 844 rem

86 872 325 939 consultandam
341 870 471 948 habitis,
491 872 650 935 communi
667 872 792 937 decreto
810 873 966 958 pollicitae
984 874 1117 939 tribunis

83 968 218 1032 militum
237 988 349 1032 aurum
367 977 398 1030 et
416 966 520 1031 omnia
538 984 721 1030 ornamenta
739 989 797 1031 sua
813 967 847 1030 in
860 969 1014 1032 aerarium
1028 970 1118 1033 detu-

82 1062 195 1128 lerunt.
223 1071 315 1148 grata
328 1082 365 1125 ea
377 1083 428 1125 res
443 1071 478 1124 ut
492 1082 573 1144 quae
587 1062 722 1126 maxime
736 1062 859 1126 senatui
877 1084 1028 1146 umquam
1046 1064 1115 1143 fuit,
1135 1085 1150 1133 o

82 1156 299 1240 honoremque
321 1154 361 1220 ob
384 1177 455 1219 eam
476 1154 721 1219 munificentiam
738 1155 843 1219 ferunt
860 1157 1010 1221 matronis
1028 1155 1118 1222 habi·

84 1263 165 1330 tum,
191 1262 228 1316 ut
251 1251 366 1337 pilento
389 1250 429 1315 ad
452 1273 542 1315 sacra
562 1249 729 1335 ludosque,
758 1250 914 1335 carpentis
937 1251 1018 1316 festo
1045 1273 1139 1337 pro-2

86 1347 228 1431 festoque
264 1357 432 1411 uterentur.
477 1347 615 1432 pondere
651 1347 691 1412 ab
727 1347 859 1433 singulis
890 1347 958 1412 auri
988 1359 1117 1434 accepto
1136 1368 1169 1418 10

83 1443 326 1524 aestimatoque,
353 1451 389 1506 ut
410 1442 561 1528 pecuniae
586 1441 788 1519 solverentur,
816 1454 968 1507 crateram
990 1466 1118 1509 auream

83 1537 150 1602 lieri
171 1537 305 1623 placuit,
324 1559 405 1621 quae
424 1538 542 1601 donum
558 1535 702 1622 Apollini
719 1536 863 1623 Delphos
881 1548 1065 1623 portaretur.

149 1631 255 1699 Simul
273 1631 313 1696 ab
332 1632 483 1718 religione
501 1633 622 1698 animos
641 1633 840 1711 remiserunt,
859 1634 1016 1721 integrant
1035 1633 1118 1699 sedi·
1136 1653 1168 1703 11

87 1727 203 1792 tionem
225 1726 343 1791 tribuni
364 1727 481 1812 plebis3
508 1728 654 1792 incitatur
672 1727 838 1792 multitudo
856 1728 889 1791 in
907 1750 1016 1793 omnes
1033 1729 1119 1814 prin-

90 1821 184 1908 cipes,
208 1833 281 1886 ante
299 1821 377 1887 alios
395 1821 428 1886 in
448 1821 630 1886 Camillum:
653 1845 725 1885 eum
742 1822 892 1907 praedam
909 1821 1118 1887 Veientanam
1137 1844 1169 1892 12

92 1915 276 2001 publicando
304 1917 518 2000 sacrandoque
545 1917 586 1981 ad
611 1916 742 1980 nihilum
764 1917 935 2002 redegisse.
971 1915 1118 1981 absentes

98 2009 230 2076 ferociter
243 2011 417 2097 increpant:
436 2011 662 2095 praesentium,
682 2033 754 2075 cum
768 2033 803 2075 se
820 2011 903 2075 ultro
920 2010 1007 2075 iratis
1026 2010 1120 2075 offer-

100 2115 168 2183 rent,
186 2105 409 2171 verecundiam
423 2104 549 2170 habent.
587 2105 680 2169 simul
698 2105 820 2169 extrahi
837 2128 905 2170 rem
923 2127 963 2170 ex
981 2128 1018 2170 eo
1037 2116 1118 2169 anno
1137 2128 1168 2176 18

103 2199 245 2278 viderunt,
273 2199 415 2266 tribunos
436 2199 538 2285 plebis
560 2199 675 2264 latores
697 2199 777 2286 legis
801 2200 834 2263 in
856 2223 971 2265 annum
991 2201 1120 2265 eosdem

86 2286 238 2358 'reficiunt
279 2306 310 2359 et
327 2305 432 2380 patres
451 2295 512 2360 hoo
529 2295 613 2358 idem
631 2295 671 2358 de
688 2294 947 2359 intercessoribus
966 2294 1045 2379 legis
1064 2294 1120 2357 ad·

109 2386 161 2452 cisi.
193 2390 236 2455 ita
253 2389 370 2455 tribuni
386 2389 487 2476 plebis
506 2413 621 2477 magna
640 2402 784 2474 exparte
802 2389 887 2453 idem
904 2387 1022 2453 refecti.

156 2483 283 2550 XXVI.
322 2484 466 2550 Comitiis
490 2485 685 2550 tribunorum
707 2485 840 2548 militurn
862 2493 966 2568 patres
994 2506 1118 2547 summa
1136 2505 1151 2554 1

105 2592 155 2660 'ope
169 2580 339 2658 evicerunt,
363 2592 399 2644 ut
416 2579 463 2644 M.
482 2580 599 2645 Furius
619 2579 773 2646 Camillus
791 2589 956 2644 crearetur.
992 2588 1120 2664 propter

109 2667 175 2738 'bella
194 2675 381 2740 simulabant
401 2676 505 2761 parari
527 2676 653 2752 ducem,
682 2676 738 2740 sed
760 2675 917 2762 largitioni
935 2672 1118 2739 tribuniciae

114 2764 285 2834 adversarius
303 2769 521 2853 quaerebatur.
550 2792 621 2833 cum
637 2769 772 2835 Camillo
791 2770 886 2834 creati
904 2769 1020 2834 tribuni
1038 2766 1152 2836 mili-2

114 2863 165 2925 hun
179 2865 330 2930 consulari
347 2875 502 2951 potestate
519 2865 562 2927 L.
577 2863 693 2928 Furius
706 2863 901 2930 Medullinus
921 2874 1059 2940 sextum,
1079 2861 1118 2928 O.

114 2947 260 3037 lentius,
279 2961 320 3024 L.
335 2958 483 3024 Valerius
497 2958 676 3037 Publicola,
698 2957 753 3045 Sp.
769 2959 966 3037 Postumius,
985 2958 1023 3024 P.
1040 2957 1121 3023 Cor·

117 3045 323 3119 aduiteram.
350 3054 503 3139 principio
517 3055 590 3119 anni
604 3054 833 3139 tribuniplebis
848 3055 925 3117 nihil
943 3061 1117 3130 moverunt,
1136 3070 1153 3119 8

120 3134 191 3211 tlutee
201 3147 247 3213 M.
262 3149 378 3213 Furius
393 3148 547 3213 Camillus
561 3150 594 3213 in
607 3149 759 3226 Faliscos,
779 3148 829 3212 cui
846 3148 878 3212 id
896 3148 1013 3213 bellum
1030 3170 1120 3210 man-

118 3229 289 3322 deuastat,
308 3243 565 3329 proficisceretur.
593 3243 765 3308 differendo
779 3242 892 3306 deinde
910 3240 1050 3326 elanguit
1066 3262 1118 3305 res

115 3329 274 3417 elCtrnillo,
289 3360 383 3422 quem
397 3339 610 3403 adversarium
623 3339 759 3402 maxime
773 3346 956 3414 metuerant,
972 3334 1074 3422 gloria
1085 3333 1119 3398 in

114 3418 222 3498 Faliscis
236 3433 344 3498 crevit.
372 3456 445 3498 uam
464 3433 654 3519 cumprime
673 3432 836 3497 moenibus
855 3454 889 3496 se
907 3431 1014 3496 hostes
1033 3440 1153 3496 tene-4

114 3533 167 3587 rent
181 3528 368 3593 tutissimum
380 3528 414 3592 id
426 3528 499 3606 rati,
518 3528 718 3614 populatione
736 3550 883 3614 agrorum
902 3537 995 3611 atque
1013 3525 1119 3590 incen-

114 3608 160 3680 diis
170 3623 306 3688 villarum
320 3624 423 3710 coegit
437 3646 490 3688 eos
505 3624 612 3709 egredi
626 3623 712 3688 urbe.
736 3623 793 3687 sed
805 3622 898 3687 timor
910 3621 1036 3708 longius
1046 3641 1119 3705 pro-

111 3713 183 3788 'pedi
193 3719 358 3804 prohibuit.
381 3719 466 3784 mille
479 3719 545 3785 fere
558 3742 687 3805 passum
702 3717 742 3783 ab
757 3717 872 3804 oppido
888 3728 990 3782 castra
1002 3715 1116 3790 locant,
1135 3733 1151 3780 5

114 3802 181 3874 nulla
197 3836 230 3880 re
251 3814 313 3880 alia
334 3815 467 3880 fidentes
490 3837 528 3879 ea
550 3815 625 3880 satis
648 3825 715 3879 tuta
733 3836 803 3879 esse
821 3836 917 3898 quam
934 3810 1117 3876 difficultate
1139 3810 1146 3852 ·’

117 3892 195 3971 adiu.
216 3909 335 3997 asperis
357 3909 615 3996 confragosisque
633 3909 715 3974 circa
733 3918 764 3974 et
781 3909 894 3995 partim
912 3905 986 3970 artis
1004 3901 1118 3989 partim

117 3991 198 4067 adua
214 4004 283 4071 viis.
319 4015 458 4073 ceterum
473 4005 626 4070 Camillus
644 4005 803 4091 captivum
821 4003 956 4068 indicem
974 4021 1014 4064 ex
1032 3997 1116 4085 agris
1135 4017 1150 4066 6
