2566 4524
380 233 499 289 arena
515 234 559 304 11,
577 235 620 290 23.
633 235 674 288 ar.
695 238 732 304 [a.
743 233 774 288 e.
784 234 847 304 495]
1089 226 1132 292 85

96 415 159 479 que
180 415 216 458 se
238 392 380 476 undique
402 392 436 456 in
456 390 618 477 publicum
639 390 827 477 proripiunt,
849 394 1007 477 inplorant
1025 393 1131 478 Quiri-

96 491 176 554 tium
194 488 300 552 fidem.
332 487 419 550 nullo
431 485 503 550 loco
520 486 610 550 deest
628 487 790 551 seditionis
803 487 997 553 voluntarius
1012 511 1129 568 comes,

96 582 204 648 multis
224 581 345 667 passim
368 579 548 668 agminibus
566 602 623 666 per
641 602 749 645 omnes
768 581 835 645 vias
854 604 926 646 cum
945 583 1080 649 clamore
1098 585 1131 648 in

96 678 201 742 forum
216 675 359 740 curritur.
387 697 504 761 magno
518 696 590 739 cum
604 673 744 760 periculo
758 697 825 753 auc,
841 675 896 758 qui
912 675 992 741 forte
1005 688 1130 763 patrum
1149 697 1163 744 9

96 774 130 836 in
146 771 217 837 foro
231 777 334 851 erant,
352 768 386 832 in
404 791 475 832 eam
494 767 617 833 turbam
635 768 826 848 inciderunt3
845 791 904 834 nec
921 782 1128 856 temperatum
1149 792 1181 839 10

95 863 244 930 manibus
257 862 347 940 foret,
357 862 391 926 ni
403 884 536 948 propere
549 862 694 928 consules
704 862 743 928 P.
755 861 907 929 Servilius
922 874 954 928 et
961 863 1026 951 Ap.
1034 865 1131 931 Olau-

95 960 165 1025 dius
190 959 234 1023 ad
255 957 512 1043 conprimendam
539 957 725 1023 seditionem
751 958 1004 1024 intervenissent.
1041 971 1073 1024 at
1095 961 1129 1025 in

95 1077 148 1120 eos
164 1052 335 1117 multitudo
348 1074 442 1118 versa
455 1061 611 1117 ostentare
624 1052 750 1118 vincula
765 1076 823 1118 sua
836 1053 1129 1137 deformitatemque

95 1149 200 1214 aliam.
228 1146 309 1211 haec
326 1169 361 1211 se
378 1145 507 1211 meritos
525 1146 629 1211 dicere
643 1146 868 1231 exprobrantes
888 1171 978 1213 suam
996 1148 1129 1231 quisque
1149 1169 1179 1216 11

95 1244 176 1308 alius
196 1240 274 1306 alibi
291 1240 442 1318 militiam,
456 1241 617 1327 postulare
631 1241 729 1306 multo
743 1242 906 1307 minaciter
918 1243 1019 1328 magis
1034 1264 1130 1325 quam

98 1336 290 1423 suppliciter,
304 1345 340 1399 ut
353 1346 497 1401 senatum
514 1346 672 1413 vocarent,
688 1337 868 1421 curiamque
886 1336 948 1421 ipsi
966 1336 1063 1401 futuri
1081 1360 1130 1400 ar-

97 1431 173 1497 bitri
189 1431 464 1514 moderatoresque
481 1428 600 1516 publici
618 1430 740 1495 consilii
758 1430 1000 1495 circumsistunt.
1035 1430 1129 1516 pauci
1149 1451 1179 1498 12

97 1527 269 1592 admodum
286 1536 420 1612 patrum,
438 1548 519 1610 quos
538 1548 630 1591 casus
649 1525 812 1604 obtulerat,
828 1525 979 1591 contracti
996 1525 1036 1592 ab
1055 1549 1130 1592 con-

95 1623 235 1701 sulibus;
262 1632 382 1687 ceteros
404 1633 508 1688 metus
534 1645 600 1687 non
621 1623 708 1687 curia
730 1623 839 1700 modo,
863 1621 1036 1688 sedetiam
1059 1621 1129 1688 foro

95 1717 238 1784 arcebat:
252 1729 316 1782 'nec
330 1717 383 1804 agi
395 1717 564 1802 quicquam
578 1738 635 1803 per
647 1717 888 1801 infrequentiam
902 1726 1023 1803 poterat
1037 1740 1128 1782 sena-

95 1825 156 1878 tus.
185 1823 256 1876 tum
268 1833 343 1877 vero
362 1811 447 1877 eludi
464 1822 559 1901 atque
577 1812 699 1876 extrahi
717 1835 751 1876 se
769 1811 936 1876 multitudo
953 1821 1078 1897 putare:
1098 1821 1129 1876 et
1148 1832 1179 1882 13

94 1918 221 1995 patrum
236 1907 292 1991 qui
304 1906 461 1986 abessent,
475 1929 540 1972 non
554 1929 639 1984 casu,
659 1929 723 1971 non
736 1917 832 1985 metu,
852 1908 909 1972 sed
921 1906 1128 1993 inpediendae

95 2004 144 2069 rei
160 2026 259 2068 causa
276 2002 387 2069 abesse
406 2013 437 2069 et
454 2003 599 2068 consules
617 2003 704 2088 ipsos
723 2003 936 2090 tergiversari,
955 2025 1014 2067 nec
1032 2001 1128 2067 dubie

97 2098 233 2164 ludibrio
247 2120 319 2164 esse
337 2098 479 2164 miserias
499 2121 583 2163 suas.
614 2099 678 2164 iam
696 2121 794 2184 prope
812 2109 887 2176 crat,
902 2108 938 2163 ut
954 2121 995 2164 ne
1013 2120 1127 2163 consu·
1147 2117 1179 2166 14

96 2193 164 2258 lum
176 2193 304 2277 quidem
318 2193 465 2259 maiestas
480 2203 637 2258 coerceret
654 2193 716 2257 iras
730 2192 903 2270 hominum,
918 2214 989 2257 cum
1007 2192 1126 2270 incerti,

95 2291 249 2355 morando
268 2313 309 2354 an
326 2287 480 2353 veniendo
497 2287 569 2374 plus
592 2286 724 2372 periculi
746 2287 977 2365 contraherent,
1001 2288 1128 2352 tandem

95 2384 129 2448 in
147 2394 295 2449 senatum
307 2382 451 2460 veniunt3
469 2380 688 2467 frequentique
707 2381 834 2445 tandem
848 2381 935 2446 curia
951 2404 1016 2445 non
1033 2381 1128 2445 modo

96 2477 177 2543 inter
193 2487 311 2563 patres,
327 2477 383 2541 sed
399 2499 439 2541 ne
456 2476 537 2541 inter
550 2474 696 2540 consules
710 2474 837 2558 quidem
854 2475 941 2560 ipsos
960 2474 1036 2539 satis
1055 2497 1129 2538 con-

96 2572 254 2638 veniebat
286 2571 424 2657 Appius,
438 2568 633 2635 vehementis
651 2568 770 2655 ingenii
788 2569 845 2646 vir,
863 2568 995 2654 imperio
1013 2590 1127 2634 consu·
1147 2590 1178 2636 lo

97 2667 153 2732 lari
170 2689 240 2733 rem
259 2665 415 2752 agendam
433 2663 594 2730 censebat:
621 2686 685 2728 uno
703 2674 757 2728 aut
780 2663 877 2729 altero
895 2664 1024 2750 adrepto
1042 2663 1129 2747 quie-

61 2812 64 2817 .
98 2772 183 2827 turos
202 2761 297 2839 alios3
326 2757 493 2837 Servilius,
515 2758 638 2824 lenibus
656 2757 804 2823 remediis
822 2759 932 2845 aptior,
957 2759 1129 2824 concitatos

101 2857 220 2923 animos
242 2856 327 2921 flecti
348 2876 444 2939 quam
464 2854 569 2941 frangi
594 2852 726 2940 putabat
747 2875 819 2918 cum
841 2853 939 2919 tutius
962 2865 1029 2918 tum
1051 2852 1129 2918 faci-

101 2950 159 3016 lius
178 2972 260 3017 esse.

163 3043 318 3111 XXIIII.
341 3044 428 3110 Inter
443 3043 522 3108 haec
539 3042 639 3109 maior
655 3041 735 3108 alius
754 3052 866 3108 terror:
884 3041 994 3107 Latini
1007 3042 1126 3125 equites
1147 3062 1160 3108 1

104 3159 175 3202 cum
191 3138 385 3204 tumultuoso
403 3136 550 3202 advolant
566 3136 687 3215 nuntio,
700 3134 838 3202 Volscos
855 3135 971 3200 infesto
990 3135 1128 3199 exercitu

102 3234 140 3298 ad
153 3232 263 3299 urbem
278 3232 522 3319 oppugnandam
536 3231 651 3296 venire.
682 3253 765 3315 quae
779 3230 886 3294 audita
899 3267 941 3277 -
955 3228 1034 3294 adeo
1047 3228 1127 3293 duas

102 3349 138 3393 ex
154 3351 220 3393 una
237 3326 363 3392 civitate
381 3325 536 3392 discordia
552 3324 670 3391 fecerat
687 3363 729 3373 —
748 3325 843 3411 longe
861 3323 951 3389 aliter
966 3331 1071 3409 patres
1090 3345 1128 3387 ac

100 3421 222 3507 plebem
245 3421 400 3487 adfeccre.
436 3418 574 3487 exultare
595 3419 712 3507 gaudio
733 3418 858 3505 plebes,
878 3417 995 3484 ultores
1018 3437 1160 3503 super-2

100 3513 167 3582 biae
188 3525 317 3604 patrum
339 3515 451 3581 adesse
468 3515 571 3579 dicere
589 3515 676 3579 deos.
712 3513 793 3578 alius
816 3512 913 3577 alium
931 3512 1125 3590 confirmare,

98 3632 137 3676 ne
153 3609 284 3676 nomina
301 3609 425 3686 darent,
446 3631 520 3674 cum
538 3606 683 3673 omnibus
705 3605 810 3692 potius
828 3629 924 3691 quam
942 3606 1027 3673 solos
1044 3605 1128 3693 peri·

97 3715 199 3785 turos3
225 3713 332 3792 patres
355 3703 535 3780 militarent,
557 3713 663 3789 patres
686 3724 774 3766 arma
791 3710 952 3787 caperent,
976 3712 1012 3767 ut
1028 3724 1126 3788 penes

96 3801 228 3868 eosdem
244 3798 385 3886 pericula
400 3797 484 3876 belli,
497 3819 595 3884 penes
609 3818 688 3881 quos
706 3795 847 3882 praemia
863 3806 978 3861 essent.
1007 3806 1126 3860 atvero
1143 3815 1159 3863 8

97 3896 198 3974 curia,
220 3902 345 3959 maesta
366 3914 404 3960 ae
425 3891 546 3979 trepida
567 3890 695 3978 ancipiti
716 3898 803 3956 metu
824 3899 856 3955 et
877 3890 917 3957 ab
941 3890 1009 3956 cive
1032 3899 1063 3953 et
1085 3887 1126 3953 ab

96 3991 203 4070 hoste,
224 3986 395 4056 Servilium
412 3987 586 4065 consulem,
606 3987 657 4052 cui
674 3985 836 4072 ingenium
854 3985 956 4072 magis
974 3982 1125 4070 populare
