<?xml version="1.0" encoding="UTF-8"?>
<!DOCTYPE html PUBLIC "-//W3C//DTD XHTML 1.0 Transitional//EN"
    "http://www.w3.org/TR/xhtml1/DTD/xhtml1-transitional.dtd">
<html xmlns="http://www.w3.org/1999/xhtml" xml:lang="en" lang="en">
 <head>
  <title>
</title>
<meta http-equiv="Content-Type" content="text/html;charset=utf-8" />
  <meta name='ocr-system' content='tesseract 3.04.00' />
  <meta name='ocr-capabilities' content='ocr_page ocr_carea ocr_par ocr_line ocrx_word'/>
</head>
<body>
  <div class='ocr_page' id='page_1' title='image "./titiliviaburbec01weisgoog_0386.png"; bbox 0 0 2566 4524; ppageno 0'>
   <div class='ocr_carea' id='block_1_1' title="bbox 342 224 1088 331">
    <p class='ocr_par' dir='ltr' id='par_1_1' title="bbox 342 224 1088 331">
     <span class='ocr_line' id='line_1_1' title="bbox 342 224 1088 331; baseline 0.001 -16"><span class='ocrx_word' id='word_1_1' title='bbox 342 261 459 315; x_wconf 76' lang='lat' dir='ltr'>arasa</span> <span class='ocrx_word' id='word_1_2' title='bbox 476 260 512 331; x_wconf 86' lang='lat' dir='ltr'>v,</span> <span class='ocrx_word' id='word_1_3' title='bbox 529 260 572 316; x_wconf 85' lang='lat'>49.</span> <span class='ocrx_word' id='word_1_4' title='bbox 586 261 628 316; x_wconf 80' lang='lat' dir='ltr'>ao.</span> <span class='ocrx_word' id='word_1_5' title='bbox 648 266 685 331; x_wconf 73' lang='lat' dir='ltr'>[a.</span> <span class='ocrx_word' id='word_1_6' title='bbox 697 260 799 331; x_wconf 78' lang='lat' dir='ltr'>eaeo]</span> <span class='ocrx_word' id='word_1_7' title='bbox 990 224 993 231; x_wconf 71' lang='grc'><strong>’</strong></span> <span class='ocrx_word' id='word_1_8' title='bbox 1023 251 1088 316; x_wconf 81' lang='lat'>299</span> 
     </span>
    </p>
   </div>
   <div class='ocr_carea' id='block_1_2' title="bbox 76 417 1201 4101">
    <p class='ocr_par' dir='ltr' id='par_1_2' title="bbox 80 417 1120 1012">
     <span class='ocr_line' id='line_1_2' title="bbox 81 417 1087 502; baseline 0.003 -20"><span class='ocrx_word' id='word_1_9' title='bbox 81 417 147 484; x_wconf 88' lang='lat' dir='ltr'>urbis</span> <span class='ocrx_word' id='word_1_10' title='bbox 161 427 191 482; x_wconf 93' lang='lat' dir='ltr'>et</span> <span class='ocrx_word' id='word_1_11' title='bbox 203 427 316 482; x_wconf 88' lang='lat' dir='ltr'>natura</span> <span class='ocrx_word' id='word_1_12' title='bbox 330 418 496 500; x_wconf 79' lang='lat' dir='ltr'>inaequali,</span> <span class='ocrx_word' id='word_1_13' title='bbox 516 426 547 483; x_wconf 87' lang='lat' dir='ltr'>et</span> <span class='ocrx_word' id='word_1_14' title='bbox 559 418 672 496; x_wconf 90' lang='lat' dir='ltr'>omnia,</span> <span class='ocrx_word' id='word_1_15' title='bbox 692 441 772 502; x_wconf 88' lang='lat' dir='ltr'>quae</span> <span class='ocrx_word' id='word_1_16' title='bbox 787 430 852 484; x_wconf 91' lang='lat' dir='ltr'>arte</span> <span class='ocrx_word' id='word_1_17' title='bbox 862 420 935 484; x_wconf 90' lang='lat' dir='ltr'>belli</span> <span class='ocrx_word' id='word_1_18' title='bbox 949 422 1087 486; x_wconf 91' lang='lat' dir='ltr'>secunda</span> 
     </span>
     <span class='ocr_line' id='line_1_3' title="bbox 84 503 1120 590; baseline 0.006 -22"><span class='ocrx_word' id='word_1_19' title='bbox 84 504 130 568; x_wconf 88' lang='lat' dir='ltr'>suis</span> <span class='ocrx_word' id='word_1_20' title='bbox 146 503 217 590; x_wconf 85' lang='lat' dir='ltr'>eligi</span> <span class='ocrx_word' id='word_1_21' title='bbox 238 504 456 589; x_wconf 88' lang='lat' dir='ltr'>praepararive</span> <span class='ocrx_word' id='word_1_22' title='bbox 479 512 634 589; x_wconf 82' lang='lat' dir='ltr'>poterant,</span> <span class='ocrx_word' id='word_1_23' title='bbox 658 505 802 589; x_wconf 80' lang='lat' dir='ltr'>providit.</span> <span class='ocrx_word' id='word_1_24' title='bbox 848 503 933 571; x_wconf 85' lang='lat' dir='ltr'>Galli</span> <span class='ocrx_word' id='word_1_25' title='bbox 954 529 1036 570; x_wconf 88' lang='lat' dir='ltr'>nova</span> <span class='ocrx_word' id='word_1_26' title='bbox 1053 529 1086 570; x_wconf 91' lang='lat' dir='ltr'>re</span> <span class='ocrx_word' id='word_1_27' title='bbox 1105 528 1120 574; x_wconf 82' lang='lat'><strong>5</strong></span> 
     </span>
     <span class='ocr_line' id='line_1_4' title="bbox 83 589 1088 675; baseline 0.004 -23"><span class='ocrx_word' id='word_1_28' title='bbox 83 589 171 674; x_wconf 81' lang='lat' dir='ltr'>trepidi</span> <span class='ocrx_word' id='word_1_29' title='bbox 193 612 280 653; x_wconf 90' lang='lat' dir='ltr'>arma</span> <span class='ocrx_word' id='word_1_30' title='bbox 302 589 429 674; x_wconf 90' lang='lat' dir='ltr'>capiunt</span> <span class='ocrx_word' id='word_1_31' title='bbox 449 590 557 673; x_wconf 88' lang='lat' dir='ltr'>iraque</span> <span class='ocrx_word' id='word_1_32' title='bbox 580 591 681 675; x_wconf 89' lang='lat' dir='ltr'>magis</span> <span class='ocrx_word' id='word_1_33' title='bbox 704 612 798 673; x_wconf 90' lang='lat' dir='ltr'>quam</span> <span class='ocrx_word' id='word_1_34' title='bbox 822 591 951 656; x_wconf 90' lang='lat' dir='ltr'>consilio</span> <span class='ocrx_word' id='word_1_35' title='bbox 973 593 1006 654; x_wconf 93' lang='lat' dir='ltr'>in</span> <span class='ocrx_word' id='word_1_36' title='bbox 1023 592 1088 656; x_wconf 88' lang='lat' dir='ltr'>Ro-</span> 
     </span>
     <span class='ocr_line' id='line_1_5' title="bbox 82 675 1086 761; baseline 0.002 -23"><span class='ocrx_word' id='word_1_37' title='bbox 82 697 169 739; x_wconf 88' lang='lat' dir='ltr'>manos</span> <span class='ocrx_word' id='word_1_38' title='bbox 185 675 357 739; x_wconf 87' lang='lat' dir='ltr'>incurrunt.</span> <span class='ocrx_word' id='word_1_39' title='bbox 397 675 462 738; x_wconf 88' lang='lat' dir='ltr'>iam</span> <span class='ocrx_word' id='word_1_40' title='bbox 478 684 613 738; x_wconf 86' lang='lat' dir='ltr'>verterat</span> <span class='ocrx_word' id='word_1_41' title='bbox 630 675 764 753; x_wconf 87' lang='lat' dir='ltr'>fortuna,</span> <span class='ocrx_word' id='word_1_42' title='bbox 783 677 846 740; x_wconf 90' lang='lat' dir='ltr'>iam</span> <span class='ocrx_word' id='word_1_43' title='bbox 864 677 992 740; x_wconf 90' lang='lat' dir='ltr'>deorum</span> <span class='ocrx_word' id='word_1_44' title='bbox 1011 699 1086 761; x_wconf 90' lang='lat' dir='ltr'>opes</span> 
     </span>
     <span class='ocr_line' id='line_1_6' title="bbox 83 759 1088 848; baseline 0.001 -24"><span class='ocrx_word' id='word_1_45' title='bbox 83 760 258 843; x_wconf 90' lang='lat' dir='ltr'>humanaque</span> <span class='ocrx_word' id='word_1_46' title='bbox 289 759 419 824; x_wconf 88' lang='lat' dir='ltr'>consilia</span> <span class='ocrx_word' id='word_1_47' title='bbox 444 782 511 824; x_wconf 90' lang='lat' dir='ltr'>rem</span> <span class='ocrx_word' id='word_1_48' title='bbox 537 760 712 824; x_wconf 83' lang='lat' dir='ltr'><strong>Romanam</strong></span> <span class='ocrx_word' id='word_1_49' title='bbox 744 762 942 825; x_wconf 85' lang='lat' dir='ltr'>adiuvabant.</span> <span class='ocrx_word' id='word_1_50' title='bbox 993 763 1088 848; x_wconf 85' lang='lat' dir='ltr'>igitur</span> 
     </span>
     <span class='ocr_line' id='line_1_7' title="bbox 83 845 1089 930; baseline 0.001 -21"><span class='ocrx_word' id='word_1_51' title='bbox 83 846 160 930; x_wconf 88' lang='lat' dir='ltr'>primo</span> <span class='ocrx_word' id='word_1_52' title='bbox 187 867 342 911; x_wconf 81' lang='lat' dir='ltr'>concursu</span> <span class='ocrx_word' id='word_1_53' title='bbox 367 845 453 909; x_wconf 90' lang='lat' dir='ltr'>haud</span> <span class='ocrx_word' id='word_1_54' title='bbox 479 846 595 910; x_wconf 89' lang='lat' dir='ltr'>maiore</span> <span class='ocrx_word' id='word_1_55' title='bbox 626 856 784 911; x_wconf 92' lang='lat' dir='ltr'>momento</span> <span class='ocrx_word' id='word_1_56' title='bbox 810 847 873 911; x_wconf 89' lang='lat' dir='ltr'>fusi</span> <span class='ocrx_word' id='word_1_57' title='bbox 901 845 986 912; x_wconf 89' lang='lat' dir='ltr'>Galli</span> <span class='ocrx_word' id='word_1_58' title='bbox 1017 859 1089 911; x_wconf 87' lang='lat' dir='ltr'>sunt</span> 
     </span>
     <span class='ocr_line' id='line_1_8' title="bbox 80 930 506 1012; baseline -0.002 -17"><span class='ocrx_word' id='word_1_59' title='bbox 80 950 157 1012; x_wconf 90' lang='lat' dir='ltr'>quam</span> <span class='ocrx_word' id='word_1_60' title='bbox 173 932 214 995; x_wconf 90' lang='lat' dir='ltr'>ad</span> <span class='ocrx_word' id='word_1_61' title='bbox 231 930 340 994; x_wconf 85' lang='lat' dir='ltr'>Aliam</span> <span class='ocrx_word' id='word_1_62' title='bbox 358 931 506 994; x_wconf 85' lang='lat' dir='ltr'>vicerant.</span> 
     </span>
    </p>

    <p class='ocr_par' dir='ltr' id='par_1_3' title="bbox 76 1015 1122 1699">
     <span class='ocr_line' id='line_1_9' title="bbox 127 1015 1122 1102; baseline 0.006 -22"><span class='ocrx_word' id='word_1_63' title='bbox 127 1015 257 1082; x_wconf 84' lang='lat' dir='ltr'>Iustiore</span> <span class='ocrx_word' id='word_1_64' title='bbox 275 1016 371 1080; x_wconf 88' lang='lat' dir='ltr'>altero</span> <span class='ocrx_word' id='word_1_65' title='bbox 390 1016 503 1080; x_wconf 91' lang='lat' dir='ltr'>deinde</span> <span class='ocrx_word' id='word_1_66' title='bbox 520 1016 639 1100; x_wconf 90' lang='lat' dir='ltr'>proelio</span> <span class='ocrx_word' id='word_1_67' title='bbox 656 1017 696 1080; x_wconf 89' lang='lat' dir='ltr'>ad</span> <span class='ocrx_word' id='word_1_68' title='bbox 715 1027 860 1081; x_wconf 87' lang='lat' dir='ltr'>octavum</span> <span class='ocrx_word' id='word_1_69' title='bbox 873 1018 1009 1102; x_wconf 81' lang='lat' dir='ltr'>lapidem</span> <span class='ocrx_word' id='word_1_70' title='bbox 1020 1017 1089 1084; x_wconf 88' lang='lat' dir='ltr'>Ga·</span> <span class='ocrx_word' id='word_1_71' title='bbox 1108 1039 1122 1086; x_wconf 84' lang='lat'>6</span> 
     </span>
     <span class='ocr_line' id='line_1_10' title="bbox 80 1099 1089 1188; baseline 0.002 -22"><span class='ocrx_word' id='word_1_72' title='bbox 80 1099 137 1166; x_wconf 87' lang='lat' dir='ltr'>lina</span> <span class='ocrx_word' id='word_1_73' title='bbox 148 1102 207 1178; x_wconf 92' lang='lat' dir='ltr'>via,</span> <span class='ocrx_word' id='word_1_74' title='bbox 227 1124 289 1184; x_wconf 93' lang='lat' dir='ltr'>quo</span> <span class='ocrx_word' id='word_1_75' title='bbox 304 1124 338 1166; x_wconf 92' lang='lat' dir='ltr'>se</span> <span class='ocrx_word' id='word_1_76' title='bbox 352 1124 392 1165; x_wconf 87' lang='lat' dir='ltr'>ex</span> <span class='ocrx_word' id='word_1_77' title='bbox 405 1102 484 1187; x_wconf 86' lang='lat' dir='ltr'>fuga</span> <span class='ocrx_word' id='word_1_78' title='bbox 496 1101 699 1179; x_wconf 80' lang='lat' dir='ltr'>contulerant,</span> <span class='ocrx_word' id='word_1_79' title='bbox 720 1103 860 1167; x_wconf 89' lang='lat' dir='ltr'>eiusdem</span> <span class='ocrx_word' id='word_1_80' title='bbox 873 1104 970 1168; x_wconf 90' lang='lat' dir='ltr'>ductu</span> <span class='ocrx_word' id='word_1_81' title='bbox 981 1105 1089 1188; x_wconf 85' lang='lat' dir='ltr'>auspi-</span> 
     </span>
     <span class='ocr_line' id='line_1_11' title="bbox 77 1186 1088 1270; baseline 0.002 -19"><span class='ocrx_word' id='word_1_82' title='bbox 77 1187 171 1270; x_wconf 88' lang='lat' dir='ltr'>cioque</span> <span class='ocrx_word' id='word_1_83' title='bbox 181 1186 307 1251; x_wconf 82' lang='lat' dir='ltr'>Camilli</span> <span class='ocrx_word' id='word_1_84' title='bbox 317 1188 490 1250; x_wconf 90' lang='lat' dir='ltr'>vincuntur.</span> <span class='ocrx_word' id='word_1_85' title='bbox 518 1187 563 1251; x_wconf 90' lang='lat' dir='ltr'>ibi</span> <span class='ocrx_word' id='word_1_86' title='bbox 573 1188 684 1251; x_wconf 89' lang='lat' dir='ltr'>caedes</span> <span class='ocrx_word' id='word_1_87' title='bbox 698 1189 803 1252; x_wconf 90' lang='lat' dir='ltr'>omnia</span> <span class='ocrx_word' id='word_1_88' title='bbox 816 1188 957 1253; x_wconf 88' lang='lat' dir='ltr'>obtinuit.</span> <span class='ocrx_word' id='word_1_89' title='bbox 986 1199 1088 1253; x_wconf 90' lang='lat' dir='ltr'>castra</span> 
     </span>
     <span class='ocr_line' id='line_1_12' title="bbox 79 1273 1122 1356; baseline 0.006 -21"><span class='ocrx_word' id='word_1_90' title='bbox 79 1273 242 1356; x_wconf 89' lang='lat' dir='ltr'>capiuntur,</span> <span class='ocrx_word' id='word_1_91' title='bbox 267 1283 297 1336; x_wconf 89' lang='lat' dir='ltr'>et</span> <span class='ocrx_word' id='word_1_92' title='bbox 314 1295 353 1336; x_wconf 92' lang='lat' dir='ltr'>ne</span> <span class='ocrx_word' id='word_1_93' title='bbox 371 1273 498 1336; x_wconf 89' lang='lat' dir='ltr'>nuntius</span> <span class='ocrx_word' id='word_1_94' title='bbox 517 1273 644 1355; x_wconf 90' lang='lat' dir='ltr'>quidem</span> <span class='ocrx_word' id='word_1_95' title='bbox 663 1273 760 1337; x_wconf 89' lang='lat' dir='ltr'>eladis</span> <span class='ocrx_word' id='word_1_96' title='bbox 783 1274 917 1338; x_wconf 89' lang='lat' dir='ltr'>relictus.</span> <span class='ocrx_word' id='word_1_97' title='bbox 959 1275 1089 1339; x_wconf 88' lang='lat' dir='ltr'>dictator</span> <span class='ocrx_word' id='word_1_98' title='bbox 1108 1297 1122 1343; x_wconf 79' lang='lat'>7</span> 
     </span>
     <span class='ocr_line' id='line_1_13' title="bbox 77 1358 1086 1443; baseline 0.002 -23"><span class='ocrx_word' id='word_1_99' title='bbox 77 1368 242 1443; x_wconf 84' lang='lat' dir='ltr'>recuperata</span> <span class='ocrx_word' id='word_1_100' title='bbox 259 1381 299 1422; x_wconf 85' lang='lat' dir='ltr'>ex</span> <span class='ocrx_word' id='word_1_101' title='bbox 315 1358 459 1423; x_wconf 86' lang='lat' dir='ltr'>hostibus</span> <span class='ocrx_word' id='word_1_102' title='bbox 476 1359 578 1443; x_wconf 90' lang='lat' dir='ltr'>patria</span> <span class='ocrx_word' id='word_1_103' title='bbox 595 1358 790 1443; x_wconf 89' lang='lat' dir='ltr'>triumphans</span> <span class='ocrx_word' id='word_1_104' title='bbox 812 1359 846 1421; x_wconf 92' lang='lat' dir='ltr'>in</span> <span class='ocrx_word' id='word_1_105' title='bbox 862 1359 975 1424; x_wconf 92' lang='lat' dir='ltr'>urbem</span> <span class='ocrx_word' id='word_1_106' title='bbox 995 1361 1086 1437; x_wconf 90' lang='lat' dir='ltr'>redit,</span> 
     </span>
     <span class='ocr_line' id='line_1_14' title="bbox 76 1442 1087 1527; baseline 0.002 -21"><span class='ocrx_word' id='word_1_107' title='bbox 76 1442 201 1527; x_wconf 90' lang='lat' dir='ltr'>interque</span> <span class='ocrx_word' id='word_1_108' title='bbox 219 1444 304 1508; x_wconf 88' lang='lat' dir='ltr'>iocos</span> <span class='ocrx_word' id='word_1_109' title='bbox 323 1443 481 1520; x_wconf 88' lang='lat' dir='ltr'>militares,</span> <span class='ocrx_word' id='word_1_110' title='bbox 501 1466 581 1527; x_wconf 91' lang='lat' dir='ltr'>quos</span> <span class='ocrx_word' id='word_1_111' title='bbox 594 1444 770 1508; x_wconf 89' lang='lat' dir='ltr'>inconditos</span> <span class='ocrx_word' id='word_1_112' title='bbox 788 1445 914 1521; x_wconf 90' lang='lat' dir='ltr'>iaciunt,</span> <span class='ocrx_word' id='word_1_113' title='bbox 933 1445 1087 1509; x_wconf 85' lang='lat' dir='ltr'>Romulus</span> 
     </span>
     <span class='ocr_line' id='line_1_15' title="bbox 77 1528 1089 1614; baseline 0.003 -22"><span class='ocrx_word' id='word_1_114' title='bbox 77 1550 105 1592; x_wconf 80' lang='lat' dir='ltr'>ac</span> <span class='ocrx_word' id='word_1_115' title='bbox 118 1551 228 1614; x_wconf 88' lang='lat' dir='ltr'>parens</span> <span class='ocrx_word' id='word_1_116' title='bbox 246 1530 364 1614; x_wconf 86' lang='lat' dir='ltr'>patriae</span> <span class='ocrx_word' id='word_1_117' title='bbox 382 1529 583 1612; x_wconf 87' lang='lat' dir='ltr'>conditorque</span> <span class='ocrx_word' id='word_1_118' title='bbox 606 1528 684 1594; x_wconf 90' lang='lat' dir='ltr'>alter</span> <span class='ocrx_word' id='word_1_119' title='bbox 705 1529 790 1593; x_wconf 91' lang='lat' dir='ltr'>urbis</span> <span class='ocrx_word' id='word_1_120' title='bbox 809 1531 894 1594; x_wconf 90' lang='lat' dir='ltr'>haud</span> <span class='ocrx_word' id='word_1_121' title='bbox 916 1531 1004 1595; x_wconf 89' lang='lat' dir='ltr'>vanis</span> <span class='ocrx_word' id='word_1_122' title='bbox 1022 1531 1089 1595; x_wconf 91' lang='lat' dir='ltr'>lau-</span> 
     </span>
     <span class='ocr_line' id='line_1_16' title="bbox 77 1613 396 1699; baseline 0.006 -22"><span class='ocrx_word' id='word_1_123' title='bbox 77 1613 153 1679; x_wconf 88' lang='lat' dir='ltr'>dibus</span> <span class='ocrx_word' id='word_1_124' title='bbox 172 1614 396 1699; x_wconf 84' lang='lat' dir='ltr'>appellabatur.</span> 
     </span>
    </p>

    <p class='ocr_par' dir='ltr' id='par_1_4' title="bbox 77 1699 1121 2212">
     <span class='ocr_line' id='line_1_17' title="bbox 128 1699 1121 1785; baseline 0.002 -21"><span class='ocrx_word' id='word_1_125' title='bbox 128 1699 292 1764; x_wconf 87' lang='lat' dir='ltr'>Servatam</span> <span class='ocrx_word' id='word_1_126' title='bbox 313 1701 426 1764; x_wconf 88' lang='lat' dir='ltr'>deinde</span> <span class='ocrx_word' id='word_1_127' title='bbox 448 1699 531 1764; x_wconf 93' lang='lat' dir='ltr'>bello</span> <span class='ocrx_word' id='word_1_128' title='bbox 552 1701 685 1784; x_wconf 88' lang='lat' dir='ltr'>patriam</span> <span class='ocrx_word' id='word_1_129' title='bbox 706 1701 819 1764; x_wconf 91' lang='lat' dir='ltr'>iterum</span> <span class='ocrx_word' id='word_1_130' title='bbox 845 1702 877 1764; x_wconf 92' lang='lat' dir='ltr'>in</span> <span class='ocrx_word' id='word_1_131' title='bbox 904 1722 981 1785; x_wconf 89' lang='lat' dir='ltr'>pace</span> <span class='ocrx_word' id='word_1_132' title='bbox 1004 1702 1089 1765; x_wconf 90' lang='lat' dir='ltr'>haud</span> <span class='ocrx_word' id='word_1_133' title='bbox 1106 1719 1121 1766; x_wconf 87' lang='lat'><em>8</em></span> 
     </span>
     <span class='ocr_line' id='line_1_18' title="bbox 77 1785 1088 1872; baseline 0.001 -23"><span class='ocrx_word' id='word_1_134' title='bbox 77 1785 156 1850; x_wconf 85' lang='lat' dir='ltr'>dubie</span> <span class='ocrx_word' id='word_1_135' title='bbox 179 1785 328 1862; x_wconf 89' lang='lat' dir='ltr'>servavit,</span> <span class='ocrx_word' id='word_1_136' title='bbox 356 1808 428 1850; x_wconf 90' lang='lat' dir='ltr'>cum</span> <span class='ocrx_word' id='word_1_137' title='bbox 454 1785 612 1872; x_wconf 91' lang='lat' dir='ltr'>prohibuit</span> <span class='ocrx_word' id='word_1_138' title='bbox 633 1787 760 1872; x_wconf 88' lang='lat' dir='ltr'>migrari</span> <span class='ocrx_word' id='word_1_139' title='bbox 782 1785 880 1850; x_wconf 84' lang='lat' dir='ltr'>Veios</span> <span class='ocrx_word' id='word_1_140' title='bbox 904 1797 935 1850; x_wconf 94' lang='lat' dir='ltr'>et</span> <span class='ocrx_word' id='word_1_141' title='bbox 956 1787 1088 1851; x_wconf 91' lang='lat' dir='ltr'>tribunis</span> 
     </span>
     <span class='ocr_line' id='line_1_19' title="bbox 77 1871 1089 1957; baseline 0.002 -23"><span class='ocrx_word' id='word_1_142' title='bbox 77 1892 129 1935; x_wconf 85' lang='lat' dir='ltr'>rem</span> <span class='ocrx_word' id='word_1_143' title='bbox 149 1872 297 1935; x_wconf 86' lang='lat' dir='ltr'>intentius</span> <span class='ocrx_word' id='word_1_144' title='bbox 320 1871 486 1957; x_wconf 84' lang='lat' dir='ltr'>agentibus</span> <span class='ocrx_word' id='word_1_145' title='bbox 508 1880 581 1955; x_wconf 89' lang='lat' dir='ltr'>post</span> <span class='ocrx_word' id='word_1_146' title='bbox 606 1872 766 1936; x_wconf 88' lang='lat' dir='ltr'>incensam</span> <span class='ocrx_word' id='word_1_147' title='bbox 788 1871 898 1936; x_wconf 92' lang='lat' dir='ltr'>urbem</span> <span class='ocrx_word' id='word_1_148' title='bbox 925 1882 956 1936; x_wconf 89' lang='lat' dir='ltr'>et</span> <span class='ocrx_word' id='word_1_149' title='bbox 976 1894 1033 1957; x_wconf 93' lang='lat' dir='ltr'>per</span> <span class='ocrx_word' id='word_1_150' title='bbox 1056 1893 1089 1936; x_wconf 91' lang='lat' dir='ltr'>se</span> 
     </span>
     <span class='ocr_line' id='line_1_20' title="bbox 77 1954 1121 2042; baseline 0.003 -21"><span class='ocrx_word' id='word_1_151' title='bbox 77 1954 211 2021; x_wconf 73' lang='lat' dir='ltr'>melincta</span> <span class='ocrx_word' id='word_1_152' title='bbox 229 1957 329 2042; x_wconf 89' lang='lat' dir='ltr'>magis</span> <span class='ocrx_word' id='word_1_153' title='bbox 347 1956 439 2042; x_wconf 89' lang='lat' dir='ltr'>plebe</span> <span class='ocrx_word' id='word_1_154' title='bbox 457 1957 498 2020; x_wconf 92' lang='lat' dir='ltr'>ad</span> <span class='ocrx_word' id='word_1_155' title='bbox 519 1957 552 2020; x_wconf 90' lang='lat' dir='ltr'>id</span> <span class='ocrx_word' id='word_1_156' title='bbox 575 1957 749 2021; x_wconf 90' lang='lat' dir='ltr'>consilium.</span> <span class='ocrx_word' id='word_1_157' title='bbox 795 1979 893 2041; x_wconf 89' lang='lat' dir='ltr'>eaque</span> <span class='ocrx_word' id='word_1_158' title='bbox 915 1980 1012 2023; x_wconf 89' lang='lat' dir='ltr'>causa</span> <span class='ocrx_word' id='word_1_159' title='bbox 1028 1957 1088 2021; x_wconf 88' lang='lat' dir='ltr'>fuit</span> <span class='ocrx_word' id='word_1_160' title='bbox 1107 1976 1121 2024; x_wconf 83' lang='lat'><strong>9</strong></span> 
     </span>
     <span class='ocr_line' id='line_1_21' title="bbox 77 2041 1090 2127; baseline 0.002 -21"><span class='ocrx_word' id='word_1_161' title='bbox 77 2064 127 2107; x_wconf 85' lang='lat' dir='ltr'>non</span> <span class='ocrx_word' id='word_1_162' title='bbox 143 2041 335 2107; x_wconf 87' lang='lat' dir='ltr'>abdicandae</span> <span class='ocrx_word' id='word_1_163' title='bbox 353 2053 425 2126; x_wconf 89' lang='lat' dir='ltr'>post</span> <span class='ocrx_word' id='word_1_164' title='bbox 442 2042 634 2127; x_wconf 87' lang='lat' dir='ltr'>triumphum</span> <span class='ocrx_word' id='word_1_165' title='bbox 653 2043 837 2121; x_wconf 88' lang='lat' dir='ltr'>dictaturae,</span> <span class='ocrx_word' id='word_1_166' title='bbox 866 2053 978 2108; x_wconf 90' lang='lat' dir='ltr'>senatu</span> <span class='ocrx_word' id='word_1_167' title='bbox 998 2043 1090 2108; x_wconf 91' lang='lat' dir='ltr'>obse-</span> 
     </span>
     <span class='ocr_line' id='line_1_22' title="bbox 77 2127 998 2212; baseline 0.002 -20"><span class='ocrx_word' id='word_1_168' title='bbox 77 2138 177 2206; x_wconf 75' lang='lat' dir='ltr'>crante,</span> <span class='ocrx_word' id='word_1_169' title='bbox 196 2151 237 2191; x_wconf 91' lang='lat' dir='ltr'>ne</span> <span class='ocrx_word' id='word_1_170' title='bbox 254 2150 321 2192; x_wconf 92' lang='lat' dir='ltr'>rem</span> <span class='ocrx_word' id='word_1_171' title='bbox 338 2127 496 2212; x_wconf 90' lang='lat' dir='ltr'>publicam</span> <span class='ocrx_word' id='word_1_172' title='bbox 513 2129 547 2192; x_wconf 92' lang='lat' dir='ltr'>in</span> <span class='ocrx_word' id='word_1_173' title='bbox 564 2128 682 2192; x_wconf 88' lang='lat' dir='ltr'>incerto</span> <span class='ocrx_word' id='word_1_174' title='bbox 700 2129 887 2212; x_wconf 92' lang='lat' dir='ltr'>relinqueret</span> <span class='ocrx_word' id='word_1_175' title='bbox 905 2139 998 2194; x_wconf 90' lang='lat' dir='ltr'>statu.</span> 
     </span>
    </p>

    <p class='ocr_par' dir='ltr' id='par_1_5' title="bbox 77 2212 1126 3240">
     <span class='ocr_line' id='line_1_23' title="bbox 126 2212 1122 2299; baseline 0.003 -22"><span class='ocrx_word' id='word_1_176' title='bbox 126 2214 166 2278; x_wconf 89' lang='lat' dir='ltr'>L.</span> <span class='ocrx_word' id='word_1_177' title='bbox 206 2212 359 2278; x_wconf 89' lang='lat' dir='ltr'>Omnium</span> <span class='ocrx_word' id='word_1_178' title='bbox 377 2214 526 2299; x_wconf 88' lang='lat' dir='ltr'>primum,</span> <span class='ocrx_word' id='word_1_179' title='bbox 554 2223 589 2277; x_wconf 93' lang='lat' dir='ltr'>ut</span> <span class='ocrx_word' id='word_1_180' title='bbox 607 2225 673 2277; x_wconf 89' lang='lat' dir='ltr'>erat</span> <span class='ocrx_word' id='word_1_181' title='bbox 691 2214 947 2299; x_wconf 83' lang='lat' dir='ltr'>diligentissimus</span> <span class='ocrx_word' id='word_1_182' title='bbox 965 2215 1090 2299; x_wconf 88' lang='lat' dir='ltr'>religio·</span> <span class='ocrx_word' id='word_1_183' title='bbox 1109 2237 1122 2280; x_wconf 92' lang='lat'>1</span> 
     </span>
     <span class='ocr_line' id='line_1_24' title="bbox 77 2298 1090 2383; baseline -0.001 -21"><span class='ocrx_word' id='word_1_184' title='bbox 77 2320 138 2363; x_wconf 86' lang='lat' dir='ltr'>rum</span> <span class='ocrx_word' id='word_1_185' title='bbox 155 2299 269 2376; x_wconf 87' lang='lat' dir='ltr'>cultor,</span> <span class='ocrx_word' id='word_1_186' title='bbox 297 2321 377 2382; x_wconf 91' lang='lat' dir='ltr'>quae</span> <span class='ocrx_word' id='word_1_187' title='bbox 395 2301 436 2363; x_wconf 91' lang='lat' dir='ltr'>ad</span> <span class='ocrx_word' id='word_1_188' title='bbox 457 2300 533 2363; x_wconf 88' lang='lat' dir='ltr'>deos</span> <span class='ocrx_word' id='word_1_189' title='bbox 555 2298 733 2363; x_wconf 87' lang='lat' dir='ltr'>inmortales</span> <span class='ocrx_word' id='word_1_190' title='bbox 755 2298 951 2383; x_wconf 87' lang='lat' dir='ltr'>pertinebant</span> <span class='ocrx_word' id='word_1_191' title='bbox 972 2299 1090 2362; x_wconf 87' lang='lat' dir='ltr'>rettulit</span> 
     </span>
     <span class='ocr_line' id='line_1_25' title="bbox 77 2383 1124 2467; baseline 0.002 -18"><span class='ocrx_word' id='word_1_192' title='bbox 77 2393 98 2449; x_wconf 72' lang='lat' dir='ltr'>rt</span> <span class='ocrx_word' id='word_1_193' title='bbox 117 2396 243 2450; x_wconf 90' lang='lat' dir='ltr'>senatus</span> <span class='ocrx_word' id='word_1_194' title='bbox 266 2384 442 2449; x_wconf 90' lang='lat' dir='ltr'>consultum</span> <span class='ocrx_word' id='word_1_195' title='bbox 466 2385 555 2462; x_wconf 86' lang='lat' dir='ltr'>facit,</span> <span class='ocrx_word' id='word_1_196' title='bbox 581 2385 656 2448; x_wconf 84' lang='lat' dir='ltr'>fana</span> <span class='ocrx_word' id='word_1_197' title='bbox 678 2385 795 2461; x_wconf 90' lang='lat' dir='ltr'>omnia,</span> <span class='ocrx_word' id='word_1_198' title='bbox 823 2386 908 2467; x_wconf 91' lang='lat' dir='ltr'>quod</span> <span class='ocrx_word' id='word_1_199' title='bbox 930 2407 968 2447; x_wconf 90' lang='lat' dir='ltr'>ea</span> <span class='ocrx_word' id='word_1_200' title='bbox 989 2383 1088 2448; x_wconf 89' lang='lat' dir='ltr'>hostis</span> <span class='ocrx_word' id='word_1_201' title='bbox 1109 2404 1124 2451; x_wconf 83' lang='lat'>2</span> 
     </span>
     <span class='ocr_line' id='line_1_26' title="bbox 77 2470 1089 2555; baseline -0.003 -20"><span class='ocrx_word' id='word_1_202' title='bbox 77 2471 269 2555; x_wconf 81' lang='lat' dir='ltr'>possedisset,</span> <span class='ocrx_word' id='word_1_203' title='bbox 297 2471 544 2547; x_wconf 88' lang='lat' dir='ltr'>restituerentur,</span> <span class='ocrx_word' id='word_1_204' title='bbox 571 2471 809 2535; x_wconf 88' lang='lat' dir='ltr'>terminarentur</span> <span class='ocrx_word' id='word_1_205' title='bbox 831 2470 1089 2554; x_wconf 86' lang='lat' dir='ltr'>expiarenturque</span> 
     </span>
     <span class='ocr_line' id='line_1_27' title="bbox 77 2555 1089 2642; baseline -0.003 -21"><span class='ocrx_word' id='word_1_206' title='bbox 77 2557 262 2642; x_wconf 73' lang='lat' dir='ltr'>expiatioque</span> <span class='ocrx_word' id='word_1_207' title='bbox 289 2578 397 2620; x_wconf 90' lang='lat' dir='ltr'>eorum</span> <span class='ocrx_word' id='word_1_208' title='bbox 418 2555 451 2619; x_wconf 91' lang='lat' dir='ltr'>in</span> <span class='ocrx_word' id='word_1_209' title='bbox 473 2555 559 2620; x_wconf 91' lang='lat' dir='ltr'>libris</span> <span class='ocrx_word' id='word_1_210' title='bbox 586 2578 642 2640; x_wconf 91' lang='lat' dir='ltr'>per</span> <span class='ocrx_word' id='word_1_211' title='bbox 669 2556 849 2619; x_wconf 83' lang='lat' dir='ltr'>duumviros</span> <span class='ocrx_word' id='word_1_212' title='bbox 877 2565 1089 2638; x_wconf 84' lang='lat' dir='ltr'>quaereretur3</span> 
     </span>
     <span class='ocr_line' id='line_1_28' title="bbox 77 2641 1124 2727; baseline 0 -21"><span class='ocrx_word' id='word_1_213' title='bbox 77 2661 136 2706; x_wconf 78' lang='lat' dir='ltr'>rum</span> <span class='ocrx_word' id='word_1_214' title='bbox 154 2642 339 2708; x_wconf 85' lang='lat' dir='ltr'>Caeretibus</span> <span class='ocrx_word' id='word_1_215' title='bbox 357 2642 528 2726; x_wconf 90' lang='lat' dir='ltr'>hospitium</span> <span class='ocrx_word' id='word_1_216' title='bbox 546 2641 670 2726; x_wconf 92' lang='lat' dir='ltr'>publice</span> <span class='ocrx_word' id='word_1_217' title='bbox 688 2641 789 2719; x_wconf 86' lang='lat' dir='ltr'>fieret,</span> <span class='ocrx_word' id='word_1_218' title='bbox 817 2643 902 2724; x_wconf 92' lang='lat' dir='ltr'>quod</span> <span class='ocrx_word' id='word_1_219' title='bbox 925 2664 1013 2706; x_wconf 87' lang='lat' dir='ltr'>sacra</span> <span class='ocrx_word' id='word_1_220' title='bbox 1034 2663 1091 2727; x_wconf 91' lang='lat' dir='ltr'>po-</span> <span class='ocrx_word' id='word_1_221' title='bbox 1109 2659 1124 2706; x_wconf 84' lang='lat'><strong>3</strong></span> 
     </span>
     <span class='ocr_line' id='line_1_29' title="bbox 77 2726 1089 2811; baseline 0 -19"><span class='ocrx_word' id='word_1_222' title='bbox 77 2727 131 2811; x_wconf 81' lang='lat' dir='ltr'>puli</span> <span class='ocrx_word' id='word_1_223' title='bbox 151 2728 287 2792; x_wconf 87' lang='lat' dir='ltr'>Romani</span> <span class='ocrx_word' id='word_1_224' title='bbox 309 2750 346 2792; x_wconf 89' lang='lat' dir='ltr'>ac</span> <span class='ocrx_word' id='word_1_225' title='bbox 369 2728 546 2792; x_wconf 88' lang='lat' dir='ltr'>sacerdotes</span> <span class='ocrx_word' id='word_1_226' title='bbox 568 2726 760 2811; x_wconf 89' lang='lat' dir='ltr'>recepissent</span> <span class='ocrx_word' id='word_1_227' title='bbox 782 2727 995 2810; x_wconf 90' lang='lat' dir='ltr'>beneficioque</span> <span class='ocrx_word' id='word_1_228' title='bbox 1022 2727 1089 2792; x_wconf 91' lang='lat' dir='ltr'>eius</span> 
     </span>
     <span class='ocr_line' id='line_1_30' title="bbox 77 2813 1089 2898; baseline -0.001 -21"><span class='ocrx_word' id='word_1_229' title='bbox 77 2814 172 2898; x_wconf 68' lang='lat' dir='ltr'>populi</span> <span class='ocrx_word' id='word_1_230' title='bbox 198 2836 262 2877; x_wconf 90' lang='lat' dir='ltr'>non</span> <span class='ocrx_word' id='word_1_231' title='bbox 287 2814 483 2878; x_wconf 88' lang='lat' dir='ltr'>intermissus</span> <span class='ocrx_word' id='word_1_232' title='bbox 510 2814 610 2878; x_wconf 91' lang='lat' dir='ltr'>honos</span> <span class='ocrx_word' id='word_1_233' title='bbox 638 2814 731 2876; x_wconf 91' lang='lat' dir='ltr'>deum</span> <span class='ocrx_word' id='word_1_234' title='bbox 754 2813 965 2877; x_wconf 89' lang='lat' dir='ltr'>inmortalium</span> <span class='ocrx_word' id='word_1_235' title='bbox 991 2823 1089 2890; x_wconf 83' lang='lat' dir='ltr'>esset3</span> 
     </span>
     <span class='ocr_line' id='line_1_31' title="bbox 77 2898 1126 2984; baseline 0.006 -25"><span class='ocrx_word' id='word_1_236' title='bbox 77 2899 132 2962; x_wconf 80' lang='lat' dir='ltr'>ndi</span> <span class='ocrx_word' id='word_1_237' title='bbox 153 2898 323 2984; x_wconf 86' lang='lat' dir='ltr'>Capitolini</span> <span class='ocrx_word' id='word_1_238' title='bbox 349 2899 472 2976; x_wconf 89' lang='lat' dir='ltr'>fierent,</span> <span class='ocrx_word' id='word_1_239' title='bbox 500 2900 585 2981; x_wconf 93' lang='lat' dir='ltr'>quod</span> <span class='ocrx_word' id='word_1_240' title='bbox 606 2899 749 2983; x_wconf 89' lang='lat' dir='ltr'>Iuppiter</span> <span class='ocrx_word' id='word_1_241' title='bbox 771 2900 907 2983; x_wconf 90' lang='lat' dir='ltr'>optimus</span> <span class='ocrx_word' id='word_1_242' title='bbox 934 2900 1090 2963; x_wconf 85' lang='lat' dir='ltr'>maximus</span> <span class='ocrx_word' id='word_1_243' title='bbox 1110 2921 1126 2966; x_wconf 85' lang='lat'>4</span> 
     </span>
     <span class='ocr_line' id='line_1_32' title="bbox 77 2984 1093 3070; baseline 0.003 -24"><span class='ocrx_word' id='word_1_244' title='bbox 77 3004 155 3049; x_wconf 83' lang='lat' dir='ltr'>suam</span> <span class='ocrx_word' id='word_1_245' title='bbox 176 2986 285 3050; x_wconf 91' lang='lat' dir='ltr'>sedem</span> <span class='ocrx_word' id='word_1_246' title='bbox 312 2993 404 3067; x_wconf 89' lang='lat' dir='ltr'>atque</span> <span class='ocrx_word' id='word_1_247' title='bbox 431 3007 536 3048; x_wconf 90' lang='lat' dir='ltr'>arcem</span> <span class='ocrx_word' id='word_1_248' title='bbox 561 2985 670 3070; x_wconf 92' lang='lat' dir='ltr'>populi</span> <span class='ocrx_word' id='word_1_249' title='bbox 692 2984 829 3048; x_wconf 88' lang='lat' dir='ltr'>Romani</span> <span class='ocrx_word' id='word_1_250' title='bbox 854 2985 888 3047; x_wconf 90' lang='lat' dir='ltr'>in</span> <span class='ocrx_word' id='word_1_251' title='bbox 912 3008 945 3048; x_wconf 89' lang='lat' dir='ltr'>re</span> <span class='ocrx_word' id='word_1_252' title='bbox 972 2985 1093 3069; x_wconf 86' lang='lat' dir='ltr'>trepida</span> 
     </span>
     <span class='ocr_line' id='line_1_33' title="bbox 77 3069 1092 3156; baseline -0.004 -20"><span class='ocrx_word' id='word_1_253' title='bbox 77 3077 182 3136; x_wconf 74' lang='lat' dir='ltr'>tutatus</span> <span class='ocrx_word' id='word_1_254' title='bbox 200 3080 294 3147; x_wconf 91' lang='lat' dir='ltr'>esset,</span> <span class='ocrx_word' id='word_1_255' title='bbox 313 3070 541 3156; x_wconf 83' lang='lat' dir='ltr'>collegiumque</span> <span class='ocrx_word' id='word_1_256' title='bbox 560 3071 600 3134; x_wconf 90' lang='lat' dir='ltr'>ad</span> <span class='ocrx_word' id='word_1_257' title='bbox 613 3094 683 3134; x_wconf 90' lang='lat' dir='ltr'>eam</span> <span class='ocrx_word' id='word_1_258' title='bbox 695 3093 762 3134; x_wconf 91' lang='lat' dir='ltr'>rem</span> <span class='ocrx_word' id='word_1_259' title='bbox 774 3069 821 3134; x_wconf 92' lang='lat' dir='ltr'>M.</span> <span class='ocrx_word' id='word_1_260' title='bbox 831 3069 946 3133; x_wconf 85' lang='lat' dir='ltr'>Furius</span> <span class='ocrx_word' id='word_1_261' title='bbox 961 3070 1092 3134; x_wconf 86' lang='lat' dir='ltr'>dictator</span> 
     </span>
     <span class='ocr_line' id='line_1_34' title="bbox 77 3154 1090 3240; baseline -0.003 -20"><span class='ocrx_word' id='word_1_262' title='bbox 77 3154 267 3220; x_wconf 70' lang='lat' dir='ltr'>messuerat</span> <span class='ocrx_word' id='word_1_263' title='bbox 284 3156 390 3233; x_wconf 90' lang='lat' dir='ltr'>exiis,</span> <span class='ocrx_word' id='word_1_264' title='bbox 409 3155 514 3239; x_wconf 92' lang='lat' dir='ltr'>quiin</span> <span class='ocrx_word' id='word_1_265' title='bbox 532 3154 689 3240; x_wconf 89' lang='lat' dir='ltr'>Capitolio</span> <span class='ocrx_word' id='word_1_266' title='bbox 707 3165 800 3239; x_wconf 87' lang='lat' dir='ltr'>atque</span> <span class='ocrx_word' id='word_1_267' title='bbox 818 3177 888 3218; x_wconf 90' lang='lat' dir='ltr'>arce</span> <span class='ocrx_word' id='word_1_268' title='bbox 906 3154 1090 3218; x_wconf 90' lang='lat' dir='ltr'>habitarent.</span> 
     </span>
    </p>

    <p class='ocr_par' dir='ltr' id='par_1_6' title="bbox 77 3239 1201 4101">
     <span class='ocr_line' id='line_1_35' title="bbox 131 3239 1125 3325; baseline 0.002 -20"><span class='ocrx_word' id='word_1_269' title='bbox 131 3241 238 3306; x_wconf 81' lang='lat' dir='ltr'>landae</span> <span class='ocrx_word' id='word_1_270' title='bbox 257 3241 350 3306; x_wconf 89' lang='lat' dir='ltr'>etiam</span> <span class='ocrx_word' id='word_1_271' title='bbox 368 3242 454 3306; x_wconf 91' lang='lat' dir='ltr'>vocis</span> <span class='ocrx_word' id='word_1_272' title='bbox 472 3256 654 3319; x_wconf 88' lang='lat' dir='ltr'>nocturnae,</span> <span class='ocrx_word' id='word_1_273' title='bbox 678 3265 758 3325; x_wconf 91' lang='lat' dir='ltr'>quae</span> <span class='ocrx_word' id='word_1_274' title='bbox 776 3241 885 3305; x_wconf 85' lang='lat' dir='ltr'>nuntia</span> <span class='ocrx_word' id='word_1_275' title='bbox 903 3239 999 3304; x_wconf 89' lang='lat' dir='ltr'>cladis</span> <span class='ocrx_word' id='word_1_276' title='bbox 1020 3247 1091 3303; x_wconf 89' lang='lat' dir='ltr'>ante</span> <span class='ocrx_word' id='word_1_277' title='bbox 1111 3261 1125 3307; x_wconf 84' lang='lat'>5</span> 
     </span>
     <span class='ocr_line' id='line_1_36' title="bbox 77 3319 1091 3414; baseline -0.001 -24"><span class='ocrx_word' id='word_1_278' title='bbox 77 3319 111 3390; x_wconf 89' lang='lat' dir='ltr'>be</span> <span class='ocrx_word' id='word_1_279' title='bbox 201 3325 359 3394; x_wconf 84' lang='lat' dir='ltr'>Gallicum</span> <span class='ocrx_word' id='word_1_280' title='bbox 377 3328 484 3392; x_wconf 89' lang='lat' dir='ltr'>audita</span> <span class='ocrx_word' id='word_1_281' title='bbox 501 3328 705 3414; x_wconf 88' lang='lat' dir='ltr'>neglectaque</span> <span class='ocrx_word' id='word_1_282' title='bbox 723 3337 820 3403; x_wconf 88' lang='lat' dir='ltr'>esset,</span> <span class='ocrx_word' id='word_1_283' title='bbox 848 3326 964 3390; x_wconf 90' lang='lat' dir='ltr'>mentio</span> <span class='ocrx_word' id='word_1_284' title='bbox 985 3324 1091 3402; x_wconf 91' lang='lat' dir='ltr'>inlata,</span> 
     </span>
     <span class='ocr_line' id='line_1_37' title="bbox 77 3404 1201 3498; baseline 0.002 -20"><span class='ocrx_word' id='word_1_285' title='bbox 77 3404 248 3498; x_wconf 75' lang='lat' dir='ltr'>lassumque</span> <span class='ocrx_word' id='word_1_286' title='bbox 271 3414 422 3498; x_wconf 90' lang='lat' dir='ltr'>templum</span> <span class='ocrx_word' id='word_1_287' title='bbox 444 3414 477 3476; x_wconf 91' lang='lat' dir='ltr'>in</span> <span class='ocrx_word' id='word_1_288' title='bbox 493 3413 585 3482; x_wconf 90' lang='lat' dir='ltr'>Nova</span> <span class='ocrx_word' id='word_1_289' title='bbox 606 3414 658 3478; x_wconf 90' lang='lat' dir='ltr'>via</span> <span class='ocrx_word' id='word_1_290' title='bbox 674 3413 739 3478; x_wconf 88' lang='lat' dir='ltr'>Aio</span> <span class='ocrx_word' id='word_1_291' title='bbox 761 3413 898 3478; x_wconf 91' lang='lat' dir='ltr'>Locutio</span> <span class='ocrx_word' id='word_1_292' title='bbox 919 3412 996 3477; x_wconf 91' lang='lat' dir='ltr'>fieri.</span> <span class='ocrx_word' id='word_1_293' title='bbox 1038 3432 1126 3480; x_wconf 79' lang='lat' dir='ltr'>au-t3</span> <span class='ocrx_word' id='word_1_294' title='bbox 1198 3434 1201 3445; x_wconf 94' lang='grc'><strong><em>·</em></strong></span> 
     </span>
     <span class='ocr_line' id='line_1_38' title="bbox 77 3497 1093 3590; baseline -0.003 -26"><span class='ocrx_word' id='word_1_295' title='bbox 77 3512 150 3590; x_wconf 64' lang='lat' dir='ltr'>‚mr</span> <span class='ocrx_word' id='word_1_296' title='bbox 176 3501 263 3584; x_wconf 89' lang='lat' dir='ltr'>quod</span> <span class='ocrx_word' id='word_1_297' title='bbox 282 3497 384 3564; x_wconf 87' lang='lat' dir='ltr'>Gallis</span> <span class='ocrx_word' id='word_1_298' title='bbox 402 3510 542 3584; x_wconf 90' lang='lat' dir='ltr'>ereptum</span> <span class='ocrx_word' id='word_1_299' title='bbox 566 3510 632 3563; x_wconf 90' lang='lat' dir='ltr'>erat</span> <span class='ocrx_word' id='word_1_300' title='bbox 649 3501 795 3583; x_wconf 90' lang='lat' dir='ltr'>quodque</span> <span class='ocrx_word' id='word_1_301' title='bbox 819 3523 858 3563; x_wconf 91' lang='lat' dir='ltr'>ex</span> <span class='ocrx_word' id='word_1_302' title='bbox 876 3499 945 3563; x_wconf 88' lang='lat' dir='ltr'>aliis</span> <span class='ocrx_word' id='word_1_303' title='bbox 968 3498 1093 3583; x_wconf 87' lang='lat' dir='ltr'>templis</span> 
     </span>
     <span class='ocr_line' id='line_1_39' title="bbox 77 3585 1093 3670; baseline 0.002 -25"><span class='ocrx_word' id='word_1_304' title='bbox 77 3592 147 3649; x_wconf 81' lang='lat' dir='ltr'>mter</span> <span class='ocrx_word' id='word_1_305' title='bbox 159 3585 397 3670; x_wconf 88' lang='lat' dir='ltr'>trepidationem</span> <span class='ocrx_word' id='word_1_306' title='bbox 410 3586 443 3649; x_wconf 93' lang='lat' dir='ltr'>in</span> <span class='ocrx_word' id='word_1_307' title='bbox 456 3586 541 3650; x_wconf 85' lang='lat' dir='ltr'>Iovis</span> <span class='ocrx_word' id='word_1_308' title='bbox 555 3585 665 3649; x_wconf 90' lang='lat' dir='ltr'>cellam</span> <span class='ocrx_word' id='word_1_309' title='bbox 680 3586 847 3662; x_wconf 90' lang='lat' dir='ltr'>conlatum,</span> <span class='ocrx_word' id='word_1_310' title='bbox 867 3607 948 3661; x_wconf 90' lang='lat' dir='ltr'>cum,</span> <span class='ocrx_word' id='word_1_311' title='bbox 966 3585 1001 3648; x_wconf 92' lang='lat' dir='ltr'>in</span> <span class='ocrx_word' id='word_1_312' title='bbox 1013 3606 1093 3666; x_wconf 89' lang='lat' dir='ltr'>quae</span> 
     </span>
     <span class='ocr_line' id='line_1_40' title="bbox 77 3669 1095 3757; baseline -0.001 -24"><span class='ocrx_word' id='word_1_313' title='bbox 77 3669 173 3736; x_wconf 79' lang='lat' dir='ltr'>referri</span> <span class='ocrx_word' id='word_1_314' title='bbox 191 3679 356 3757; x_wconf 86' lang='lat' dir='ltr'>oporteret,</span> <span class='ocrx_word' id='word_1_315' title='bbox 375 3672 508 3737; x_wconf 86' lang='lat' dir='ltr'>confusa</span> <span class='ocrx_word' id='word_1_316' title='bbox 525 3673 676 3735; x_wconf 90' lang='lat' dir='ltr'>memoria</span> <span class='ocrx_word' id='word_1_317' title='bbox 689 3681 782 3747; x_wconf 75' lang='lat' dir='ltr'>esset,</span> <span class='ocrx_word' id='word_1_318' title='bbox 801 3693 925 3735; x_wconf 90' lang='lat' dir='ltr'>sacrum</span> <span class='ocrx_word' id='word_1_319' title='bbox 942 3691 1034 3734; x_wconf 89' lang='lat' dir='ltr'>omne</span> <span class='ocrx_word' id='word_1_320' title='bbox 1046 3669 1095 3732; x_wconf 88' lang='lat' dir='ltr'>iu-</span> 
     </span>
     <span class='ocr_line' id='line_1_41' title="bbox 77 3750 1127 3842; baseline 0 -21"><span class='ocrx_word' id='word_1_321' title='bbox 77 3750 204 3823; x_wconf 78' lang='lat' dir='ltr'>dicatum</span> <span class='ocrx_word' id='word_1_322' title='bbox 222 3767 254 3821; x_wconf 89' lang='lat' dir='ltr'>et</span> <span class='ocrx_word' id='word_1_323' title='bbox 271 3757 330 3822; x_wconf 92' lang='lat' dir='ltr'>sub</span> <span class='ocrx_word' id='word_1_324' title='bbox 347 3756 434 3822; x_wconf 87' lang='lat' dir='ltr'>Iovis</span> <span class='ocrx_word' id='word_1_325' title='bbox 457 3758 534 3821; x_wconf 89' lang='lat' dir='ltr'>sella</span> <span class='ocrx_word' id='word_1_326' title='bbox 556 3757 630 3842; x_wconf 89' lang='lat' dir='ltr'>poni</span> <span class='ocrx_word' id='word_1_327' title='bbox 652 3758 783 3821; x_wconf 91' lang='lat' dir='ltr'>iussum.</span> <span class='ocrx_word' id='word_1_328' title='bbox 827 3757 890 3820; x_wconf 90' lang='lat' dir='ltr'>iam</span> <span class='ocrx_word' id='word_1_329' title='bbox 913 3765 985 3819; x_wconf 87' lang='lat' dir='ltr'>ante</span> <span class='ocrx_word' id='word_1_330' title='bbox 1005 3755 1039 3817; x_wconf 87' lang='lat' dir='ltr'>in</span> <span class='ocrx_word' id='word_1_331' title='bbox 1056 3775 1127 3821; x_wconf 76' lang='lat' dir='ltr'>eor</span> 
     </span>
     <span class='ocr_line' id='line_1_42' title="bbox 77 3841 1094 3931; baseline -0.003 -26"><span class='ocrx_word' id='word_1_332' title='bbox 77 3841 177 3931; x_wconf 75' lang='lat' dir='ltr'>religio</span> <span class='ocrx_word' id='word_1_333' title='bbox 195 3843 330 3908; x_wconf 81' lang='lat' dir='ltr'>civitatis</span> <span class='ocrx_word' id='word_1_334' title='bbox 348 3853 548 3928; x_wconf 87' lang='lat' dir='ltr'>apparuerat,</span> <span class='ocrx_word' id='word_1_335' title='bbox 567 3844 665 3926; x_wconf 93' lang='lat' dir='ltr'>quod,</span> <span class='ocrx_word' id='word_1_336' title='bbox 685 3865 758 3907; x_wconf 91' lang='lat' dir='ltr'>cum</span> <span class='ocrx_word' id='word_1_337' title='bbox 774 3843 808 3906; x_wconf 90' lang='lat' dir='ltr'>in</span> <span class='ocrx_word' id='word_1_338' title='bbox 847 3841 952 3906; x_wconf 91' lang='lat' dir='ltr'>ublico</span> <span class='ocrx_word' id='word_1_339' title='bbox 970 3841 1094 3903; x_wconf 89' lang='lat' dir='ltr'>deesset</span> 
     </span>
     <span class='ocr_line' id='line_1_43' title="bbox 77 3925 1092 4014; baseline -0.008 -20"><span class='ocrx_word' id='word_1_340' title='bbox 77 3941 191 4009; x_wconf 61' lang='lat' dir='ltr'>hurum,</span> <span class='ocrx_word' id='word_1_341' title='bbox 219 3952 260 3995; x_wconf 82' lang='lat' dir='ltr'>ex</span> <span class='ocrx_word' id='word_1_342' title='bbox 282 3951 345 4013; x_wconf 93' lang='lat' dir='ltr'>quo</span> <span class='ocrx_word' id='word_1_343' title='bbox 364 3953 487 3994; x_wconf 92' lang='lat' dir='ltr'>summa</span> <span class='ocrx_word' id='word_1_344' title='bbox 507 3939 618 4014; x_wconf 86' lang='lat' dir='ltr'>pactae</span> <span class='ocrx_word' id='word_1_345' title='bbox 640 3929 792 3993; x_wconf 92' lang='lat' dir='ltr'>mercedis</span> <span class='ocrx_word' id='word_1_346' title='bbox 831 3927 913 3992; x_wconf 73' lang='lat' dir='ltr'>*allis</span> <span class='ocrx_word' id='word_1_347' title='bbox 936 3925 1092 4001; x_wconf 89' lang='lat' dir='ltr'>confieret,</span> 
     </span>
     <span class='ocr_line' id='line_1_44' title="bbox 77 4010 1094 4101; baseline -0.003 -25"><span class='ocrx_word' id='word_1_348' title='bbox 77 4016 243 4082; x_wconf 69' lang='lat' dir='ltr'>amatronis</span> <span class='ocrx_word' id='word_1_349' title='bbox 253 4015 412 4081; x_wconf 90' lang='lat' dir='ltr'>conlatum</span> <span class='ocrx_word' id='word_1_350' title='bbox 425 4024 618 4101; x_wconf 88' lang='lat' dir='ltr'>acceperant,</span> <span class='ocrx_word' id='word_1_351' title='bbox 638 4025 673 4079; x_wconf 91' lang='lat' dir='ltr'>ut</span> <span class='ocrx_word' id='word_1_352' title='bbox 687 4037 774 4079; x_wconf 89' lang='lat' dir='ltr'>sacro</span> <span class='ocrx_word' id='word_1_353' title='bbox 789 4036 864 4078; x_wconf 94' lang='lat' dir='ltr'>auro</span> <span class='ocrx_word' id='word_1_354' title='bbox 878 4010 1094 4077; x_wconf 88' lang='lat' dir='ltr'>abstineretur.</span> 
     </span>
    </p>
   </div>
   <div class='ocr_carea' id='block_1_3' title="bbox 0 0 1289 4524">
    <p class='ocr_par' dir='ltr' id='par_1_7' title="bbox 0 0 1289 4524">
     <span class='ocr_line' id='line_1_45' title="bbox 0 0 1289 4524; baseline 0 0"><span class='ocrx_word' id='word_1_355' title='bbox 0 0 1289 4524; x_wconf 95' lang='lat' dir='ltr'> </span> 
     </span>
    </p>
   </div>
  </div>
 </body>
</html>
