2566 4524
155 249 218 316 160
409 262 528 317 arnna
546 261 604 330 111,
623 261 665 316 aa
678 260 721 316 aa.
740 260 922 330 [caesos]

149 421 379 486 intermiserant
405 420 470 485 iam
496 419 551 484 diu
572 441 691 484 morem
713 418 896 484 consulendi
918 425 1064 496 senatus,
1090 417 1178 483 mira-

149 515 289 582 bundam
320 514 444 601 plebem
476 514 641 591 convertit,
677 513 826 598 quidnam
851 512 1028 591 incidisset,
1061 534 1178 580 curer

114 630 131 678 9
150 619 236 675 tanto
253 608 417 675 intervallo
434 630 501 673 rem
519 609 681 673 desuetam
698 617 893 694 usurparent.
920 607 1068 674 hostibus
1087 607 1178 674 bello·

149 727 211 788 que
233 704 367 790 gratiam
389 703 581 781 habendam,
609 703 695 786 quod
717 703 843 768 solitum
869 703 1042 786 quiequam
1067 702 1177 768 liberae

150 797 285 862 civitatis
307 797 404 862 fieret.
440 797 700 882 circumspectare
722 797 866 863 omnibus
889 797 950 862 fori
972 796 1117 882 partibus
1134 819 1178 862 se·

100 913 133 961 10
150 901 290 956 natorem
312 913 445 974 raroque
467 913 602 975 usquam
623 892 777 957 noscitare
783 918 792 970 ;
819 892 938 957 curiam
960 891 1037 956 inde
1055 914 1094 957 ac
1111 890 1177 956 soli-

150 985 291 1049 tudinem
313 986 395 1050 circa
417 986 611 1050 decemviros
634 986 760 1064 intueri,
788 1009 861 1051 cum
883 995 915 1050 et
935 985 999 1071 ipsi
1026 1007 1176 1050 consensu

149 1079 287 1145 invisum
308 1080 475 1166 imperium
497 1089 528 1144 et
549 1079 654 1165 plebs,
682 1080 756 1163 quia
777 1080 907 1166 privatis
929 1080 980 1144 ius
1007 1102 1074 1144 non
1099 1088 1176 1144 esset

148 1174 283 1239 vocandi
306 1183 464 1251 senatum,
491 1197 556 1238 non
578 1175 744 1238 convenire
765 1185 870 1260 patres
893 1174 1173 1258 interpretarentur.

148 1269 212 1333 iarn
226 1279 321 1354 caput
334 1269 402 1333 fieri
414 1267 591 1332 libertatem
604 1269 820 1353 repetentium,
841 1269 868 1334 si
881 1290 915 1333 se
929 1268 1021 1353 plebs
1037 1267 1174 1333 comitem

149 1364 271 1429 senatui
286 1364 338 1428 det
352 1372 396 1439 et,
415 1362 681 1447 quemadmodum
693 1373 798 1449 patres
817 1363 920 1428 vocati
937 1385 1002 1427 non
1021 1372 1132 1428 coeant
1146 1361 1174 1424 in

113 1458 117 1464 ’
149 1468 306 1533 senatum,
327 1457 372 1521 sic
389 1457 479 1543 plebs
498 1456 616 1521 abnuat
633 1457 791 1521 dilectum.
818 1456 897 1521 haee
909 1455 1051 1520 fremunt
1063 1454 1172 1543 plebes.

98 1574 129 1621 11
148 1562 272 1636 patrum
294 1551 380 1614 haud
402 1551 468 1614 fere
490 1551 656 1634 quisquam
678 1551 711 1614 in
733 1551 817 1626 foro,
844 1551 878 1615 in
898 1549 977 1615 urbe
999 1550 1065 1614 rari
1085 1558 1171 1615 erant

148 1645 333 1731 indignitate
363 1667 468 1709 rerum
496 1654 655 1708 cesserant
680 1646 713 1708 in
740 1667 832 1731 agros
861 1667 1054 1728 suarumque
1079 1664 1171 1708 rerum
1209 1668 1212 1731 Ξ

149 1751 238 1805 erant
280 1739 399 1804 amissa
419 1738 559 1824 publica,
588 1749 709 1803 tantum
731 1738 771 1804 ab
793 1739 907 1803 iniuria
928 1761 963 1804 se
982 1739 1096 1805 abesse
1111 1735 1169 1814 rati,
1209 1748 1212 1825 ζ

149 1845 301 1918 quantum
323 1858 343 1898 a
365 1845 457 1899 coetu
485 1856 720 1919 congressuque
747 1833 956 1919 inpotentium
983 1833 1170 1898 dominorum
1210 1838 1212 1843 '

98 1951 129 1998 12
149 1951 183 1994 se
202 1929 402 1993 amovissent.
429 1938 597 2012 postquam
615 1929 700 1992 citati
717 1951 781 1993 non
798 1927 1042 2006 conveniebant,
1061 1922 1169 1991 dimissi

148 2024 230 2088 cIrca
243 2025 354 2087 domos
373 2024 565 2108 adparitores
584 2023 678 2088 simul
695 2023 736 2087 ad
752 2023 884 2109 pignera
902 2022 1058 2109 capienda
1076 2017 1169 2086 scisci-

147 2118 354 2201 tandemque,
377 2141 454 2182 num
471 2117 614 2182 consulto
632 2120 853 2195 detrectarent,
876 2118 1018 2183 referunt
1037 2126 1166 2182 senatum

147 2217 181 2278 in
199 2214 283 2300 agris
302 2235 381 2277 esse.
418 2212 530 2277 laetius
548 2214 582 2278 id
600 2215 783 2279 decemviris
802 2214 916 2278 accidit
933 2235 1031 2297 quam
1049 2214 1077 2278 si
1093 2229 1168 2298 prae·

98 2326 129 2373 13
148 2310 244 2374 sentis
263 2309 433 2372 detrectare
451 2307 617 2393 imperinm
635 2309 794 2372 referrent.
830 2307 940 2373 iubent
958 2307 1055 2372 acciri
1072 2322 1164 2371 omnes

148 2414 353 2486 senatumque
371 2404 404 2467 in
422 2403 505 2467 diem
523 2414 684 2488 posterum
701 2404 851 2467 indicunt.
880 2404 934 2486 qui
948 2403 1109 2487 aliquanto
1121 2417 1165 2484 spe
1209 2432 1212 2437 ·

146 2500 287 2584 ipsorum
305 2499 497 2582 frequentior
515 2499 670 2563 convenit.
699 2520 760 2582 quo
775 2499 859 2562 facto
873 2499 1031 2582 proditam
1050 2522 1070 2562 a
1087 2491 1167 2582 patri·

146 2593 206 2659 bus
229 2594 319 2680 plebs
342 2595 518 2659 libertatem
539 2604 621 2668 rata,
649 2594 734 2675 quod
755 2593 808 2671 iis,
836 2593 890 2676 qui
911 2593 976 2656 iam
994 2592 1168 2679 magistratu

148 2689 301 2765 abissent,
320 2689 527 2772 privatisque,
549 2688 576 2750 si
589 2688 636 2751 vis
651 2687 790 2764 abesset,
810 2696 971 2770 tamquam
984 2687 1054 2752 iure
1067 2704 1169 2771 cogen-

147 2784 232 2849 tibus
252 2794 379 2846 senatus
399 2782 563 2865 paruisset.

114 2903 126 2947 1
210 2875 433 2939 XXXVIIII.
464 2873 529 2939 Sed
543 2875 643 2960 magis
659 2875 859 2940 oboedienter
871 2886 1003 2941 ventum
1015 2876 1050 2940 in
1062 2872 1168 2940 curiam

113 2980 195 3038 aest
216 2992 312 3052 quam
335 2969 469 3034 obnoxie
494 2970 592 3034 dictas
613 2971 782 3034 sententias
800 2972 991 3056 accepimus.
1028 2971 1071 3035 L.
1085 2965 1170 3033 Vale-

145 3066 226 3128 rium
236 3064 377 3129 Potitum
389 3065 548 3151 proditum
562 3064 729 3128 memoriae
744 3074 792 3128 est
804 3076 878 3149 post
886 3065 1072 3130 relationem
1080 3055 1166 3147 Appii

148 3158 286 3236 Claudii,
314 3159 497 3244 priusquam
520 3158 627 3221 ordine
651 3159 822 3222 sententiae
844 3169 1045 3245 rogarentur,
1072 3164 1167 3243 postu·

144 3254 252 3331 lando,
272 3263 307 3316 ut
325 3254 415 3316 dere
433 3253 559 3337 publiea
572 3252 678 3315 liceret
692 3252 808 3330 dicere,
827 3253 1068 3337 prohibentibus
1081 3250 1166 3337 mim·

146 3348 222 3410 citer
244 3348 443 3423 decemviris,
471 3347 667 3431 proditurum
690 3367 723 3409 se
742 3346 782 3409 ad
799 3346 925 3431 plebem
943 3347 1166 3411 denuntiantem

111 3460 127 3506 s
145 3439 314 3503 tumultum
327 3441 490 3504 excivisse.
509 3461 567 3503 nec
581 3439 684 3502 minus
699 3439 844 3504 ferociter
852 3439 1000 3505 Marcum
1010 3439 1166 3505 Horatium

144 3532 320 3597 Barbatum
332 3533 395 3596 isse
409 3534 442 3596 in
456 3543 626 3609 certamen,
646 3534 755 3597 decem
764 3533 954 3616 Tarquinios
969 3535 1166 3620 appellantem

145 3628 441 3709 admonentemque,
456 3627 590 3692 Valeriis
605 3637 635 3692 et
643 3627 784 3692 Horatiis
799 3629 933 3694 ducibus
948 3630 1060 3715 pulsos
1077 3644 1165 3714 reges·

111 3733 128 3777 4
145 3742 205 3784 nec
226 3720 361 3784 nominis
384 3729 451 3783 tum
473 3733 651 3806 pertaesum
670 3744 754 3799 esse,
778 3723 894 3808 quippe
912 3746 977 3807 quo
995 3725 1107 3789 Iovem
1121 3740 1165 3805 ap·

144 3813 254 3899 pellari
272 3814 321 3877 fas
341 3813 394 3890 sit,
418 3836 481 3896 quo
497 3815 669 3879 Romulum
687 3817 881 3881 conditorem
902 3817 992 3883 urbis
1015 3818 1166 3900 deinceps·

145 3930 206 3991 que
228 3930 320 3994 reges
343 3908 529 3992 appellatos,
557 3911 643 3993 quod
665 3911 762 3974 sacris
785 3912 880 3975 etiam
902 3922 938 3977 ut
961 3913 1113 3983 sollemne
1127 3926 1167 3973 rs·

111 4021 126 4068 5
145 4010 264 4066 tentum
292 4002 345 4068 sit:
373 4003 551 4089 superbiam
574 4004 814 4089 violentiamque
836 4016 905 4072 tum
925 4029 1061 4094 perosos
1083 4000 1167 4087 regit·
