2566 4524
262 306 265 313 -
370 283 488 339 omns
503 261 590 357 vin,
608 286 633 341 c.
648 285 672 341 r.
692 284 842 358 [acero]
1059 278 1122 348 403

93 449 290 528 caperentur,
318 439 443 506 edicunt
466 442 626 521 eonsules,
654 445 786 530 nequis
811 454 899 512 extra
919 449 1061 515 ordinem
1086 451 1120 518 in

90 535 216 601 hostem
233 542 399 622 pugnaret.
724 608 726 613 ,

153 628 233 695 VH.
273 628 369 694 Forte
394 629 475 694 inter
501 640 620 697 ceteros
647 640 820 699 turmarum
845 635 1036 721 praefectos,
1064 641 1118 723 qui
1139 662 1152 708 1

90 722 288 811 exploratum
313 722 347 787 in
373 745 481 790 omnes
506 735 612 811 partes
639 727 761 794 dimissi
787 738 888 808 erant,
916 730 955 796 T.
977 730 1118 799 Manlius

89 816 229 885 consulis
251 817 335 882 filius
359 840 453 905 super
474 828 577 885 castra
598 819 737 886 hostium
759 845 831 887 cum
850 825 915 890 suis
934 826 1119 894 turmalibus

90 912 205 990 evasit,
231 911 334 978 itaut
355 912 410 977 vix
430 911 484 978 teli
504 913 590 979 iactu
612 913 652 980 ab
671 915 804 982 statione
822 920 965 1003 proxima
983 920 1117 987 abesset.

88 1007 133 1074 ibi
149 1005 328 1072 Tusculani
350 1016 438 1072 erant
459 1008 594 1092 equites3
620 1019 764 1098 praeerat
786 1008 940 1080 Geminus
962 1013 1116 1094 Maecius,
1138 1036 1153 1083 2

88 1102 137 1167 vir
154 1122 230 1167 cum
246 1121 362 1187 genere
379 1101 461 1168 inter
479 1125 554 1170 suos
572 1112 641 1170 tum
660 1104 753 1170 factis
777 1106 888 1173 clarus.
931 1109 960 1173 is
982 1109 1038 1174 ubi
1054 1110 1120 1177 Ro-
1138 1129 1153 1177 3

88 1218 201 1262 manos
225 1195 345 1279 equites
367 1196 586 1283 insignemque
607 1199 689 1264 inter
710 1221 764 1266 eos
786 1202 1024 1286 praecedentem
1047 1227 1120 1270 con-

89 1290 168 1356 sulis
189 1289 292 1355 filium
313 1327 356 1338 —-
377 1313 451 1356 nam
473 1311 582 1358 omnes
603 1292 685 1359 inter
707 1314 741 1360 se
763 1295 870 1379 utique
891 1296 1038 1363 inlustres
1060 1299 1120 1364 viri
1197 1372 1199 1375 ,

88 1384 157 1449 noti
175 1393 322 1450 erant-
341 1386 501 1472 cognovit:
522 1387 651 1453 ‘unane'
669 1388 712 1453 ait
730 1393 858 1469 ‘turma,
877 1391 1026 1471 Romani,
1046 1416 1119 1459 cum
1137 1414 1154 1461 4

88 1478 216 1544 Latinis
236 1477 391 1562 sociisque
407 1478 526 1545 bellum
543 1481 663 1568 gesturi
686 1483 781 1548 estis?
806 1485 882 1568 qnid
902 1486 1022 1552 interea
1044 1509 1118 1553 con-

89 1571 191 1652 sules,
215 1572 292 1656 quid
310 1572 373 1638 duo
392 1574 545 1641 exercitus
565 1577 744 1643 consulares
767 1578 891 1665 agenti’
919 1580 1065 1646 ‘oderunt
1085 1583 1118 1646 in
1137 1602 1152 1650 5

86 1666 244 1752 tempore'
261 1665 401 1733 Manlius
419 1667 520 1752 inquit
539 1675 583 1734 ‘et
600 1692 679 1736 curn·
690 1670 752 1737 illis
771 1673 870 1737 aderit
882 1673 1025 1760 Iuppiter
1037 1676 1116 1762 ipse,

86 1761 254 1828 foederum
277 1785 297 1826 a
317 1760 408 1828 vobis
431 1762 617 1828 violatorum
639 1765 743 1843 testis,
767 1766 822 1850 qui
839 1765 911 1851 plus
927 1776 1033 1853 potest
1049 1769 1118 1854 pol-

85 1858 204 1944 letque.
250 1858 278 1923 si
309 1857 349 1923 ad
379 1858 539 1946 Regillum
568 1859 672 1938 lacum
703 1860 744 1926 ad
775 1861 949 1926 satietatem
979 1871 1150 1932 vestrams

83 1953 316 2040 pugnavimus,
347 1951 399 2017 hic
424 1975 549 2037 quoque
578 1954 750 2022 efficiemus
776 1953 931 2043 profecto,
962 1978 1003 2021 ne
1024 1958 1117 2021 nimis

83 2047 176 2113 acies
193 2045 282 2113 vobis
301 2055 332 2111 et
350 2047 472 2112 conlata
490 2048 582 2134 signa
601 2048 766 2115 nobiscum
789 2050 876 2116 cordi
897 2051 978 2115 sint?
1018 2051 1059 2117 ad
1081 2075 1150 2120 ear

86 2139 248 2209 Geminus
269 2140 400 2227 paulum
421 2141 461 2206 ab
485 2142 655 2225 sniswequo
676 2152 860 2228 provectus:
887 2145 990 2210 ‘visne
1011 2145 1116 2231 igitur,

84 2237 166 2301 dnm
184 2235 253 2300 dies
271 2235 333 2301 ista
348 2236 448 2314 venit,
472 2257 535 2321 qua
552 2258 668 2324 magno
687 2246 801 2303 conatu
819 2238 973 2302 exercitus
991 2261 1118 2303 movea-

82 2332 142 2410 tis,
170 2329 291 2395 interea
311 2338 347 2395 tu
367 2330 436 2416 ipse
458 2329 608 2418 congredi
629 2351 766 2409 mecum,
794 2339 834 2395 ut
850 2339 956 2397 nostro
983 2332 1117 2399 duorum

80 2425 151 2492 iam
178 2424 254 2490 hinc
279 2434 393 2493 eventu
419 2436 571 2505 cernatur,
599 2436 751 2511 quantum
773 2449 869 2511 eques
891 2428 1027 2492 Latinus
1049 2428 1116 2494 Ro-

79 2542 182 2586 mano
206 2519 373 2605 praesteti'
398 2529 504 2586 movet
525 2522 662 2587 ferocem
685 2522 824 2589 animum
845 2521 968 2587 iuvenis
992 2544 1049 2587 seu
1069 2522 1116 2586 ira
1134 2536 1149 2585 8

81 2638 146 2682 seu
169 2615 364 2679 detractandi
386 2615 561 2681 certaminis
584 2616 686 2701 pudor
709 2638 765 2681 seu
786 2615 1044 2702 inexsuperabilis
1066 2616 1114 2680 vis

78 2709 154 2776 fati.
184 2707 301 2774 oblitus
319 2708 424 2793 itaque
440 2709 563 2797 imperii
575 2710 667 2796 patrii
680 2710 907 2796 consulumque
921 2710 1014 2775 edicti
1025 2731 1116 2796 prae-

78 2824 163 2891 ceps
191 2803 233 2868 ad
258 2802 292 2866 id
319 2812 475 2868 certamen
496 2803 608 2891 agitur,
636 2826 699 2888 quo
720 2803 858 2871 vinceret
880 2828 921 2869 an
941 2805 1117 2871 vinceretur

77 2896 173 2966 haud
191 2896 325 2962 multum
343 2898 516 2964 interesset.
561 2898 718 2982 equitibus
736 2899 846 2966 ceteris
864 2899 1008 2965 velutad
1026 2921 1116 2985 spec·
1135 2916 1149 2964 9

77 2993 230 3061 taculum
248 2993 411 3058 summotis
430 2992 545 3080 spatio,
568 2993 653 3078 quod
670 2994 762 3060 vacui
778 2993 980 3058 interiacebat
1003 2994 1114 3079 campi,

77 3088 241 3156 adversos
272 3087 428 3153 concitant
459 3109 575 3171 equos,
612 3096 644 3153 et
674 3108 746 3152 cum
775 3087 899 3151 infestis
932 3086 1114 3172 cuspidibus

77 3181 333 3259 concurrissent,
356 3179 470 3246 Manlii
487 3181 592 3268 cuspis
611 3203 705 3268 super
722 3180 844 3267 galeam
861 3179 975 3257 hostis,
998 3179 1115 3243 Maecii

77 3287 174 3345 trans
192 3276 347 3342 cervicem
365 3276 437 3360 equi
455 3275 563 3363 elapsa
580 3284 637 3342 est
673 3275 868 3342 circumactis
890 3274 1003 3339 deinde
1025 3273 1113 3357 equis
1133 3290 1166 3336 10

77 3395 158 3441 cum
185 3369 272 3457 prior
297 3371 338 3437 ad
363 3370 538 3437 iterandum
564 3370 661 3435 ictum
686 3368 826 3436 Manlius
858 3367 1113 3446 consurrexisset,

77 3465 247 3558 spiculum
263 3465 344 3532 inter
361 3488 452 3532 aures
471 3466 544 3550 equi
556 3464 634 3531 fixit.
665 3466 812 3531 adonius
831 3465 968 3532 vulneris
987 3487 1115 3531 sensum

77 3585 160 3632 cum
192 3581 294 3645 equus
324 3560 480 3647 prioribus
509 3558 644 3648 pedibus
675 3561 787 3626 erectis
817 3583 934 3648 magna
963 3561 995 3625 vi
1022 3568 1115 3645 caput

77 3662 246 3746 quateret,
273 3655 413 3721 excussit
434 3655 584 3742 equitem,
611 3677 707 3741 quem
729 3655 858 3741 cuspide
879 3675 1050 3741 parmaque
1068 3654 1115 3718 in·
1135 3668 1164 3714 11

77 3753 197 3820 nixum
221 3749 414 3815 attollentem
437 3773 471 3816 se
492 3749 532 3816 ab
554 3751 644 3837 gravi
666 3772 741 3817 casu
762 3750 903 3815 Manlius
929 3748 969 3815 ab
995 3749 1113 3834 iugulo,

77 3848 123 3922 ita
141 3854 182 3911 ut
199 3865 258 3931 per
275 3854 379 3911 costas
397 3845 515 3910 ferrum
532 3846 695 3925 emineret,
718 3855 818 3912 terrae
836 3845 954 3911 adfixit.
991 3842 1114 3928 spoliis·
1133 3855 1164 3901 12

77 3964 144 4030 que
167 3938 262 4006 lectis
284 3940 326 4010 ad
347 3962 422 4006 suos
444 3949 587 4006 revectus
609 3963 681 4006 cum
700 3951 812 4007 ovante
829 3939 944 4029 gaudio
963 3946 1065 4001 turma
1081 3935 1113 3999 in

77 4044 189 4106 rastra
208 4042 303 4121 atque
320 4033 393 4101 inde
412 4034 453 4101 ad
464 4035 655 4122 praetorium
668 4035 708 4102 ad
720 4044 840 4122 patrem
855 4033 965 4186 teqqlit,
984 4030 1112 4117 ignarus

930 4135 942 4163 s
