2566 4524
310 261 430 317 umor
445 259 519 332 1111,
536 261 882 333 camaracenses]
1045 250 1109 320 215

88 422 107 491 ’,
147 418 280 487 ΧΧΙΠ.
324 419 466 485 Eosdem
493 420 637 486 eonsules
663 420 841 505 insequenti
867 443 949 487 anno
974 421 1110 489 refectos
1129 445 1143 492 1

100 516 195 582 lulimn
208 514 349 592 tertium,
368 513 555 601 Verginium
567 516 680 580 iterum
693 517 777 601 apud
789 515 936 581 Macrum
949 516 1111 585 Licinium

97 612 213 677 invenio.
250 609 397 674 Valerius
419 609 534 675 Antias
562 620 593 675 et
615 609 656 693 Q.
676 610 802 676 Tubero
824 610 872 676 M.
897 611 1054 678 Manlium
1079 622 1144 682 etr

98 705 129 788 Q.
145 705 320 791 Sulpicium
337 705 481 771 eonsules
499 705 533 769 in
550 728 623 770 eum
640 729 757 770 annum
775 708 880 772 edunt.
918 719 1055 772 ceterum
1077 709 1111 775 iu
1135 768 1139 780 ‚

97 810 146 864 tan
161 801 359 885 discrepante
377 799 513 865 editione
527 810 559 864 et
572 799 698 865 Tubero
713 811 744 865 et
755 799 867 866 Macer
883 801 979 867 libros
997 803 1109 869 linteos

94 907 219 962 auctores
247 893 446 980 profitentur:
477 906 600 972 neuter,
631 893 773 960 tribunos
800 896 934 960 militurn
962 919 999 961 eo
1026 920 1109 963 anno

94 991 185 1068 bisse,
205 989 356 1054 traditum
369 990 605 1075 ascriptoribus
620 991 756 1075 antiquis
770 992 956 1056 dissimulat.
983 993 1109 1059 Licinio
1128 1013 1143 1060 3

94 1083 172 1150 libros
195 1084 273 1148 haut
295 1084 391 1149 dubie
413 1084 503 1169 sequi
525 1085 637 1150 linteos
656 1085 759 1171 placet
776 1098 808 1150 et
825 1086 952 1152 Tubero
969 1087 1107 1152 incertus

95 1181 146 1243 reri
161 1190 217 1244 est.
250 1179 308 1243 sed
324 1179 405 1243 inter
422 1190 524 1244 cetera
541 1189 695 1244 vetustate
712 1181 894 1267 inconperta
911 1181 971 1245 hoc
985 1202 1110 1265 quoque

97 1271 123 1336 in
135 1273 243 1338 incerto
262 1273 409 1358 positum.

147 1367 348 1452 Trepidatum
370 1367 404 1431 in
424 1366 553 1433 Etruria
579 1378 628 1432 est
653 1377 726 1454 post
746 1369 884 1434 Fidenas
912 1378 1019 1455 captas
1045 1388 1144 1434 nont

99 1457 264 1526 Veientibus
284 1461 387 1526 solum
405 1463 559 1528 exterritis
572 1473 660 1528 metu
673 1463 783 1528 similis
799 1463 926 1541 excidii,
945 1464 1110 1528 sedetiam

101 1551 209 1620 Faliscis
228 1555 381 1620 memoria
397 1556 466 1620 initi
482 1557 583 1642 primo
602 1579 674 1621 cum
687 1557 736 1622 his
751 1557 838 1635 belli,
857 1580 1048 1642 quamquam
1060 1579 1110 1623 re·
1190 1594 1192 1598 ·
1272 1598 1275 1603 -

100 1644 265 1715 bellantibus
280 1671 343 1713 non
357 1649 531 1715 adfuerant.
553 1652 650 1737 igitur
663 1674 736 1716 oum
749 1653 830 1716 duae
844 1652 985 1717 civitates
994 1653 1107 1739 legatis
1127 1669 1142 1717 5

100 1741 162 1806 cirea
181 1743 348 1808 duodecim
369 1745 501 1830 populos
524 1746 629 1810 missis
651 1746 884 1831 impetrassent,
912 1757 946 1809 ut
969 1746 1009 1810 ad
1032 1745 1110 1810 Vol·
1137 1814 1140 1819 ,

100 1843 203 1903 tonnae
220 1837 330 1902 sanum
347 1838 536 1903 indiceretur
553 1839 638 1904 omni
654 1839 801 1904 Etruriae
819 1839 999 1916 concilium,
1022 1839 1109 1904 velut

99 1950 192 2016 magno
214 1932 287 1996 inde
309 1933 445 1997 tumultu
465 1933 635 1999 inminente
659 1947 786 1998 senatus
810 1933 910 1998 Mam.
933 1933 1108 1999 Aemilium

101 2022 260 2091 dictatorem
277 2027 390 2092 iterum
407 2027 470 2092 dici
487 2028 587 2093 iussit.
624 2029 664 2094 ab
683 2052 719 2094 eo
733 2028 776 2093 A.
791 2028 973 2094 Postumius
985 2028 1108 2093 Tuber·
1126 2046 1141 2097 6

101 2127 141 2182 tus
155 2122 298 2208 magister
315 2121 455 2205 equitum
473 2133 521 2188 est
538 2123 654 2200 dictus,
678 2122 857 2207 bellumque
880 2133 966 2187 tanto
989 2123 1107 2187 maiore

98 2217 330 2301 quamproxime
344 2228 458 2281 conatu
475 2227 660 2302 apparatum
678 2227 739 2294 est,
758 2227 874 2299 quanto
892 2216 963 2301 plus
983 2228 1049 2281 erat
1066 2215 1107 2281 ab

97 2309 165 2373 omni
181 2310 309 2374 Etruria
326 2311 456 2396 periculi
473 2333 568 2395 quam
586 2310 625 2375 ab
645 2309 768 2376 duobus
786 2310 911 2395 populis
930 2311 1041 2374 fuerat.

97 2436 101 2471 :
145 2403 295 2468 XXlHL
319 2404 370 2469 Ea
382 2427 432 2469 res
446 2405 604 2488 aliquanto
618 2404 849 2489 exspectatione
867 2403 1007 2466 omnium
1025 2413 1141 2469 tran-1

93 2497 200 2578 quillior
213 2498 282 2562 fuit.
309 2499 415 2582 itaque
429 2522 501 2565 cum
514 2499 725 2564 renuntiatum
739 2522 758 2562 a
770 2497 994 2562 mercatoribus
1013 2506 1106 2574 esset,
1126 2517 1141 2563 2

94 2609 191 2678 negata
212 2592 399 2659 Veientibus
423 2595 539 2658 auxilia
559 2595 726 2677 iussosque
749 2614 806 2657 suo
834 2591 963 2656 consilio
991 2591 1109 2656 bellum

93 2681 192 2751 initum
202 2688 269 2753 suis
282 2688 401 2753 viribus
415 2690 545 2772 exsequi
558 2711 617 2753 nec
630 2689 833 2753 adversarum
845 2710 949 2751 rerum
958 2708 1108 2770 quaerere

92 2781 193 2860 rados,
213 2805 287 2846 cum
304 2782 419 2865 quibus
438 2806 528 2869 spem
544 2783 698 2870 integram
716 2781 937 2847 communicati
954 2805 1017 2846 non
1035 2782 1107 2859 sint,

93 2880 147 2939 tum
167 2877 308 2954 dictator,
331 2899 371 2941 ne
388 2878 579 2961 nequiquam
597 2887 720 2942 oreatus
738 2886 836 2954 esset,
860 2877 991 2941 materia
1013 2894 1142 2959 quae-3

91 2969 192 3034 rendae
206 2970 289 3035 bello
302 2970 420 3056 gloriae
437 2972 585 3056 adempta
601 2971 635 3035 in
651 2992 730 3056 pace
748 2970 865 3053 aliquid
883 2969 985 3055 operis
1004 2971 1107 3046 edere,

92 3063 168 3141 quod
190 3076 427 3129 monumentum
453 3077 537 3129 esset
558 3065 744 3142 dictaturae,
772 3065 914 3148 cupiens,
943 3085 1109 3129 censuram

94 3154 217 3222 minuere
229 3169 333 3245 parat,
352 3181 410 3224 seu
427 3160 556 3223 nimiam
573 3168 760 3244 potestatem
777 3169 878 3233 ratus,
898 3178 955 3221 seu
968 3167 1108 3220 nontam

92 3251 293 3336 magnitudine
310 3252 435 3318 honoris
454 3276 550 3338 quam
567 3253 768 3317 diuturnitate
785 3251 935 3315 offensus.
963 3250 1108 3315 contione
1124 3270 1142 3317 4

92 3338 182 3428 laque
204 3348 447 3412 advocatorem
469 3347 655 3433 (publicam)
679 3347 754 3412 foris
777 3346 948 3432 gerendam
966 3344 1009 3410 ait
1026 3355 1108 3411 tutae
1139 3407 1142 3413 .

94 3455 142 3517 que
154 3442 257 3506 omnia
265 3443 454 3527 praestanda
467 3444 543 3508 deos
557 3441 736 3507 inmortales
750 3440 941 3526 suscepisse;
960 3462 1004 3517 se,
1023 3440 1109 3524 quod

95 3526 160 3598 lutra
180 3559 288 3601 muros
306 3537 464 3622 egendum
483 3547 579 3615 esset,
603 3536 738 3601 libertati
756 3536 864 3621 populi
881 3535 1017 3600 Romani
1035 3557 1108 3598 con-

96 3625 244 3697 tulturum.
271 3631 442 3696 maximam
455 3643 561 3697 autem
576 3632 644 3697 eius
658 3631 834 3696 custodiam
847 3652 931 3707 esse,
952 3631 978 3694 si
991 3651 1108 3715 magna

97 3712 208 3806 nperia
225 3724 373 3792 diuturna
389 3750 453 3793 non
470 3739 576 3792 essent
593 3738 625 3791 et
642 3726 791 3811 temporis
809 3726 921 3790 modus
944 3724 1108 3809 inponere·

98 3816 142 3893 mr,
158 3819 271 3902 quibus
288 3821 365 3886 iuris
382 3821 491 3908 inponi
508 3845 572 3887 non
588 3830 705 3907 posset.
736 3820 814 3885 alios
832 3819 1034 3905 magistratus
1053 3841 1108 3881 an·
1125 3837 1141 3881 o

100 3922 161 3976 nuos
182 3920 266 3993 esse,
293 3916 556 4000 quinquennalem
580 3940 753 3982 censuram.
790 3938 886 4002 grave
910 3935 979 3979 esse
1005 3912 1107 3976 isdem

100 4013 142 4082 ler
155 4015 309 4077 turannos
322 4035 439 4100 magna
450 4025 538 4099 parte
551 4013 634 4078 vitae
647 4011 799 4076 obnoxios
814 4011 928 4076 vivere.
957 4029 990 4071 se
1003 4006 1108 4092 legem
