2566 4524
339 260 458 315 arnan
475 260 511 330 v,
529 259 571 315 rs.
585 260 627 316 46.
647 265 685 331 [a.
696 259 797 331 caan
1022 251 1087 317 295

77 445 129 486 zum
145 420 265 507 ingenti
282 419 416 484 clamore
433 419 595 484 invadunt
623 442 780 503 nusquam
796 420 964 506 proelium,
984 423 1085 487 omni·
1104 447 1119 493 3

77 539 118 579 rus
133 514 209 579 locis
228 514 341 578 caedes
360 522 422 591 est3
444 514 530 578 nuda
547 536 678 600 corpora
695 524 725 578 ct
744 515 846 580 soluta
863 538 973 580 somno
992 518 1086 581 truci-

77 612 176 673 lantur.
213 619 369 674 extremos
396 619 503 672 tamen
527 631 665 695 pavore
688 608 843 675 cubilibus
866 609 932 675 suis
955 611 1083 688 excitos,

77 726 137 787 quae
154 713 208 767 aut
227 704 310 767 unde
327 703 376 768 vis
392 713 480 768 'esset
496 704 638 790 ignaros,
656 704 689 768 in
703 704 813 791 fugam
831 715 862 768 et
880 706 1035 789 quosdam
1051 707 1085 770 in

77 809 178 861 rostem
204 797 311 883 ipsum
336 797 528 884 improvidos
556 799 634 863 tulit.
674 823 790 885 magna
815 821 889 884 pars
915 799 948 862 in
974 823 1086 886 agrum

77 891 219 956 Antiatem
242 890 338 956 delati
358 893 535 958 incursione
558 893 598 958 ab
622 893 788 979 oppidanis
810 893 844 957 in
861 894 982 978 palatos
1001 894 1086 959 facta

77 987 351 1051 circumveniuntur.

127 1079 240 1146 Similis
255 1081 288 1144 in
301 1104 378 1168 agro
387 1080 513 1146 Veienti
523 1081 700 1146 Tuscorum
714 1081 798 1146 facta
812 1090 934 1169 strages
949 1092 1010 1160 est,
1029 1084 1084 1167 qui
1102 1106 1119 1151 4

79 1174 156 1252 urbis,
178 1176 242 1240 iam
259 1198 357 1261 prope
375 1176 718 1262 quadringentesimum
736 1200 853 1241 annum
871 1176 1006 1255 vicinae,
1030 1200 1086 1263 op-

81 1289 182 1352 pressae
209 1270 250 1335 ab
277 1270 367 1335 hoste
393 1271 566 1348 invisitato,
593 1271 732 1336 inaudito
756 1271 835 1336 adeo
856 1271 933 1335 nihil
955 1271 1086 1336 miseriti

83 1380 146 1441 sunt,
170 1374 206 1429 ut
227 1365 261 1427 in
284 1388 396 1450 agrum
412 1365 591 1430 Romanurn
613 1388 651 1430 eo
669 1374 808 1451 tempore
825 1365 1020 1431 incursiones
1038 1366 1086 1432 fa-

82 1472 162 1522 cerent
187 1458 334 1544 plenique
361 1460 495 1544 praedae
521 1458 619 1524 Veios
646 1460 740 1524 etiam
770 1459 1024 1545 praesidiumque
1055 1469 1086 1525 et

84 1570 149 1634 spem
168 1552 311 1616 ultimam
333 1552 468 1617 Romani
491 1553 626 1618 nominis
648 1553 681 1617 in
708 1554 813 1619 animo
838 1554 1004 1620 habuerint
1029 1577 1086 1640 op·

82 1663 206 1731 pugnare.
233 1647 375 1711 viderant
393 1670 447 1712 eos
466 1647 580 1712 milites
594 1646 730 1713 Romani
748 1659 899 1734 vagantes
917 1672 974 1735 per
992 1670 1085 1735 agros
1104 1669 1120 1716 5

83 1749 104 1800 et
116 1758 312 1828 congregatos
332 1742 456 1828 agmine
473 1743 623 1828 praedam
639 1765 715 1828 prae
734 1765 768 1806 se
786 1752 915 1828 agentes
934 1753 965 1806 et
983 1753 1087 1807 castra

82 1835 225 1900 cernebant
245 1836 331 1900 haud
352 1837 461 1922 procul
479 1835 567 1902 Veiis
589 1837 701 1922 posita.
741 1837 813 1901 inde
835 1837 971 1923 primum
993 1836 1087 1901 mise·
1105 1857 1120 1903 6

83 1928 140 1992 ratio
155 1930 217 2008 sui,
241 1931 353 1994 deinde
371 1931 540 2017 indignitas
559 1940 653 2014 atque
671 1955 711 1996 ex
729 1931 829 1996 caira
850 1932 970 1996 animos
994 1931 1086 2016 cepit.

83 2017 243 2089 Etruscisne
262 2025 369 2103 etiarn,
389 2024 536 2109 aquibus
550 2025 669 2091 bellum
679 2024 838 2091 Gallicum
854 2026 888 2090 in
906 2048 940 2091 se
958 2027 1088 2092 avertis-

83 2127 145 2194 sent,
164 2117 299 2184 ludibrio
318 2142 388 2184 esse
407 2120 511 2185 clades
535 2120 629 2185 suas?
652 2121 707 2184 vix
728 2129 941 2206 temperavere
963 2121 1085 2199 animis,
1106 2141 1119 2186 r

82 2210 139 2291 quin
154 2213 309 2299 extemplo
326 2215 478 2300 impetum
495 2214 648 2293 facerent,
668 2215 890 2301 conpressique
904 2239 923 2280 a
938 2215 1087 2280 Caedicio

79 2309 251 2386 centurione,
271 2331 364 2392 quem
380 2308 505 2373 sibimet
517 2309 579 2395 ipsi
592 2309 819 2395 praefecerant,
837 2332 905 2372 rem
917 2309 950 2372 in
962 2321 1088 2374 noctem

81 2402 244 2466 rnsdnuere.
281 2413 402 2467 tantum
422 2425 480 2489 par
499 2401 634 2468 Camillo
656 2403 756 2468 defuit
773 2413 890 2480 auctor,
914 2415 1016 2468 cetera
1035 2426 1088 2468 eo·
1105 2420 1122 2469 8

82 2490 136 2559 den
151 2498 257 2562 ordine
276 2499 448 2582 eodemque
465 2499 609 2573 fortunae
627 2508 741 2564 eventu
762 2508 861 2585 gesta.
897 2498 973 2582 quin
995 2499 1089 2563 etiam

84 2584 193 2658 ducibus
220 2593 366 2678 captivis,
394 2592 449 2676 qui
475 2593 564 2657 caedi
589 2602 760 2657 noctmmae
788 2592 1019 2678 superfuerant,
1048 2592 1090 2656 ad

82 2677 156 2748 aliam
175 2709 305 2751 manum
327 2686 504 2752 Tuscorum
527 2687 568 2751 ad
589 2687 705 2752 salinas
731 2687 864 2773 profecti
889 2696 980 2752 nocte
1006 2687 1090 2752 inse·

84 2790 176 2854 quante
193 2803 234 2846 ex
250 2780 410 2865 inproviso
428 2781 578 2845 maiorem
596 2782 724 2850 caedem
747 2782 886 2861 edidere,
909 2781 1089 2867 duplicique

85 2865 192 2938 victoria
209 2883 339 2939 ovantes
357 2874 454 2939 Veios
473 2876 613 2939 redeunt.

133 2965 333 3033 XXXXVI.
365 2968 487 3034 Romae
499 2969 623 3033 interim
640 2970 824 3055 plerumque
843 2970 964 3035 obsidio
984 2969 1089 3054 segnis
1110 2989 1124 3034 1

87 3062 115 3118 ct
127 3063 271 3147 utrimque
294 3062 451 3128 silentium
474 3086 558 3140 esse,
582 3064 622 3128 ad
639 3066 673 3128 id
691 3075 812 3129 tanturn
829 3065 956 3127 intentis
977 3062 1089 3139 Gallis,

93 3155 189 3237 ntqtris
211 3156 350 3222 hostium
372 3158 505 3222 evadere
526 3158 607 3222 inter
630 3159 778 3223 stationes
799 3166 921 3243 posset,
949 3179 1021 3220 curn
1042 3178 1092 3219 re-

89 3256 161 3324 pure
175 3250 297 3316 iuvenis
310 3250 473 3317 Romanus
493 3252 696 3317 admiratione
713 3252 747 3316 in
766 3273 800 3316 se
819 3250 903 3315 cives
921 3249 1091 3332 hostesque

89 3345 223 3410 convertit.
261 3345 449 3410 sacrificium
467 3355 533 3410 erat
551 3356 667 3410 statum
683 3346 717 3409 in
735 3344 890 3428 Quirinali
908 3343 987 3408 colle
1005 3341 1092 3430 genti
1110 3363 1126 3409 2

89 3421 192 3502 labiae.
219 3440 260 3503 ad
277 3439 310 3502 id
327 3439 507 3503 faciendum
523 3438 561 3504 C.
575 3439 695 3503 Fabius
709 3438 837 3503 Dorsuo
848 3436 974 3504 Gabino
988 3439 1093 3502 cinctu

91 3539 159 3593 mera
173 3532 317 3598 manibus
334 3556 448 3620 gerens
466 3555 539 3598 cum
556 3535 597 3598 de
616 3532 772 3619 Capitolio
791 3533 1017 3610 descendisset,
1036 3555 1094 3617 per

90 3621 185 3692 melias
206 3627 345 3693 hostium
368 3627 517 3693 stationes
540 3650 687 3714 egressus
705 3627 783 3692 nihil
801 3629 841 3693 ad
859 3650 970 3693 vocem
988 3627 1094 3692 cuius-

91 3725 165 3811 Ῥω
183 3736 369 3787 terroremve
391 3733 510 3800 motus,
532 3722 566 3786 in
585 3720 779 3804 Quirinalem
802 3721 915 3786 collem
936 3722 1093 3807 pervenit3

93 3798 175 3908 1lique
190 3816 335 3882 omnibus
354 3817 544 3883 sollemniter
560 3817 693 3902 peractis
714 3817 823 3882 eadem
835 3827 994 3881 revertens
1009 3814 1094 3880 simi-
1112 3832 1128 3879 a

95 3887 149 3968 lter
157 3911 304 3977 constanti
316 3912 406 3977 vultu
418 3913 592 4000 graduque,
612 3912 687 3977 satis
702 3933 840 3998 speram,
859 3910 1009 3997 propitios
1024 3929 1093 3973 esse

93 3986 165 4083 dl⁰⁸,
187 4030 317 4092 quorum
340 4010 459 4074 cultum
480 4031 520 4073 ne
542 4008 650 4072 mortis
673 4008 798 4092 quidem
816 4017 902 4072 metu
919 4003 1094 4092 prohibitus
