<?xml version="1.0" encoding="UTF-8"?>
<!DOCTYPE html PUBLIC "-//W3C//DTD XHTML 1.0 Transitional//EN"
    "http://www.w3.org/TR/xhtml1/DTD/xhtml1-transitional.dtd">
<html xmlns="http://www.w3.org/1999/xhtml" xml:lang="en" lang="en">
 <head>
  <title>
</title>
<meta http-equiv="Content-Type" content="text/html;charset=utf-8" />
  <meta name='ocr-system' content='tesseract 3.04.00' />
  <meta name='ocr-capabilities' content='ocr_page ocr_carea ocr_par ocr_line ocrx_word'/>
</head>
<body>
  <div class='ocr_page' id='page_1' title='image "./titiliviaburbec01weisgoog_0668.png"; bbox 0 0 2566 4524; ppageno 0'>
   <div class='ocr_carea' id='block_1_1' title="bbox 298 265 1103 346">
    <p class='ocr_par' dir='ltr' id='par_1_1' title="bbox 298 265 1103 346">
     <span class='ocr_line' id='line_1_1' title="bbox 298 265 1103 346; baseline 0.001 -16"><span class='ocrx_word' id='word_1_1' title='bbox 298 272 417 330; x_wconf 78' lang='grc'>1111111</span> <span class='ocrx_word' id='word_1_2' title='bbox 434 270 635 342; x_wconf 82' lang='lat' dir='ltr'>vm,14.15.</span> <span class='ocrx_word' id='word_1_3' title='bbox 655 271 875 346; x_wconf 73' lang='lat' dir='ltr'>[acassam]</span> <span class='ocrx_word' id='word_1_4' title='bbox 1037 265 1103 332; x_wconf 85' lang='lat'>413</span> 
     </span>
    </p>
   </div>
   <div class='ocr_carea' id='block_1_2' title="bbox 78 413 1133 898">
    <p class='ocr_par' dir='ltr' id='par_1_2' title="bbox 78 413 1133 898">
     <span class='ocr_line' id='line_1_2' title="bbox 79 413 1099 519; baseline -0.001 -18"><span class='ocrx_word' id='word_1_5' title='bbox 79 413 271 509; x_wconf 73' lang='lat' dir='ltr'>statueretur,</span> <span class='ocrx_word' id='word_1_6' title='bbox 303 431 331 494; x_wconf 90' lang='lat' dir='ltr'>si</span> <span class='ocrx_word' id='word_1_7' title='bbox 357 429 396 494; x_wconf 92' lang='lat' dir='ltr'>de</span> <span class='ocrx_word' id='word_1_8' title='bbox 423 428 555 516; x_wconf 84' lang='lat' dir='ltr'>singulis</span> <span class='ocrx_word' id='word_1_9' title='bbox 581 429 765 495; x_wconf 89' lang='lat' dir='ltr'>nominatim</span> <span class='ocrx_word' id='word_1_10' title='bbox 789 432 942 498; x_wconf 78' lang='lat' dir='ltr'>referrent</span> <span class='ocrx_word' id='word_1_11' title='bbox 966 436 1099 519; x_wconf 89' lang='lat' dir='ltr'>populis.</span> 
     </span>
     <span class='ocr_line' id='line_1_3' title="bbox 78 523 1133 613; baseline -0.002 -19"><span class='ocrx_word' id='word_1_12' title='bbox 78 529 205 595; x_wconf 90' lang='lat' dir='ltr'>relatum</span> <span class='ocrx_word' id='word_1_13' title='bbox 227 527 324 613; x_wconf 85' lang='lat' dir='ltr'>igitur</span> <span class='ocrx_word' id='word_1_14' title='bbox 345 525 386 591; x_wconf 90' lang='lat' dir='ltr'>de</span> <span class='ocrx_word' id='word_1_15' title='bbox 407 523 539 610; x_wconf 82' lang='lat' dir='ltr'>singulis</span> <span class='ocrx_word' id='word_1_16' title='bbox 562 524 793 609; x_wconf 86' lang='lat' dir='ltr'>decretumque.</span> <span class='ocrx_word' id='word_1_17' title='bbox 828 527 1004 594; x_wconf 89' lang='lat' dir='ltr'>Lanuvinis</span> <span class='ocrx_word' id='word_1_18' title='bbox 1024 530 1099 594; x_wconf 86' lang='lat' dir='ltr'>civi·</span> <span class='ocrx_word' id='word_1_19' title='bbox 1118 553 1133 599; x_wconf 84' lang='lat'>2</span> 
     </span>
     <span class='ocr_line' id='line_1_4' title="bbox 81 618 1099 709; baseline 0.001 -22"><span class='ocrx_word' id='word_1_20' title='bbox 81 633 122 687; x_wconf 87' lang='lat' dir='ltr'>tas</span> <span class='ocrx_word' id='word_1_21' title='bbox 138 623 214 688; x_wconf 86' lang='lat' dir='ltr'>data</span> <span class='ocrx_word' id='word_1_22' title='bbox 232 641 385 704; x_wconf 85' lang='lat' dir='ltr'>sacraque</span> <span class='ocrx_word' id='word_1_23' title='bbox 402 641 462 685; x_wconf 88' lang='lat' dir='ltr'>sua</span> <span class='ocrx_word' id='word_1_24' title='bbox 477 618 599 683; x_wconf 88' lang='lat' dir='ltr'>reddita</span> <span class='ocrx_word' id='word_1_25' title='bbox 615 640 688 683; x_wconf 91' lang='lat' dir='ltr'>cum</span> <span class='ocrx_word' id='word_1_26' title='bbox 706 642 759 698; x_wconf 91' lang='lat' dir='ltr'>eo,</span> <span class='ocrx_word' id='word_1_27' title='bbox 782 630 817 685; x_wconf 89' lang='lat' dir='ltr'>ut</span> <span class='ocrx_word' id='word_1_28' title='bbox 834 622 929 688; x_wconf 87' lang='lat' dir='ltr'>aedes</span> <span class='ocrx_word' id='word_1_29' title='bbox 946 623 1099 709; x_wconf 89' lang='lat' dir='ltr'>lucusque</span> 
     </span>
     <span class='ocr_line' id='line_1_5' title="bbox 84 713 1098 804; baseline 0 -21"><span class='ocrx_word' id='word_1_30' title='bbox 84 715 222 804; x_wconf 82' lang='lat' dir='ltr'>Sospitae</span> <span class='ocrx_word' id='word_1_31' title='bbox 243 715 375 781; x_wconf 91' lang='lat' dir='ltr'>Iunonis</span> <span class='ocrx_word' id='word_1_32' title='bbox 397 713 573 779; x_wconf 90' lang='lat' dir='ltr'>communis</span> <span class='ocrx_word' id='word_1_33' title='bbox 593 713 772 779; x_wconf 86' lang='lat' dir='ltr'>Lanuvinis</span> <span class='ocrx_word' id='word_1_34' title='bbox 794 716 1004 803; x_wconf 84' lang='lat' dir='ltr'><strong>municipibus</strong></span> <span class='ocrx_word' id='word_1_35' title='bbox 1027 740 1098 783; x_wconf 89' lang='lat' dir='ltr'>cum</span> 
     </span>
     <span class='ocr_line' id='line_1_6' title="bbox 83 807 1132 898; baseline 0.004 -21"><span class='ocrx_word' id='word_1_36' title='bbox 83 811 191 898; x_wconf 90' lang='lat' dir='ltr'>populo</span> <span class='ocrx_word' id='word_1_37' title='bbox 206 810 354 876; x_wconf 90' lang='lat' dir='ltr'>Romano</span> <span class='ocrx_word' id='word_1_38' title='bbox 375 817 469 874; x_wconf 84' lang='lat' dir='ltr'>esset</span> <span class='ocrx_word' id='word_1_39' title='bbox 512 807 635 873; x_wconf 82' lang='lat' dir='ltr'>Aricini</span> <span class='ocrx_word' id='word_1_40' title='bbox 656 808 906 895; x_wconf 79' lang='lat' dir='ltr'>Nomentanique</span> <span class='ocrx_word' id='word_1_41' title='bbox 929 821 960 876; x_wconf 90' lang='lat' dir='ltr'>et</span> <span class='ocrx_word' id='word_1_42' title='bbox 976 812 1099 878; x_wconf 89' lang='lat' dir='ltr'>Pedani</span> <span class='ocrx_word' id='word_1_43' title='bbox 1117 835 1132 883; x_wconf 83' lang='grc'>1</span> 
     </span>
    </p>
   </div>
   <div class='ocr_carea' id='block_1_3' title="bbox 77 902 1238 4112">
    <p class='ocr_par' dir='ltr' id='par_1_3' title="bbox 77 902 1182 3354">
     <span class='ocr_line' id='line_1_7' title="bbox 86 902 1134 990; baseline 0.004 -20"><span class='ocrx_word' id='word_1_44' title='bbox 86 905 184 972; x_wconf 87' lang='lat' dir='ltr'>eodem</span> <span class='ocrx_word' id='word_1_45' title='bbox 201 905 270 969; x_wconf 89' lang='lat' dir='ltr'>iure</span> <span class='ocrx_word' id='word_1_46' title='bbox 287 925 350 989; x_wconf 93' lang='lat' dir='ltr'>quo</span> <span class='ocrx_word' id='word_1_47' title='bbox 367 902 530 968; x_wconf 86' lang='lat' dir='ltr'>Lanuvini</span> <span class='ocrx_word' id='word_1_48' title='bbox 546 903 580 967; x_wconf 95' lang='lat' dir='ltr'>in</span> <span class='ocrx_word' id='word_1_49' title='bbox 598 902 756 970; x_wconf 88' lang='lat' dir='ltr'>civitatem</span> <span class='ocrx_word' id='word_1_50' title='bbox 773 904 904 990; x_wconf 84' lang='lat' dir='ltr'>accepti.</span> <span class='ocrx_word' id='word_1_51' title='bbox 944 905 1099 989; x_wconf 88' lang='lat' dir='ltr'>Tuscula-</span> <span class='ocrx_word' id='word_1_52' title='bbox 1117 928 1134 975; x_wconf 84' lang='lat'>4</span> 
     </span>
     <span class='ocr_line' id='line_1_8' title="bbox 85 996 1097 1083; baseline 0 -17"><span class='ocrx_word' id='word_1_53' title='bbox 85 999 122 1066; x_wconf 88' lang='lat' dir='ltr'>nis</span> <span class='ocrx_word' id='word_1_54' title='bbox 139 1007 265 1065; x_wconf 86' lang='lat' dir='ltr'>servata</span> <span class='ocrx_word' id='word_1_55' title='bbox 282 997 392 1062; x_wconf 89' lang='lat' dir='ltr'>civitas</span> <span class='ocrx_word' id='word_1_56' title='bbox 410 1019 506 1082; x_wconf 86' lang='lat' dir='ltr'>quam</span> <span class='ocrx_word' id='word_1_57' title='bbox 523 996 695 1076; x_wconf 90' lang='lat' dir='ltr'>habebant,</span> <span class='ocrx_word' id='word_1_58' title='bbox 718 997 897 1083; x_wconf 86' lang='lat' dir='ltr'>crimenque</span> <span class='ocrx_word' id='word_1_59' title='bbox 918 999 1097 1066; x_wconf 85' lang='lat' dir='ltr'>rebellionis</span> 
     </span>
     <span class='ocr_line' id='line_1_9' title="bbox 85 1091 1133 1179; baseline 0.006 -23"><span class='ocrx_word' id='word_1_60' title='bbox 85 1091 238 1179; x_wconf 85' lang='lat' dir='ltr'>apublioa</span> <span class='ocrx_word' id='word_1_61' title='bbox 253 1091 364 1157; x_wconf 75' lang='lat' dir='ltr'>fraude</span> <span class='ocrx_word' id='word_1_62' title='bbox 381 1091 415 1156; x_wconf 92' lang='lat' dir='ltr'>in</span> <span class='ocrx_word' id='word_1_63' title='bbox 431 1113 550 1177; x_wconf 90' lang='lat' dir='ltr'>paucos</span> <span class='ocrx_word' id='word_1_64' title='bbox 572 1099 715 1157; x_wconf 81' lang='lat' dir='ltr'>auctores</span> <span class='ocrx_word' id='word_1_65' title='bbox 738 1113 874 1157; x_wconf 83' lang='lat' dir='ltr'>versum.</span> <span class='ocrx_word' id='word_1_66' title='bbox 913 1094 947 1158; x_wconf 91' lang='lat' dir='ltr'>in</span> <span class='ocrx_word' id='word_1_67' title='bbox 964 1093 1100 1159; x_wconf 87' lang='lat' dir='ltr'>Veliter-</span> <span class='ocrx_word' id='word_1_68' title='bbox 1118 1115 1133 1162; x_wconf 84' lang='lat'>5</span> 
     </span>
     <span class='ocr_line' id='line_1_10' title="bbox 86 1185 1096 1269; baseline 0.004 -21"><span class='ocrx_word' id='word_1_69' title='bbox 86 1208 144 1265; x_wconf 89' lang='lat' dir='ltr'>nos,</span> <span class='ocrx_word' id='word_1_70' title='bbox 171 1197 294 1252; x_wconf 86' lang='lat' dir='ltr'>veteres</span> <span class='ocrx_word' id='word_1_71' title='bbox 321 1185 406 1251; x_wconf 85' lang='lat' dir='ltr'>cives</span> <span class='ocrx_word' id='word_1_72' title='bbox 427 1187 603 1262; x_wconf 86' lang='lat' dir='ltr'>Romanos,</span> <span class='ocrx_word' id='word_1_73' title='bbox 631 1187 716 1269; x_wconf 94' lang='lat' dir='ltr'>quod</span> <span class='ocrx_word' id='word_1_74' title='bbox 742 1187 856 1252; x_wconf 86' lang='lat' dir='ltr'>totiens</span> <span class='ocrx_word' id='word_1_75' title='bbox 882 1187 1096 1266; x_wconf 81' lang='lat' dir='ltr'>rebellassent,</span> 
     </span>
     <span class='ocr_line' id='line_1_11' title="bbox 85 1279 1097 1364; baseline 0.003 -19"><span class='ocrx_word' id='word_1_76' title='bbox 85 1280 208 1364; x_wconf 83' lang='lat' dir='ltr'>graviter</span> <span class='ocrx_word' id='word_1_77' title='bbox 221 1279 389 1346; x_wconf 88' lang='lat' dir='ltr'>saevitum:</span> <span class='ocrx_word' id='word_1_78' title='bbox 408 1289 440 1344; x_wconf 90' lang='lat' dir='ltr'>et</span> <span class='ocrx_word' id='word_1_79' title='bbox 452 1281 533 1344; x_wconf 83' lang='lat' dir='ltr'>muri</span> <span class='ocrx_word' id='word_1_80' title='bbox 548 1280 660 1344; x_wconf 87' lang='lat' dir='ltr'>deiecti</span> <span class='ocrx_word' id='word_1_81' title='bbox 673 1289 705 1345; x_wconf 93' lang='lat' dir='ltr'>et</span> <span class='ocrx_word' id='word_1_82' title='bbox 718 1289 843 1346; x_wconf 90' lang='lat' dir='ltr'>senatus</span> <span class='ocrx_word' id='word_1_83' title='bbox 857 1281 930 1347; x_wconf 90' lang='lat' dir='ltr'>inde</span> <span class='ocrx_word' id='word_1_84' title='bbox 942 1282 1097 1348; x_wconf 89' lang='lat' dir='ltr'>abductus</span> 
     </span>
     <span class='ocr_line' id='line_1_12' title="bbox 86 1371 1138 1460; baseline 0.007 -22"><span class='ocrx_word' id='word_1_85' title='bbox 86 1373 213 1459; x_wconf 87' lang='lat' dir='ltr'>iussique</span> <span class='ocrx_word' id='word_1_86' title='bbox 230 1383 317 1440; x_wconf 87' lang='lat' dir='ltr'>trans</span> <span class='ocrx_word' id='word_1_87' title='bbox 335 1373 476 1439; x_wconf 85' lang='lat' dir='ltr'>Tiberim</span> <span class='ocrx_word' id='word_1_88' title='bbox 493 1373 647 1452; x_wconf 87' lang='lat' dir='ltr'>habitare,</span> <span class='ocrx_word' id='word_1_89' title='bbox 667 1384 702 1439; x_wconf 89' lang='lat' dir='ltr'>ut</span> <span class='ocrx_word' id='word_1_90' title='bbox 719 1376 800 1454; x_wconf 87' lang='lat' dir='ltr'>eius,</span> <span class='ocrx_word' id='word_1_91' title='bbox 820 1377 875 1460; x_wconf 92' lang='lat' dir='ltr'>qui</span> <span class='ocrx_word' id='word_1_92' title='bbox 892 1377 937 1441; x_wconf 89' lang='lat' dir='ltr'>cis</span> <span class='ocrx_word' id='word_1_93' title='bbox 955 1376 1096 1443; x_wconf 83' lang='lat' dir='ltr'>Tiberim</span> <span class='ocrx_word' id='word_1_94' title='bbox 1116 1371 1138 1445; x_wconf 78' lang='lat' dir='ltr'>t¹</span> 
     </span>
     <span class='ocr_line' id='line_1_13' title="bbox 86 1467 1098 1558; baseline 0.004 -26"><span class='ocrx_word' id='word_1_95' title='bbox 86 1467 287 1555; x_wconf 87' lang='lat' dir='ltr'>deprehensus</span> <span class='ocrx_word' id='word_1_96' title='bbox 305 1477 402 1547; x_wconf 90' lang='lat' dir='ltr'>esset,</span> <span class='ocrx_word' id='word_1_97' title='bbox 425 1490 526 1553; x_wconf 90' lang='lat' dir='ltr'>usque</span> <span class='ocrx_word' id='word_1_98' title='bbox 544 1470 585 1534; x_wconf 83' lang='lat' dir='ltr'>ad</span> <span class='ocrx_word' id='word_1_99' title='bbox 602 1469 687 1534; x_wconf 89' lang='lat' dir='ltr'>mille</span> <span class='ocrx_word' id='word_1_100' title='bbox 704 1470 809 1556; x_wconf 90' lang='lat' dir='ltr'>pondo</span> <span class='ocrx_word' id='word_1_101' title='bbox 830 1471 990 1558; x_wconf 81' lang='lat' dir='ltr'>clarigatio</span> <span class='ocrx_word' id='word_1_102' title='bbox 1013 1481 1098 1538; x_wconf 88' lang='lat' dir='ltr'>esset</span> 
     </span>
     <span class='ocr_line' id='line_1_14' title="bbox 86 1561 1098 1650; baseline 0.003 -23"><span class='ocrx_word' id='word_1_103' title='bbox 86 1561 231 1649; x_wconf 87' lang='lat' dir='ltr'>ncc&#39;prius</span> <span class='ocrx_word' id='word_1_104' title='bbox 244 1584 340 1647; x_wconf 91' lang='lat' dir='ltr'>quam</span> <span class='ocrx_word' id='word_1_105' title='bbox 352 1585 424 1629; x_wconf 85' lang='lat' dir='ltr'>aare</span> <span class='ocrx_word' id='word_1_106' title='bbox 437 1563 596 1649; x_wconf 88' lang='lat' dir='ltr'>persoluto</span> <span class='ocrx_word' id='word_1_107' title='bbox 608 1564 636 1629; x_wconf 94' lang='lat' dir='ltr'>is</span> <span class='ocrx_word' id='word_1_108' title='bbox 650 1564 705 1648; x_wconf 91' lang='lat' dir='ltr'>qui</span> <span class='ocrx_word' id='word_1_109' title='bbox 718 1565 854 1650; x_wconf 84' lang='lat' dir='ltr'>cepisset</span> <span class='ocrx_word' id='word_1_110' title='bbox 867 1575 955 1631; x_wconf 86' lang='lat' dir='ltr'>extra</span> <span class='ocrx_word' id='word_1_111' title='bbox 971 1566 1098 1632; x_wconf 90' lang='lat' dir='ltr'>vincula</span> 
     </span>
     <span class='ocr_line' id='line_1_15' title="bbox 86 1656 1131 1745; baseline 0.005 -23"><span class='ocrx_word' id='word_1_112' title='bbox 86 1665 199 1743; x_wconf 87' lang='lat' dir='ltr'>captum</span> <span class='ocrx_word' id='word_1_113' title='bbox 211 1656 351 1723; x_wconf 84' lang='lat' dir='ltr'>haberet.</span> <span class='ocrx_word' id='word_1_114' title='bbox 376 1657 534 1744; x_wconf 72' lang='lat' dir='ltr'>inagnum</span> <span class='ocrx_word' id='word_1_115' title='bbox 548 1669 726 1724; x_wconf 82' lang='lat' dir='ltr'>senatorum</span> <span class='ocrx_word' id='word_1_116' title='bbox 740 1659 843 1725; x_wconf 88' lang='lat' dir='ltr'>coloni</span> <span class='ocrx_word' id='word_1_117' title='bbox 859 1661 963 1739; x_wconf 90' lang='lat' dir='ltr'>missi,</span> <span class='ocrx_word' id='word_1_118' title='bbox 981 1660 1096 1745; x_wconf 88' lang='lat' dir='ltr'>quibus</span> <span class='ocrx_word' id='word_1_119' title='bbox 1116 1681 1131 1727; x_wconf 77' lang='lat' dir='ltr'>t</span> 
     </span>
     <span class='ocr_line' id='line_1_16' title="bbox 85 1750 1097 1840; baseline 0.004 -25"><span class='ocrx_word' id='word_1_120' title='bbox 85 1750 237 1837; x_wconf 79' lang='lat' dir='ltr'>adscriptis</span> <span class='ocrx_word' id='word_1_121' title='bbox 251 1751 388 1838; x_wconf 87' lang='lat' dir='ltr'>speciem</span> <span class='ocrx_word' id='word_1_122' title='bbox 401 1752 547 1836; x_wconf 79' lang='lat' dir='ltr'>antiquae</span> <span class='ocrx_word' id='word_1_123' title='bbox 555 1752 747 1836; x_wconf 85' lang='lat' dir='ltr'>frequentiae</span> <span class='ocrx_word' id='word_1_124' title='bbox 756 1752 894 1818; x_wconf 88' lang='lat' dir='ltr'>Velitrae</span> <span class='ocrx_word' id='word_1_125' title='bbox 903 1764 1097 1840; x_wconf 89' lang='lat' dir='ltr'>receperunt.</span> 
     </span>
     <span class='ocr_line' id='line_1_17' title="bbox 85 1844 1131 1934; baseline 0.008 -26"><span class='ocrx_word' id='word_1_126' title='bbox 85 1845 250 1912; x_wconf 87' lang='lat' dir='ltr'>etAntium</span> <span class='ocrx_word' id='word_1_127' title='bbox 267 1869 351 1911; x_wconf 91' lang='lat' dir='ltr'>nova</span> <span class='ocrx_word' id='word_1_128' title='bbox 369 1847 491 1912; x_wconf 89' lang='lat' dir='ltr'>colonia</span> <span class='ocrx_word' id='word_1_129' title='bbox 507 1848 605 1914; x_wconf 85' lang='lat' dir='ltr'>missa</span> <span class='ocrx_word' id='word_1_130' title='bbox 622 1869 695 1913; x_wconf 89' lang='lat' dir='ltr'>cum</span> <span class='ocrx_word' id='word_1_131' title='bbox 713 1868 765 1926; x_wconf 89' lang='lat' dir='ltr'>eo,</span> <span class='ocrx_word' id='word_1_132' title='bbox 783 1859 818 1913; x_wconf 93' lang='lat' dir='ltr'>ut</span> <span class='ocrx_word' id='word_1_133' title='bbox 831 1844 1014 1914; x_wconf 81' lang='lat' dir='ltr'>Antiatibus</span> <span class='ocrx_word' id='word_1_134' title='bbox 1027 1871 1098 1934; x_wconf 85' lang='lat' dir='ltr'>per·</span> <span class='ocrx_word' id='word_1_135' title='bbox 1114 1867 1131 1916; x_wconf 85' lang='lat'><em>8</em></span> 
     </span>
     <span class='ocr_line' id='line_1_18' title="bbox 84 1939 1096 2027; baseline 0.007 -24"><span class='ocrx_word' id='word_1_136' title='bbox 84 1939 259 2020; x_wconf 81' lang='lat' dir='ltr'>mitteretur,</span> <span class='ocrx_word' id='word_1_137' title='bbox 287 1943 315 2006; x_wconf 87' lang='lat' dir='ltr'>si</span> <span class='ocrx_word' id='word_1_138' title='bbox 336 1951 366 2006; x_wconf 89' lang='lat' dir='ltr'>et</span> <span class='ocrx_word' id='word_1_139' title='bbox 388 1942 450 2027; x_wconf 86' lang='lat' dir='ltr'>ipsi</span> <span class='ocrx_word' id='word_1_140' title='bbox 472 1941 608 2008; x_wconf 85' lang='lat' dir='ltr'>adscribi</span> <span class='ocrx_word' id='word_1_141' title='bbox 629 1942 731 2008; x_wconf 87' lang='lat' dir='ltr'>coloni</span> <span class='ocrx_word' id='word_1_142' title='bbox 748 1944 877 2022; x_wconf 85' lang='lat' dir='ltr'>vellent3</span> <span class='ocrx_word' id='word_1_143' title='bbox 904 1965 1001 2010; x_wconf 87' lang='lat' dir='ltr'>naves</span> <span class='ocrx_word' id='word_1_144' title='bbox 1022 1945 1096 2010; x_wconf 90' lang='lat' dir='ltr'>inde</span> 
     </span>
     <span class='ocr_line' id='line_1_19' title="bbox 82 2031 1098 2124; baseline 0.005 -26"><span class='ocrx_word' id='word_1_145' title='bbox 82 2031 185 2122; x_wconf 81' lang='lat' dir='ltr'>longae</span> <span class='ocrx_word' id='word_1_146' title='bbox 202 2035 347 2114; x_wconf 84' lang='lat' dir='ltr'>abactae,</span> <span class='ocrx_word' id='word_1_147' title='bbox 365 2036 626 2121; x_wconf 88' lang='lat' dir='ltr'>interdictumque</span> <span class='ocrx_word' id='word_1_148' title='bbox 639 2037 718 2102; x_wconf 83' lang='lat' dir='ltr'>mari</span> <span class='ocrx_word' id='word_1_149' title='bbox 730 2037 853 2103; x_wconf 89' lang='lat' dir='ltr'>Antiati</span> <span class='ocrx_word' id='word_1_150' title='bbox 865 2039 982 2124; x_wconf 92' lang='lat' dir='ltr'>populo</span> <span class='ocrx_word' id='word_1_151' title='bbox 1001 2048 1049 2105; x_wconf 89' lang='lat' dir='ltr'>est</span> <span class='ocrx_word' id='word_1_152' title='bbox 1066 2048 1098 2104; x_wconf 92' lang='lat' dir='ltr'>et</span> 
     </span>
     <span class='ocr_line' id='line_1_20' title="bbox 83 2127 1130 2220; baseline 0.008 -27"><span class='ocrx_word' id='word_1_153' title='bbox 83 2127 182 2196; x_wconf 81' lang='lat' dir='ltr'>civitas</span> <span class='ocrx_word' id='word_1_154' title='bbox 201 2131 285 2196; x_wconf 87' lang='lat' dir='ltr'>data.</span> <span class='ocrx_word' id='word_1_155' title='bbox 322 2128 469 2196; x_wconf 85' lang='lat' dir='ltr'>Tiburtes</span> <span class='ocrx_word' id='word_1_156' title='bbox 482 2130 742 2215; x_wconf 89' lang='lat' dir='ltr'>Praenestinique</span> <span class='ocrx_word' id='word_1_157' title='bbox 760 2155 836 2220; x_wconf 86' lang='lat' dir='ltr'>agro</span> <span class='ocrx_word' id='word_1_158' title='bbox 854 2134 978 2198; x_wconf 87' lang='lat' dir='ltr'>multati</span> <span class='ocrx_word' id='word_1_159' title='bbox 993 2155 1096 2218; x_wconf 87' lang='lat' dir='ltr'>neque</span> <span class='ocrx_word' id='word_1_160' title='bbox 1116 2155 1130 2203; x_wconf 85' lang='grc'>1</span> 
     </span>
     <span class='ocr_line' id='line_1_21' title="bbox 83 2221 1096 2293; baseline 0.005 -5"><span class='ocrx_word' id='word_1_161' title='bbox 83 2221 119 2290; x_wconf 90' lang='lat' dir='ltr'>ob</span> <span class='ocrx_word' id='word_1_162' title='bbox 136 2245 245 2291; x_wconf 87' lang='lat' dir='ltr'>recens</span> <span class='ocrx_word' id='word_1_163' title='bbox 267 2233 390 2290; x_wconf 84' lang='lat' dir='ltr'>tanturn</span> <span class='ocrx_word' id='word_1_164' title='bbox 411 2224 590 2290; x_wconf 90' lang='lat' dir='ltr'>rebellionis</span> <span class='ocrx_word' id='word_1_165' title='bbox 612 2246 777 2291; x_wconf 90' lang='lat' dir='ltr'>commune</span> <span class='ocrx_word' id='word_1_166' title='bbox 795 2248 867 2291; x_wconf 90' lang='lat' dir='ltr'>cum</span> <span class='ocrx_word' id='word_1_167' title='bbox 885 2228 953 2291; x_wconf 91' lang='lat' dir='ltr'>aliis</span> <span class='ocrx_word' id='word_1_168' title='bbox 970 2229 1096 2293; x_wconf 90' lang='lat' dir='ltr'>Latinis</span> 
     </span>
     <span class='ocr_line' id='line_1_22' title="bbox 81 2318 1098 2407; baseline 0.001 -23"><span class='ocrx_word' id='word_1_169' title='bbox 81 2319 203 2399; x_wconf 79' lang='lat' dir='ltr'>odmen,</span> <span class='ocrx_word' id='word_1_170' title='bbox 223 2319 280 2386; x_wconf 88' lang='lat' dir='ltr'>sed</span> <span class='ocrx_word' id='word_1_171' title='bbox 294 2319 379 2404; x_wconf 92' lang='lat' dir='ltr'>quod</span> <span class='ocrx_word' id='word_1_172' title='bbox 391 2320 494 2385; x_wconf 84' lang='lat' dir='ltr'>taedio</span> <span class='ocrx_word' id='word_1_173' title='bbox 506 2320 629 2405; x_wconf 91' lang='lat' dir='ltr'>imperii</span> <span class='ocrx_word' id='word_1_174' title='bbox 637 2319 773 2385; x_wconf 82' lang='lat' dir='ltr'>Romani</span> <span class='ocrx_word' id='word_1_175' title='bbox 787 2342 859 2385; x_wconf 90' lang='lat' dir='ltr'>cum</span> <span class='ocrx_word' id='word_1_176' title='bbox 869 2318 984 2398; x_wconf 86' lang='lat' dir='ltr'>Gallis,</span> <span class='ocrx_word' id='word_1_177' title='bbox 1003 2332 1098 2407; x_wconf 86' lang='lat' dir='ltr'>gente</span> 
     </span>
     <span class='ocr_line' id='line_1_23' title="bbox 79 2412 1149 2502; baseline 0.003 -24"><span class='ocrx_word' id='word_1_178' title='bbox 79 2412 213 2492; x_wconf 74' lang='grc'>11111111,</span> <span class='ocrx_word' id='word_1_179' title='bbox 232 2437 320 2480; x_wconf 87' lang='lat' dir='ltr'>arma</span> <span class='ocrx_word' id='word_1_180' title='bbox 333 2414 492 2499; x_wconf 90' lang='lat' dir='ltr'>quondam</span> <span class='ocrx_word' id='word_1_181' title='bbox 504 2413 747 2481; x_wconf 80' lang='lat' dir='ltr'>consociassent</span> <span class='ocrx_word' id='word_1_182' title='bbox 778 2413 889 2480; x_wconf 88' lang='lat' dir='ltr'>ceteris</span> <span class='ocrx_word' id='word_1_183' title='bbox 902 2414 1027 2480; x_wconf 84' lang='lat' dir='ltr'>Latinis</span> <span class='ocrx_word' id='word_1_184' title='bbox 1039 2437 1098 2502; x_wconf 91' lang='lat' dir='ltr'>po-</span> <span class='ocrx_word' id='word_1_185' title='bbox 1117 2434 1149 2481; x_wconf 92' lang='lat'>10</span> 
     </span>
     <span class='ocr_line' id='line_1_24' title="bbox 77 2507 1096 2594; baseline -0.001 -21"><span class='ocrx_word' id='word_1_186' title='bbox 77 2507 153 2591; x_wconf 80' lang='lat' dir='ltr'>pulis</span> <span class='ocrx_word' id='word_1_187' title='bbox 167 2507 303 2574; x_wconf 88' lang='lat' dir='ltr'>conubia</span> <span class='ocrx_word' id='word_1_188' title='bbox 316 2509 564 2594; x_wconf 88' lang='lat' dir='ltr'>commerciaque</span> <span class='ocrx_word' id='word_1_189' title='bbox 579 2517 610 2574; x_wconf 88' lang='lat' dir='ltr'>et</span> <span class='ocrx_word' id='word_1_190' title='bbox 622 2509 753 2575; x_wconf 88' lang='lat' dir='ltr'>concilia</span> <span class='ocrx_word' id='word_1_191' title='bbox 764 2508 846 2573; x_wconf 83' lang='lat' dir='ltr'>inter</span> <span class='ocrx_word' id='word_1_192' title='bbox 860 2531 894 2574; x_wconf 87' lang='lat' dir='ltr'>se</span> <span class='ocrx_word' id='word_1_193' title='bbox 904 2509 1096 2594; x_wconf 86' lang='lat' dir='ltr'>ademerunt.</span> 
     </span>
     <span class='ocr_line' id='line_1_25' title="bbox 81 2598 1099 2690; baseline 0 -22"><span class='ocrx_word' id='word_1_194' title='bbox 81 2598 260 2690; x_wconf 78' lang='lat' dir='ltr'>Campanis,</span> <span class='ocrx_word' id='word_1_195' title='bbox 283 2605 424 2687; x_wconf 86' lang='lat' dir='ltr'>equitum</span> <span class='ocrx_word' id='word_1_196' title='bbox 445 2604 571 2670; x_wconf 90' lang='lat' dir='ltr'>honoris</span> <span class='ocrx_word' id='word_1_197' title='bbox 593 2625 701 2684; x_wconf 82' lang='lat' dir='ltr'>causa,</span> <span class='ocrx_word' id='word_1_198' title='bbox 725 2604 799 2688; x_wconf 89' lang='lat' dir='ltr'>quia</span> <span class='ocrx_word' id='word_1_199' title='bbox 816 2624 889 2668; x_wconf 91' lang='lat' dir='ltr'>cum</span> <span class='ocrx_word' id='word_1_200' title='bbox 906 2603 1031 2669; x_wconf 87' lang='lat' dir='ltr'>Latinis</span> <span class='ocrx_word' id='word_1_201' title='bbox 1049 2626 1099 2668; x_wconf 90' lang='lat' dir='ltr'>re·</span> 
     </span>
     <span class='ocr_line' id='line_1_26' title="bbox 77 2692 1182 2784; baseline 0.001 -22"><span class='ocrx_word' id='word_1_202' title='bbox 77 2692 189 2764; x_wconf 84' lang='lat' dir='ltr'>bellare</span> <span class='ocrx_word' id='word_1_203' title='bbox 210 2697 399 2778; x_wconf 88' lang='lat' dir='ltr'>noluissent,</span> <span class='ocrx_word' id='word_1_204' title='bbox 421 2697 645 2783; x_wconf 82' lang='lat' dir='ltr'>Fundanisque</span> <span class='ocrx_word' id='word_1_205' title='bbox 668 2708 699 2764; x_wconf 90' lang='lat' dir='ltr'>et</span> <span class='ocrx_word' id='word_1_206' title='bbox 716 2697 908 2777; x_wconf 84' lang='lat' dir='ltr'>Formianis,</span> <span class='ocrx_word' id='word_1_207' title='bbox 935 2700 1021 2783; x_wconf 92' lang='lat' dir='ltr'>quod</span> <span class='ocrx_word' id='word_1_208' title='bbox 1041 2720 1098 2784; x_wconf 89' lang='lat' dir='ltr'>per</span> <span class='ocrx_word' id='word_1_209' title='bbox 1176 2733 1182 2747; x_wconf 92' lang='lat'><strong>·</strong></span> 
     </span>
     <span class='ocr_line' id='line_1_27' title="bbox 77 2791 1097 2880; baseline 0.001 -22"><span class='ocrx_word' id='word_1_210' title='bbox 77 2791 143 2858; x_wconf 83' lang='lat' dir='ltr'>linis</span> <span class='ocrx_word' id='word_1_211' title='bbox 159 2815 270 2859; x_wconf 89' lang='lat' dir='ltr'>eorum</span> <span class='ocrx_word' id='word_1_212' title='bbox 287 2802 355 2859; x_wconf 87' lang='lat' dir='ltr'>tuta</span> <span class='ocrx_word' id='word_1_213' title='bbox 371 2804 544 2879; x_wconf 88' lang='lat' dir='ltr'>pacataque</span> <span class='ocrx_word' id='word_1_214' title='bbox 560 2816 683 2880; x_wconf 88' lang='lat' dir='ltr'>semper</span> <span class='ocrx_word' id='word_1_215' title='bbox 694 2794 808 2868; x_wconf 69' lang='lat' dir='ltr'>fixisset</span> <span class='ocrx_word' id='word_1_216' title='bbox 820 2795 886 2873; x_wconf 88' lang='lat' dir='ltr'>via,</span> <span class='ocrx_word' id='word_1_217' title='bbox 905 2794 1015 2860; x_wconf 82' lang='lat' dir='ltr'>civitas</span> <span class='ocrx_word' id='word_1_218' title='bbox 1029 2794 1097 2859; x_wconf 87' lang='lat' dir='ltr'>sinc</span> 
     </span>
     <span class='ocr_line' id='line_1_28' title="bbox 77 2887 1146 2975; baseline 0.002 -22"><span class='ocrx_word' id='word_1_219' title='bbox 77 2887 226 2975; x_wconf 79' lang='lat' dir='ltr'>srrffragio</span> <span class='ocrx_word' id='word_1_220' title='bbox 247 2889 329 2972; x_wconf 80' lang='lat' dir='ltr'>data</span> <span class='ocrx_word' id='word_1_221' title='bbox 375 2887 536 2955; x_wconf 87' lang='lat' dir='ltr'>Cumanos</span> <span class='ocrx_word' id='word_1_222' title='bbox 557 2887 830 2973; x_wconf 84' lang='lat' dir='ltr'>Suessulanosque</span> <span class='ocrx_word' id='word_1_223' title='bbox 853 2888 996 2954; x_wconf 87' lang='lat' dir='ltr'>eiusdem</span> <span class='ocrx_word' id='word_1_224' title='bbox 1018 2888 1095 2952; x_wconf 88' lang='lat' dir='ltr'>iuris</span> <span class='ocrx_word' id='word_1_225' title='bbox 1115 2908 1146 2955; x_wconf 95' lang='grc'>11</span> 
     </span>
     <span class='ocr_line' id='line_1_29' title="bbox 77 2981 1148 3068; baseline 0.002 -21"><span class='ocrx_word' id='word_1_226' title='bbox 77 2981 340 3066; x_wconf 74' lang='lat' dir='ltr'>condicionisque,</span> <span class='ocrx_word' id='word_1_227' title='bbox 362 2983 452 3048; x_wconf 91' lang='lat' dir='ltr'>cuius</span> <span class='ocrx_word' id='word_1_228' title='bbox 472 2982 629 3068; x_wconf 84' lang='lat' dir='ltr'>Capuam,</span> <span class='ocrx_word' id='word_1_229' title='bbox 653 3005 724 3048; x_wconf 88' lang='lat' dir='ltr'>esse</span> <span class='ocrx_word' id='word_1_230' title='bbox 740 2982 868 3068; x_wconf 87' lang='lat' dir='ltr'>placuit.</span> <span class='ocrx_word' id='word_1_231' title='bbox 911 3003 1009 3048; x_wconf 88' lang='lat' dir='ltr'>naves</span> <span class='ocrx_word' id='word_1_232' title='bbox 1027 2981 1098 3046; x_wconf 91' lang='lat' dir='ltr'>An-</span> <span class='ocrx_word' id='word_1_233' title='bbox 1116 3001 1148 3049; x_wconf 77' lang='lat'>12</span> 
     </span>
     <span class='ocr_line' id='line_1_30' title="bbox 77 3074 1099 3168; baseline -0.001 -27"><span class='ocrx_word' id='word_1_234' title='bbox 77 3074 196 3168; x_wconf 77' lang='lat' dir='ltr'>datium</span> <span class='ocrx_word' id='word_1_235' title='bbox 217 3076 392 3162; x_wconf 84' lang='lat' dir='ltr'>partimin</span> <span class='ocrx_word' id='word_1_236' title='bbox 417 3077 541 3143; x_wconf 86' lang='lat' dir='ltr'>navalia</span> <span class='ocrx_word' id='word_1_237' title='bbox 566 3076 687 3145; x_wconf 83' lang='lat' dir='ltr'>Romae</span> <span class='ocrx_word' id='word_1_238' title='bbox 714 3077 887 3142; x_wconf 84' lang='lat' dir='ltr'>subductae</span> <span class='ocrx_word' id='word_1_239' title='bbox 911 3076 1026 3161; x_wconf 84' lang='lat' dir='ltr'>partim</span> <span class='ocrx_word' id='word_1_240' title='bbox 1050 3075 1099 3140; x_wconf 89' lang='lat' dir='ltr'>in-</span> 
     </span>
     <span class='ocr_line' id='line_1_31' title="bbox 77 3171 1098 3259; baseline -0.008 -19"><span class='ocrx_word' id='word_1_241' title='bbox 77 3191 194 3252; x_wconf 64' lang='lat' dir='ltr'>aenne,</span> <span class='ocrx_word' id='word_1_242' title='bbox 210 3172 517 3257; x_wconf 77' lang='lat' dir='ltr'>rostrisqueearum</span> <span class='ocrx_word' id='word_1_243' title='bbox 543 3183 730 3259; x_wconf 84' lang='lat' dir='ltr'>suggestum</span> <span class='ocrx_word' id='word_1_244' title='bbox 754 3172 788 3237; x_wconf 93' lang='lat' dir='ltr'>in</span> <span class='ocrx_word' id='word_1_245' title='bbox 812 3171 882 3237; x_wconf 83' lang='lat' dir='ltr'>foro</span> <span class='ocrx_word' id='word_1_246' title='bbox 904 3178 1098 3236; x_wconf 87' lang='lat' dir='ltr'>exstructum</span> 
     </span>
     <span class='ocr_line' id='line_1_32' title="bbox 77 3265 984 3354; baseline -0.004 -21"><span class='ocrx_word' id='word_1_247' title='bbox 77 3265 218 3334; x_wconf 65' lang='lat' dir='ltr'>adomari</span> <span class='ocrx_word' id='word_1_248' title='bbox 233 3267 367 3354; x_wconf 84' lang='lat' dir='ltr'>placuit,</span> <span class='ocrx_word' id='word_1_249' title='bbox 384 3275 546 3352; x_wconf 87' lang='lat' dir='ltr'>rostraque</span> <span class='ocrx_word' id='word_1_250' title='bbox 563 3267 598 3333; x_wconf 91' lang='lat' dir='ltr'>id</span> <span class='ocrx_word' id='word_1_251' title='bbox 614 3268 767 3353; x_wconf 89' lang='lat' dir='ltr'>templum</span> <span class='ocrx_word' id='word_1_252' title='bbox 783 3266 984 3352; x_wconf 87' lang='lat' dir='ltr'>appellatum.</span> 
     </span>
    </p>

    <p class='ocr_par' dir='ltr' id='par_1_4' title="bbox 77 3357 1238 4112">
     <span class='ocr_line' id='line_1_33' title="bbox 132 3357 1130 3449; baseline -0.004 -19"><span class='ocrx_word' id='word_1_253' title='bbox 132 3359 214 3431; x_wconf 89' lang='lat' dir='ltr'>XV.</span> <span class='ocrx_word' id='word_1_254' title='bbox 259 3357 300 3429; x_wconf 77' lang='lat'>0·</span> <span class='ocrx_word' id='word_1_255' title='bbox 319 3359 460 3449; x_wconf 85' lang='lat' dir='ltr'>Sulpicio</span> <span class='ocrx_word' id='word_1_256' title='bbox 477 3363 608 3449; x_wconf 84' lang='lat' dir='ltr'>Longo,</span> <span class='ocrx_word' id='word_1_257' title='bbox 630 3362 668 3427; x_wconf 89' lang='lat' dir='ltr'>P.</span> <span class='ocrx_word' id='word_1_258' title='bbox 687 3360 781 3427; x_wconf 87' lang='lat' dir='ltr'>Aelio</span> <span class='ocrx_word' id='word_1_259' title='bbox 797 3360 897 3426; x_wconf 86' lang='lat' dir='ltr'>Paeto</span> <span class='ocrx_word' id='word_1_260' title='bbox 914 3359 1097 3427; x_wconf 88' lang='lat' dir='ltr'>consulibus</span> <span class='ocrx_word' id='word_1_261' title='bbox 1117 3380 1130 3426; x_wconf 93' lang='lat'>1</span> 
     </span>
     <span class='ocr_line' id='line_1_34' title="bbox 77 3455 1099 3543; baseline -0.004 -19"><span class='ocrx_word' id='word_1_262' title='bbox 77 3479 142 3524; x_wconf 77' lang='lat' dir='ltr'>mm</span> <span class='ocrx_word' id='word_1_263' title='bbox 155 3455 264 3524; x_wconf 88' lang='lat' dir='ltr'>omnia</span> <span class='ocrx_word' id='word_1_264' title='bbox 275 3479 340 3523; x_wconf 88' lang='lat' dir='ltr'>non</span> <span class='ocrx_word' id='word_1_265' title='bbox 352 3477 429 3543; x_wconf 89' lang='lat' dir='ltr'>opes</span> <span class='ocrx_word' id='word_1_266' title='bbox 442 3456 545 3543; x_wconf 84' lang='lat' dir='ltr'>magis</span> <span class='ocrx_word' id='word_1_267' title='bbox 554 3456 717 3522; x_wconf 88' lang='lat' dir='ltr'>Romanae</span> <span class='ocrx_word' id='word_1_268' title='bbox 730 3477 825 3540; x_wconf 90' lang='lat' dir='ltr'>quam</span> <span class='ocrx_word' id='word_1_269' title='bbox 837 3455 999 3522; x_wconf 88' lang='lat' dir='ltr'>beneficiis</span> <span class='ocrx_word' id='word_1_270' title='bbox 1007 3464 1099 3542; x_wconf 85' lang='lat' dir='ltr'>parta</span> 
     </span>
     <span class='ocr_line' id='line_1_35' title="bbox 77 3549 1098 3642; baseline -0.004 -23"><span class='ocrx_word' id='word_1_271' title='bbox 77 3551 172 3642; x_wconf 71' lang='lat' dir='ltr'>gratis</span> <span class='ocrx_word' id='word_1_272' title='bbox 192 3550 279 3619; x_wconf 83' lang='lat' dir='ltr'>bona</span> <span class='ocrx_word' id='word_1_273' title='bbox 298 3573 379 3638; x_wconf 80' lang='lat' dir='ltr'>pace</span> <span class='ocrx_word' id='word_1_274' title='bbox 399 3551 565 3630; x_wconf 86' lang='lat' dir='ltr'>obtineret,</span> <span class='ocrx_word' id='word_1_275' title='bbox 591 3552 672 3617; x_wconf 85' lang='lat' dir='ltr'>inter</span> <span class='ocrx_word' id='word_1_276' title='bbox 689 3549 847 3618; x_wconf 87' lang='lat' dir='ltr'>Sidicinos</span> <span class='ocrx_word' id='word_1_277' title='bbox 864 3549 1098 3635; x_wconf 86' lang='lat' dir='ltr'>Auruncosque</span> 
     </span>
     <span class='ocr_line' id='line_1_36' title="bbox 77 3646 1130 3716; baseline -0.007 0"><span class='ocrx_word' id='word_1_278' title='bbox 77 3648 189 3716; x_wconf 72' lang='lat' dir='ltr'>tellum</span> <span class='ocrx_word' id='word_1_279' title='bbox 206 3656 319 3715; x_wconf 87' lang='lat' dir='ltr'>ortum.</span> <span class='ocrx_word' id='word_1_280' title='bbox 353 3646 499 3715; x_wconf 82' lang='lat' dir='ltr'>Aurunci</span> <span class='ocrx_word' id='word_1_281' title='bbox 515 3648 555 3715; x_wconf 87' lang='lat' dir='ltr'>T.</span> <span class='ocrx_word' id='word_1_282' title='bbox 573 3646 694 3714; x_wconf 92' lang='lat' dir='ltr'>Manlio</span> <span class='ocrx_word' id='word_1_283' title='bbox 712 3648 890 3714; x_wconf 88' lang='lat' dir='ltr'>consulein</span> <span class='ocrx_word' id='word_1_284' title='bbox 908 3647 1098 3713; x_wconf 87' lang='lat' dir='ltr'>deditionem</span> <span class='ocrx_word' id='word_1_285' title='bbox 1115 3662 1130 3708; x_wconf 83' lang='lat' dir='ltr'>a</span> 
     </span>
     <span class='ocr_line' id='line_1_37' title="bbox 77 3740 1098 3830; baseline -0.005 -20"><span class='ocrx_word' id='word_1_286' title='bbox 77 3742 192 3830; x_wconf 69' lang='lat' dir='ltr'>ccepti</span> <span class='ocrx_word' id='word_1_287' title='bbox 208 3741 288 3809; x_wconf 88' lang='lat' dir='ltr'>nihil</span> <span class='ocrx_word' id='word_1_288' title='bbox 303 3742 378 3809; x_wconf 87' lang='lat' dir='ltr'>inde</span> <span class='ocrx_word' id='word_1_289' title='bbox 393 3753 570 3810; x_wconf 73' lang='lat' dir='ltr'>moverantz</span> <span class='ocrx_word' id='word_1_290' title='bbox 597 3765 635 3809; x_wconf 91' lang='grc' dir='ltr'>1ο</span> <span class='ocrx_word' id='word_1_291' title='bbox 651 3742 779 3829; x_wconf 89' lang='lat' dir='ltr'>petendi</span> <span class='ocrx_word' id='word_1_292' title='bbox 795 3742 904 3808; x_wconf 86' lang='lat' dir='ltr'>auxilii</span> <span class='ocrx_word' id='word_1_293' title='bbox 921 3740 962 3808; x_wconf 85' lang='lat' dir='ltr'>ab</span> <span class='ocrx_word' id='word_1_294' title='bbox 979 3741 1098 3807; x_wconf 85' lang='lat' dir='ltr'>Roma-</span> 
     </span>
     <span class='ocr_line' id='line_1_38' title="bbox 77 3832 1238 3923; baseline -0.008 -19"><span class='ocrx_word' id='word_1_295' title='bbox 77 3839 116 3904; x_wconf 72' lang='lat' dir='ltr'>iia</span> <span class='ocrx_word' id='word_1_296' title='bbox 139 3858 241 3904; x_wconf 78' lang='lat' dir='ltr'>eausa</span> <span class='ocrx_word' id='word_1_297' title='bbox 260 3836 372 3905; x_wconf 80' lang='lat' dir='ltr'>iustior</span> <span class='ocrx_word' id='word_1_298' title='bbox 390 3836 461 3903; x_wconf 84' lang='lat' dir='ltr'>fuit</span> <span class='ocrx_word' id='word_1_299' title='bbox 498 3838 555 3904; x_wconf 92' lang='lat' dir='ltr'>sed</span> <span class='ocrx_word' id='word_1_300' title='bbox 575 3838 759 3923; x_wconf 83' lang='lat' dir='ltr'>priusquam</span> <span class='ocrx_word' id='word_1_301' title='bbox 780 3836 925 3904; x_wconf 78' lang='lat' dir='ltr'>consides</span> <span class='ocrx_word' id='word_1_302' title='bbox 951 3834 992 3901; x_wconf 89' lang='lat' dir='ltr'>ab</span> <span class='ocrx_word' id='word_1_303' title='bbox 1017 3832 1130 3898; x_wconf 81' lang='lat' dir='ltr'>urbes</span> <span class='ocrx_word' id='word_1_304' title='bbox 1235 3872 1238 3877; x_wconf 91' lang='lat'><em>-</em></span> 
     </span>
     <span class='ocr_line' id='line_1_39' title="bbox 77 3925 1097 4002; baseline -0.009 -4"><span class='ocrx_word' id='word_1_305' title='bbox 77 3968 109 3983; x_wconf 93' lang='lat'>·-</span> <span class='ocrx_word' id='word_1_306' title='bbox 129 3930 272 3999; x_wconf 75' lang='lat' dir='ltr'>iusserat</span> <span class='ocrx_word' id='word_1_307' title='bbox 286 3925 373 4002; x_wconf 81' lang='lat' dir='ltr'>enlm</span> <span class='ocrx_word' id='word_1_308' title='bbox 389 3940 518 3998; x_wconf 82' lang='lat' dir='ltr'>senatus</span> <span class='ocrx_word' id='word_1_309' title='bbox 535 3931 663 3998; x_wconf 88' lang='lat' dir='ltr'>defendi</span> <span class='ocrx_word' id='word_1_310' title='bbox 679 3933 849 3998; x_wconf 82' lang='lat' dir='ltr'>Auruncos</span> <span class='ocrx_word' id='word_1_311' title='bbox 865 3967 908 3980; x_wconf 94' lang='lat'><em>-</em></span> <span class='ocrx_word' id='word_1_312' title='bbox 925 3925 1097 3995; x_wconf 76' lang='lat' dir='ltr'>examitum</span> 
     </span>
     <span class='ocr_line' id='line_1_40' title="bbox 77 4018 1131 4112; baseline -0.007 -19"><span class='ocrx_word' id='word_1_313' title='bbox 77 4026 254 4106; x_wconf 85' lang='lat' dir='ltr'>ducerent,</span> <span class='ocrx_word' id='word_1_314' title='bbox 277 4025 364 4098; x_wconf 76' lang='lat' dir='ltr'>falna</span> <span class='ocrx_word' id='word_1_315' title='bbox 379 4026 529 4106; x_wconf 81' lang='lat' dir='ltr'>adfertur,</span> <span class='ocrx_word' id='word_1_316' title='bbox 548 4025 716 4093; x_wconf 89' lang='lat' dir='ltr'>Auruncos</span> <span class='ocrx_word' id='word_1_317' title='bbox 734 4034 821 4092; x_wconf 86' lang='lat' dir='ltr'>metu</span> <span class='ocrx_word' id='word_1_318' title='bbox 837 4022 987 4112; x_wconf 88' lang='lat' dir='ltr'>oppidum</span> <span class='ocrx_word' id='word_1_319' title='bbox 1004 4018 1097 4087; x_wconf 87' lang='lat' dir='ltr'>dese·</span> <span class='ocrx_word' id='word_1_320' title='bbox 1113 4039 1131 4086; x_wconf 87' lang='lat'>4</span> 
     </span>
    </p>
   </div>
   <div class='ocr_carea' id='block_1_4' title="bbox 0 0 1288 4524">
    <p class='ocr_par' dir='ltr' id='par_1_5' title="bbox 0 0 1288 4524">
     <span class='ocr_line' id='line_1_41' title="bbox 0 0 1288 4524; baseline 0 1"><span class='ocrx_word' id='word_1_321' title='bbox 0 0 1288 4524; x_wconf 95' lang='lat' dir='ltr'> </span> 
     </span>
    </p>
   </div>
  </div>
 </body>
</html>
