<?xml version="1.0" encoding="UTF-8"?>
<!DOCTYPE html PUBLIC "-//W3C//DTD XHTML 1.0 Transitional//EN"
    "http://www.w3.org/TR/xhtml1/DTD/xhtml1-transitional.dtd">
<html xmlns="http://www.w3.org/1999/xhtml" xml:lang="en" lang="en">
 <head>
  <title>
</title>
<meta http-equiv="Content-Type" content="text/html;charset=utf-8" />
  <meta name='ocr-system' content='tesseract 3.04.00' />
  <meta name='ocr-capabilities' content='ocr_page ocr_carea ocr_par ocr_line ocrx_word'/>
</head>
<body>
  <div class='ocr_page' id='page_1' title='image "./titiliviaburbec01weisgoog_0306.png"; bbox 0 0 2566 4524; ppageno 0'>
   <div class='ocr_carea' id='block_1_1' title="bbox 351 267 1118 348">
    <p class='ocr_par' dir='ltr' id='par_1_1' title="bbox 351 267 1118 348">
     <span class='ocr_line' id='line_1_1' title="bbox 351 267 1118 348; baseline 0 -15"><span class='ocrx_word' id='word_1_1' title='bbox 351 275 472 333; x_wconf 83' lang='lat' dir='ltr'>uuuuu</span> <span class='ocrx_word' id='word_1_2' title='bbox 486 275 562 347; x_wconf 90' lang='lat'>1111,</span> <span class='ocrx_word' id='word_1_3' title='bbox 580 276 624 333; x_wconf 79' lang='lat' dir='ltr'>au.</span> <span class='ocrx_word' id='word_1_4' title='bbox 637 277 683 331; x_wconf 80' lang='lat' dir='ltr'>aa</span> <span class='ocrx_word' id='word_1_5' title='bbox 702 275 856 348; x_wconf 59' lang='lat' dir='ltr'>[aaut]</span> <span class='ocrx_word' id='word_1_6' title='bbox 1053 267 1118 333; x_wconf 79' lang='lat'>219</span> 
     </span>
    </p>
   </div>
   <div class='ocr_carea' id='block_1_2' title="bbox 77 432 1171 4106">
    <p class='ocr_par' dir='ltr' id='par_1_2' title="bbox 77 432 1171 3444">
     <span class='ocr_line' id='line_1_2' title="bbox 107 432 1121 520; baseline -0.005 -18"><span class='ocrx_word' id='word_1_7' title='bbox 107 434 282 502; x_wconf 89' lang='lat' dir='ltr'>munimenta</span> <span class='ocrx_word' id='word_1_8' title='bbox 298 432 459 519; x_wconf 77' lang='lat' dir='ltr'>planitiem</span> <span class='ocrx_word' id='word_1_9' title='bbox 474 433 509 498; x_wconf 94' lang='lat' dir='ltr'>in</span> <span class='ocrx_word' id='word_1_10' title='bbox 524 433 709 500; x_wconf 88' lang='lat' dir='ltr'>medionon</span> <span class='ocrx_word' id='word_1_11' title='bbox 725 435 831 520; x_wconf 87' lang='lat' dir='ltr'>parvis</span> <span class='ocrx_word' id='word_1_12' title='bbox 848 436 943 502; x_wconf 92' lang='lat' dir='ltr'>modo</span> <span class='ocrx_word' id='word_1_13' title='bbox 961 437 1121 504; x_wconf 69' lang='lat' dir='ltr'>meursio-</span> 
     </span>
     <span class='ocr_line' id='line_1_3' title="bbox 105 527 1118 615; baseline 0.002 -19"><span class='ocrx_word' id='word_1_14' title='bbox 105 530 181 596; x_wconf 80' lang='lat' dir='ltr'><strong>nibus</strong></span> <span class='ocrx_word' id='word_1_15' title='bbox 201 528 244 593; x_wconf 87' lang='lat' dir='ltr'>ad</span> <span class='ocrx_word' id='word_1_16' title='bbox 260 527 394 613; x_wconf 87' lang='lat' dir='ltr'>proelia,</span> <span class='ocrx_word' id='word_1_17' title='bbox 417 528 475 592; x_wconf 92' lang='lat' dir='ltr'>sed</span> <span class='ocrx_word' id='word_1_18' title='bbox 495 528 548 593; x_wconf 84' lang='lat' dir='ltr'>vel</span> <span class='ocrx_word' id='word_1_19' title='bbox 568 529 610 592; x_wconf 92' lang='lat' dir='ltr'>ad</span> <span class='ocrx_word' id='word_1_20' title='bbox 631 528 833 615; x_wconf 86' lang='lat' dir='ltr'>explicandas</span> <span class='ocrx_word' id='word_1_21' title='bbox 855 531 1012 615; x_wconf 83' lang='lat' dir='ltr'><strong>utrimque</strong></span> <span class='ocrx_word' id='word_1_22' title='bbox 1033 532 1118 598; x_wconf 84' lang='lat' dir='ltr'>acies</span> 
     </span>
     <span class='ocr_line' id='line_1_4' title="bbox 96 621 1154 710; baseline 0.004 -20"><span class='ocrx_word' id='word_1_23' title='bbox 96 626 167 692; x_wconf 82' lang='lat' dir='ltr'>sctis</span> <span class='ocrx_word' id='word_1_24' title='bbox 182 634 343 710; x_wconf 85' lang='lat' dir='ltr'>patentem</span> <span class='ocrx_word' id='word_1_25' title='bbox 359 621 528 688; x_wconf 85' lang='lat' dir='ltr'>habebant.</span> <span class='ocrx_word' id='word_1_26' title='bbox 563 645 623 688; x_wconf 88' lang='lat' dir='ltr'>neo</span> <span class='ocrx_word' id='word_1_27' title='bbox 643 645 684 688; x_wconf 86' lang='lat' dir='ltr'>ex</span> <span class='ocrx_word' id='word_1_28' title='bbox 705 644 768 707; x_wconf 94' lang='lat' dir='ltr'>quo</span> <span class='ocrx_word' id='word_1_29' title='bbox 790 626 901 690; x_wconf 86' lang='lat' dir='ltr'>castris</span> <span class='ocrx_word' id='word_1_30' title='bbox 923 636 1028 692; x_wconf 85' lang='lat' dir='ltr'>castra</span> <span class='ocrx_word' id='word_1_31' title='bbox 1044 647 1154 696; x_wconf 81' lang='lat' dir='ltr'>con-c</span> 
     </span>
     <span class='ocr_line' id='line_1_5' title="bbox 77 715 1120 807; baseline 0.001 -22"><span class='ocrx_word' id='word_1_32' title='bbox 77 717 158 785; x_wconf 77' lang='lat' dir='ltr'>&#39;ua</span> <span class='ocrx_word' id='word_1_33' title='bbox 176 728 248 784; x_wconf 78' lang='lat' dir='ltr'>sunt</span> <span class='ocrx_word' id='word_1_34' title='bbox 269 728 429 783; x_wconf 77' lang='lat' dir='ltr'>cessatum</span> <span class='ocrx_word' id='word_1_35' title='bbox 448 741 470 781; x_wconf 77' lang='lat' dir='ltr'>a</span> <span class='ocrx_word' id='word_1_36' title='bbox 489 715 613 783; x_wconf 77' lang='lat' dir='ltr'>levibus</span> <span class='ocrx_word' id='word_1_37' title='bbox 633 717 760 804; x_wconf 76' lang='lat' dir='ltr'>proeliis</span> <span class='ocrx_word' id='word_1_38' title='bbox 778 729 840 797; x_wconf 80' lang='lat' dir='ltr'>est,</span> <span class='ocrx_word' id='word_1_39' title='bbox 867 719 961 786; x_wconf 78' lang='lat' dir='ltr'>facile</span> <span class='ocrx_word' id='word_1_40' title='bbox 981 721 1120 807; x_wconf 77' lang='lat' dir='ltr'>patiente</span> 
     </span>
     <span class='ocr_line' id='line_1_6' title="bbox 104 811 1121 903; baseline 0.003 -26"><span class='ocrx_word' id='word_1_41' title='bbox 104 813 249 890; x_wconf 77' lang='lat' dir='ltr'>dictatore,</span> <span class='ocrx_word' id='word_1_42' title='bbox 268 811 458 877; x_wconf 81' lang='lat' dir='ltr'>conferendo</span> <span class='ocrx_word' id='word_1_43' title='bbox 474 812 558 876; x_wconf 84' lang='lat' dir='ltr'>vires</span> <span class='ocrx_word' id='word_1_44' title='bbox 576 833 666 896; x_wconf 90' lang='lat' dir='ltr'>spem</span> <span class='ocrx_word' id='word_1_45' title='bbox 678 811 845 878; x_wconf 87' lang='lat' dir='ltr'>universae</span> <span class='ocrx_word' id='word_1_46' title='bbox 856 815 1006 880; x_wconf 86' lang='lat' dir='ltr'>victoriae</span> <span class='ocrx_word' id='word_1_47' title='bbox 1018 825 1121 903; x_wconf 89' lang='lat' dir='ltr'>temp-</span> 
     </span>
     <span class='ocr_line' id='line_1_7' title="bbox 104 905 1152 994; baseline 0.006 -22"><span class='ocrx_word' id='word_1_48' title='bbox 104 916 155 972; x_wconf 81' lang='lat' dir='ltr'>tato</span> <span class='ocrx_word' id='word_1_49' title='bbox 170 905 323 992; x_wconf 87' lang='lat' dir='ltr'>paulatim</span> <span class='ocrx_word' id='word_1_50' title='bbox 340 915 455 970; x_wconf 87' lang='lat' dir='ltr'>eventu</span> <span class='ocrx_word' id='word_1_51' title='bbox 471 906 678 970; x_wconf 87' lang='lat' dir='ltr'>certaminum</span> <span class='ocrx_word' id='word_1_52' title='bbox 696 928 771 972; x_wconf 87' lang='lat' dir='ltr'>suos</span> <span class='ocrx_word' id='word_1_53' title='bbox 787 908 977 994; x_wconf 78' lang='lat' dir='ltr'>praecipere.</span> <span class='ocrx_word' id='word_1_54' title='bbox 1012 909 1119 994; x_wconf 86' lang='lat' dir='ltr'>itaque</span> <span class='ocrx_word' id='word_1_55' title='bbox 1136 931 1152 979; x_wconf 83' lang='lat' dir='ltr'>o</span> 
     </span>
     <span class='ocr_line' id='line_1_8' title="bbox 103 999 1119 1086; baseline 0.001 -19"><span class='ocrx_word' id='word_1_56' title='bbox 103 1000 209 1078; x_wconf 89' lang='lat' dir='ltr'>bostes,</span> <span class='ocrx_word' id='word_1_57' title='bbox 227 999 316 1064; x_wconf 86' lang='lat' dir='ltr'>nulla</span> <span class='ocrx_word' id='word_1_58' title='bbox 332 999 366 1063; x_wconf 93' lang='lat' dir='ltr'>in</span> <span class='ocrx_word' id='word_1_59' title='bbox 381 999 500 1085; x_wconf 91' lang='lat' dir='ltr'>proelio</span> <span class='ocrx_word' id='word_1_60' title='bbox 517 1001 600 1064; x_wconf 87' lang='lat' dir='ltr'>iusto</span> <span class='ocrx_word' id='word_1_61' title='bbox 616 999 726 1064; x_wconf 88' lang='lat' dir='ltr'>relicta</span> <span class='ocrx_word' id='word_1_62' title='bbox 742 1023 813 1086; x_wconf 90' lang='lat' dir='ltr'>spe,</span> <span class='ocrx_word' id='word_1_63' title='bbox 837 1013 932 1066; x_wconf 89' lang='lat' dir='ltr'>noctu</span> <span class='ocrx_word' id='word_1_64' title='bbox 949 1001 1050 1067; x_wconf 89' lang='lat' dir='ltr'>adorti</span> <span class='ocrx_word' id='word_1_65' title='bbox 1067 1025 1119 1068; x_wconf 86' lang='lat' dir='ltr'>oa-</span> 
     </span>
     <span class='ocr_line' id='line_1_9' title="bbox 103 1093 1117 1180; baseline 0 -20"><span class='ocrx_word' id='word_1_66' title='bbox 103 1105 156 1160; x_wconf 86' lang='lat' dir='ltr'>stra</span> <span class='ocrx_word' id='word_1_67' title='bbox 171 1093 309 1159; x_wconf 90' lang='lat' dir='ltr'>consulis</span> <span class='ocrx_word' id='word_1_68' title='bbox 325 1115 395 1158; x_wconf 88' lang='lat' dir='ltr'>rem</span> <span class='ocrx_word' id='word_1_69' title='bbox 410 1093 445 1157; x_wconf 92' lang='lat' dir='ltr'>in</span> <span class='ocrx_word' id='word_1_70' title='bbox 461 1115 571 1158; x_wconf 86' lang='lat' dir='ltr'>casum</span> <span class='ocrx_word' id='word_1_71' title='bbox 593 1094 737 1180; x_wconf 90' lang='lat' dir='ltr'>ancipitis</span> <span class='ocrx_word' id='word_1_72' title='bbox 761 1105 891 1160; x_wconf 73' lang='lat' dir='ltr'>eventus</span> <span class='ocrx_word' id='word_1_73' title='bbox 910 1095 1117 1160; x_wconf 72' lang='lat' dir='ltr'>committrmt.</span> 
     </span>
     <span class='ocr_line' id='line_1_10' title="bbox 104 1187 1119 1274; baseline -0.003 -19"><span class='ocrx_word' id='word_1_74' title='bbox 104 1188 207 1255; x_wconf 83' lang='lat' dir='ltr'>clamor</span> <span class='ocrx_word' id='word_1_75' title='bbox 223 1187 329 1253; x_wconf 90' lang='lat' dir='ltr'>subito</span> <span class='ocrx_word' id='word_1_76' title='bbox 346 1198 434 1254; x_wconf 89' lang='lat' dir='ltr'>ortus</span> <span class='ocrx_word' id='word_1_77' title='bbox 449 1211 515 1254; x_wconf 94' lang='lat' dir='ltr'>non</span> <span class='ocrx_word' id='word_1_78' title='bbox 531 1188 670 1253; x_wconf 91' lang='lat' dir='ltr'>consulis</span> <span class='ocrx_word' id='word_1_79' title='bbox 687 1189 783 1252; x_wconf 90' lang='lat' dir='ltr'>modo</span> <span class='ocrx_word' id='word_1_80' title='bbox 800 1188 927 1274; x_wconf 90' lang='lat' dir='ltr'>vigiles,</span> <span class='ocrx_word' id='word_1_81' title='bbox 946 1191 1119 1256; x_wconf 85' lang='lat' dir='ltr'>exercitum</span> 
     </span>
     <span class='ocr_line' id='line_1_11' title="bbox 104 1281 1117 1366; baseline -0.002 -19"><span class='ocrx_word' id='word_1_82' title='bbox 104 1283 202 1347; x_wconf 86' lang='lat' dir='ltr'>deinde</span> <span class='ocrx_word' id='word_1_83' title='bbox 220 1304 361 1359; x_wconf 91' lang='lat' dir='ltr'>omnem,</span> <span class='ocrx_word' id='word_1_84' title='bbox 385 1282 442 1346; x_wconf 94' lang='lat' dir='ltr'>sed</span> <span class='ocrx_word' id='word_1_85' title='bbox 458 1282 643 1347; x_wconf 87' lang='lat' dir='ltr'>dictatorem</span> <span class='ocrx_word' id='word_1_86' title='bbox 659 1303 785 1366; x_wconf 91' lang='lat' dir='ltr'>quoque</span> <span class='ocrx_word' id='word_1_87' title='bbox 803 1305 843 1346; x_wconf 82' lang='lat' dir='ltr'>ex</span> <span class='ocrx_word' id='word_1_88' title='bbox 865 1306 975 1349; x_wconf 92' lang='lat' dir='ltr'>somno</span> <span class='ocrx_word' id='word_1_89' title='bbox 993 1281 1117 1349; x_wconf 84' lang='lat' dir='ltr'>excivit.</span> 
     </span>
     <span class='ocr_line' id='line_1_12' title="bbox 103 1375 1151 1463; baseline -0.003 -21"><span class='ocrx_word' id='word_1_90' title='bbox 103 1376 146 1455; x_wconf 84' lang='lat' dir='ltr'>ubi</span> <span class='ocrx_word' id='word_1_91' title='bbox 161 1377 317 1463; x_wconf 79' lang='lat' dir='ltr'>praesenti</span> <span class='ocrx_word' id='word_1_92' title='bbox 334 1398 394 1462; x_wconf 93' lang='lat' dir='ltr'>ope</span> <span class='ocrx_word' id='word_1_93' title='bbox 414 1398 467 1441; x_wconf 88' lang='lat' dir='ltr'>res</span> <span class='ocrx_word' id='word_1_94' title='bbox 489 1375 638 1462; x_wconf 85' lang='lat' dir='ltr'>egebant,</span> <span class='ocrx_word' id='word_1_95' title='bbox 666 1376 777 1440; x_wconf 89' lang='lat' dir='ltr'>consul</span> <span class='ocrx_word' id='word_1_96' title='bbox 798 1399 857 1441; x_wconf 88' lang='lat' dir='ltr'>nec</span> <span class='ocrx_word' id='word_1_97' title='bbox 874 1378 980 1443; x_wconf 89' lang='lat' dir='ltr'>animo</span> <span class='ocrx_word' id='word_1_98' title='bbox 1002 1376 1119 1443; x_wconf 85' lang='lat' dir='ltr'>defecit</span> <span class='ocrx_word' id='word_1_99' title='bbox 1137 1395 1151 1439; x_wconf 81' lang='lat' dir='ltr'><strong>u</strong></span> 
     </span>
     <span class='ocr_line' id='line_1_13' title="bbox 102 1470 1119 1558; baseline 0.001 -22"><span class='ocrx_word' id='word_1_100' title='bbox 102 1492 152 1535; x_wconf 88' lang='lat' dir='ltr'>uec</span> <span class='ocrx_word' id='word_1_101' title='bbox 166 1471 309 1548; x_wconf 82' lang='lat' dir='ltr'>consili03</span> <span class='ocrx_word' id='word_1_102' title='bbox 325 1493 400 1556; x_wconf 88' lang='lat' dir='ltr'>pars</span> <span class='ocrx_word' id='word_1_103' title='bbox 416 1470 552 1534; x_wconf 93' lang='lat' dir='ltr'>militum</span> <span class='ocrx_word' id='word_1_104' title='bbox 567 1480 729 1556; x_wconf 85' lang='lat' dir='ltr'>portarum</span> <span class='ocrx_word' id='word_1_105' title='bbox 747 1471 897 1536; x_wconf 88' lang='lat' dir='ltr'>stationes</span> <span class='ocrx_word' id='word_1_106' title='bbox 912 1472 1024 1551; x_wconf 72' lang='lat' dir='ltr'>firmat,</span> <span class='ocrx_word' id='word_1_107' title='bbox 1043 1492 1119 1558; x_wconf 86' lang='lat' dir='ltr'>pars</span> 
     </span>
     <span class='ocr_line' id='line_1_14' title="bbox 105 1563 1152 1651; baseline 0.001 -21"><span class='ocrx_word' id='word_1_108' title='bbox 105 1585 207 1630; x_wconf 81' lang='lat' dir='ltr'>corona</span> <span class='ocrx_word' id='word_1_109' title='bbox 220 1565 340 1630; x_wconf 82' lang='lat' dir='ltr'>vallum</span> <span class='ocrx_word' id='word_1_110' title='bbox 357 1564 496 1651; x_wconf 73' lang='lat' dir='ltr'>cingtmt.</span> <span class='ocrx_word' id='word_1_111' title='bbox 530 1564 565 1628; x_wconf 94' lang='lat' dir='ltr'>in</span> <span class='ocrx_word' id='word_1_112' title='bbox 581 1563 687 1628; x_wconf 87' lang='lat' dir='ltr'>alteris</span> <span class='ocrx_word' id='word_1_113' title='bbox 705 1565 790 1649; x_wconf 91' lang='lat' dir='ltr'>apud</span> <span class='ocrx_word' id='word_1_114' title='bbox 808 1565 990 1631; x_wconf 90' lang='lat' dir='ltr'>dictatorem</span> <span class='ocrx_word' id='word_1_115' title='bbox 1008 1565 1118 1631; x_wconf 85' lang='lat' dir='ltr'>eastris</span> <span class='ocrx_word' id='word_1_116' title='bbox 1135 1582 1152 1631; x_wconf 88' lang='lat'>8</span> 
     </span>
     <span class='ocr_line' id='line_1_15' title="bbox 105 1658 1116 1746; baseline 0.003 -24"><span class='ocrx_word' id='word_1_117' title='bbox 105 1659 270 1741; x_wconf 89' lang='lat' dir='ltr'>quominus</span> <span class='ocrx_word' id='word_1_118' title='bbox 284 1659 438 1724; x_wconf 89' lang='lat' dir='ltr'>tumultus</span> <span class='ocrx_word' id='word_1_119' title='bbox 452 1666 510 1736; x_wconf 73' lang='lat' dir='ltr'>est,</span> <span class='ocrx_word' id='word_1_120' title='bbox 529 1680 567 1723; x_wconf 95' lang='lat' dir='ltr'>eo</span> <span class='ocrx_word' id='word_1_121' title='bbox 580 1658 653 1744; x_wconf 91' lang='lat' dir='ltr'>plus</span> <span class='ocrx_word' id='word_1_122' title='bbox 667 1658 933 1737; x_wconf 88' lang='lat' dir='ltr'>animadvertitur,</span> <span class='ocrx_word' id='word_1_123' title='bbox 951 1661 1028 1744; x_wconf 91' lang='lat' dir='ltr'>quid</span> <span class='ocrx_word' id='word_1_124' title='bbox 1037 1682 1116 1746; x_wconf 92' lang='lat' dir='ltr'>opus</span> 
     </span>
     <span class='ocr_line' id='line_1_16' title="bbox 104 1750 1117 1840; baseline 0 -22"><span class='ocrx_word' id='word_1_125' title='bbox 104 1750 175 1818; x_wconf 82' lang='lat' dir='ltr'>lacto</span> <span class='ocrx_word' id='word_1_126' title='bbox 192 1754 240 1818; x_wconf 90' lang='lat' dir='ltr'>sit.</span> <span class='ocrx_word' id='word_1_127' title='bbox 276 1754 410 1819; x_wconf 89' lang='lat' dir='ltr'>missum</span> <span class='ocrx_word' id='word_1_128' title='bbox 427 1752 584 1839; x_wconf 81' lang='lat' dir='ltr'>extemplo</span> <span class='ocrx_word' id='word_1_129' title='bbox 601 1753 643 1817; x_wconf 89' lang='lat' dir='ltr'>ad</span> <span class='ocrx_word' id='word_1_130' title='bbox 660 1763 764 1817; x_wconf 89' lang='lat' dir='ltr'>castra</span> <span class='ocrx_word' id='word_1_131' title='bbox 781 1751 970 1832; x_wconf 84' lang='lat' dir='ltr'>subsidium,</span> <span class='ocrx_word' id='word_1_132' title='bbox 989 1754 1040 1818; x_wconf 91' lang='lat' dir='ltr'>cui</span> <span class='ocrx_word' id='word_1_133' title='bbox 1060 1752 1117 1840; x_wconf 90' lang='lat' dir='ltr'>Sp.</span> 
     </span>
     <span class='ocr_line' id='line_1_17' title="bbox 102 1843 1118 1934; baseline -0.001 -21"><span class='ocrx_word' id='word_1_134' title='bbox 102 1843 271 1915; x_wconf 81' lang='lat' dir='ltr'><strong>Postumius</strong></span> <span class='ocrx_word' id='word_1_135' title='bbox 288 1847 394 1913; x_wconf 80' lang='lat' dir='ltr'><strong>Albus</strong></span> <span class='ocrx_word' id='word_1_136' title='bbox 410 1847 535 1934; x_wconf 87' lang='lat' dir='ltr'>legatus</span> <span class='ocrx_word' id='word_1_137' title='bbox 552 1845 745 1932; x_wconf 88' lang='lat' dir='ltr'>praeficitur;</span> <span class='ocrx_word' id='word_1_138' title='bbox 762 1847 832 1932; x_wconf 90' lang='lat' dir='ltr'>ipse</span> <span class='ocrx_word' id='word_1_139' title='bbox 849 1858 938 1933; x_wconf 90' lang='lat' dir='ltr'>parte</span> <span class='ocrx_word' id='word_1_140' title='bbox 957 1848 1118 1933; x_wconf 89' lang='lat' dir='ltr'>copiarum</span> 
     </span>
     <span class='ocr_line' id='line_1_18' title="bbox 101 1939 1117 2027; baseline -0.002 -21"><span class='ocrx_word' id='word_1_141' title='bbox 101 1959 188 2027; x_wconf 84' lang='lat' dir='ltr'>parvo</span> <span class='ocrx_word' id='word_1_142' title='bbox 204 1941 336 2006; x_wconf 78' lang='lat' dir='ltr'>circuiitu</span> <span class='ocrx_word' id='word_1_143' title='bbox 357 1941 461 2006; x_wconf 90' lang='lat' dir='ltr'>locum</span> <span class='ocrx_word' id='word_1_144' title='bbox 482 1941 619 2006; x_wconf 84' lang='lat' dir='ltr'>maxime</span> <span class='ocrx_word' id='word_1_145' title='bbox 637 1950 792 2006; x_wconf 87' lang='lat' dir='ltr'>secretum</span> <span class='ocrx_word' id='word_1_146' title='bbox 815 1939 854 2005; x_wconf 89' lang='lat' dir='ltr'>ab</span> <span class='ocrx_word' id='word_1_147' title='bbox 877 1940 1013 2006; x_wconf 89' lang='lat' dir='ltr'>tumultu</span> <span class='ocrx_word' id='word_1_148' title='bbox 1028 1941 1117 2027; x_wconf 87' lang='lat' dir='ltr'>petit,</span> 
     </span>
     <span class='ocr_line' id='line_1_19' title="bbox 99 2032 1151 2121; baseline -0.001 -18"><span class='ocrx_word' id='word_1_149' title='bbox 99 2034 176 2103; x_wconf 83' lang='lat' dir='ltr'>unde</span> <span class='ocrx_word' id='word_1_150' title='bbox 195 2057 235 2101; x_wconf 89' lang='lat' dir='ltr'>ex</span> <span class='ocrx_word' id='word_1_151' title='bbox 256 2035 441 2121; x_wconf 87' lang='lat' dir='ltr'>necopinato</span> <span class='ocrx_word' id='word_1_152' title='bbox 461 2057 611 2100; x_wconf 87' lang='lat' dir='ltr'>aversum</span> <span class='ocrx_word' id='word_1_153' title='bbox 630 2034 754 2100; x_wconf 86' lang='lat' dir='ltr'><strong>hostem</strong></span> <span class='ocrx_word' id='word_1_154' title='bbox 776 2034 913 2100; x_wconf 84' lang='lat' dir='ltr'>invadat.</span> <span class='ocrx_word' id='word_1_155' title='bbox 950 2032 992 2118; x_wconf 86' lang='lat' dir='ltr'>Q.</span> <span class='ocrx_word' id='word_1_156' title='bbox 1013 2033 1151 2120; x_wconf 80' lang='lat' dir='ltr'>Sulpi-9</span> 
     </span>
     <span class='ocr_line' id='line_1_20' title="bbox 99 2126 1120 2216; baseline 0.001 -23"><span class='ocrx_word' id='word_1_157' title='bbox 99 2126 175 2194; x_wconf 74' lang='lat' dir='ltr'>sium</span> <span class='ocrx_word' id='word_1_158' title='bbox 190 2128 331 2216; x_wconf 85' lang='lat' dir='ltr'>legatum</span> <span class='ocrx_word' id='word_1_159' title='bbox 346 2128 488 2215; x_wconf 87' lang='lat' dir='ltr'>praeficit</span> <span class='ocrx_word' id='word_1_160' title='bbox 505 2128 630 2206; x_wconf 90' lang='lat' dir='ltr'>castris,</span> <span class='ocrx_word' id='word_1_161' title='bbox 657 2126 705 2192; x_wconf 91' lang='lat' dir='ltr'>M.</span> <span class='ocrx_word' id='word_1_162' title='bbox 723 2127 824 2193; x_wconf 86' lang='lat' dir='ltr'>Fabio</span> <span class='ocrx_word' id='word_1_163' title='bbox 846 2129 950 2216; x_wconf 86' lang='lat' dir='ltr'>legato</span> <span class='ocrx_word' id='word_1_164' title='bbox 972 2128 1120 2215; x_wconf 82' lang='lat' dir='ltr'>adsignat</span> 
     </span>
     <span class='ocr_line' id='line_1_21' title="bbox 97 2220 1119 2307; baseline -0.001 -18"><span class='ocrx_word' id='word_1_165' title='bbox 97 2225 224 2307; x_wconf 65' lang='lat' dir='ltr'>equites,</span> <span class='ocrx_word' id='word_1_166' title='bbox 251 2246 311 2288; x_wconf 92' lang='lat' dir='ltr'>nec</span> <span class='ocrx_word' id='word_1_167' title='bbox 328 2234 400 2289; x_wconf 89' lang='lat' dir='ltr'>ante</span> <span class='ocrx_word' id='word_1_168' title='bbox 416 2223 521 2288; x_wconf 89' lang='lat' dir='ltr'>lucem</span> <span class='ocrx_word' id='word_1_169' title='bbox 538 2244 665 2288; x_wconf 86' lang='lat' dir='ltr'>movere</span> <span class='ocrx_word' id='word_1_170' title='bbox 686 2220 775 2287; x_wconf 92' lang='lat' dir='ltr'>iubet</span> <span class='ocrx_word' id='word_1_171' title='bbox 796 2246 927 2287; x_wconf 90' lang='lat' dir='ltr'>manum</span> <span class='ocrx_word' id='word_1_172' title='bbox 946 2222 1027 2288; x_wconf 89' lang='lat' dir='ltr'>inter</span> <span class='ocrx_word' id='word_1_173' title='bbox 1043 2245 1119 2288; x_wconf 92' lang='lat' dir='ltr'>noo-</span> 
     </span>
     <span class='ocr_line' id='line_1_22' title="bbox 94 2317 1118 2400; baseline -0.005 -13"><span class='ocrx_word' id='word_1_174' title='bbox 94 2322 197 2387; x_wconf 80' lang='lat' dir='ltr'>·luruos</span> <span class='ocrx_word' id='word_1_175' title='bbox 211 2318 365 2384; x_wconf 91' lang='lat' dir='ltr'>tumultus</span> <span class='ocrx_word' id='word_1_176' title='bbox 377 2319 541 2384; x_wconf 87' lang='lat' dir='ltr'>moderatu</span> <span class='ocrx_word' id='word_1_177' title='bbox 553 2317 723 2382; x_wconf 85' lang='lat' dir='ltr'>difficilem.</span> <span class='ocrx_word' id='word_1_178' title='bbox 751 2317 865 2394; x_wconf 88' lang='lat' dir='ltr'>omnia,</span> <span class='ocrx_word' id='word_1_179' title='bbox 884 2339 965 2400; x_wconf 89' lang='lat' dir='ltr'>quae</span> <span class='ocrx_word' id='word_1_180' title='bbox 978 2318 1029 2381; x_wconf 82' lang='lat' dir='ltr'>vel</span> <span class='ocrx_word' id='word_1_181' title='bbox 1038 2317 1118 2383; x_wconf 89' lang='lat' dir='ltr'>alius</span> 
     </span>
     <span class='ocr_line' id='line_1_23' title="bbox 77 2408 1119 2499; baseline 0 -23"><span class='ocrx_word' id='word_1_182' title='bbox 77 2408 257 2498; x_wconf 86' lang='lat' dir='ltr'>¹&#39;imperator</span> <span class='ocrx_word' id='word_1_183' title='bbox 273 2413 412 2499; x_wconf 87' lang='lat' dir='ltr'>prudens</span> <span class='ocrx_word' id='word_1_184' title='bbox 429 2423 461 2477; x_wconf 89' lang='lat' dir='ltr'>et</span> <span class='ocrx_word' id='word_1_185' title='bbox 477 2413 600 2498; x_wconf 89' lang='lat' dir='ltr'>inpiger</span> <span class='ocrx_word' id='word_1_186' title='bbox 616 2411 650 2475; x_wconf 94' lang='lat' dir='ltr'>in</span> <span class='ocrx_word' id='word_1_187' title='bbox 667 2410 723 2474; x_wconf 85' lang='lat' dir='ltr'>tali</span> <span class='ocrx_word' id='word_1_188' title='bbox 738 2432 773 2475; x_wconf 91' lang='lat' dir='ltr'>re</span> <span class='ocrx_word' id='word_1_189' title='bbox 786 2410 980 2496; x_wconf 87' lang='lat' dir='ltr'>praeciperet</span> <span class='ocrx_word' id='word_1_190' title='bbox 997 2421 1119 2496; x_wconf 87' lang='lat' dir='ltr'>ageret-</span> 
     </span>
     <span class='ocr_line' id='line_1_24' title="bbox 82 2503 1171 2594; baseline 0 -21"><span class='ocrx_word' id='word_1_191' title='bbox 82 2506 164 2591; x_wconf 68' lang='lat' dir='ltr'>que,</span> <span class='ocrx_word' id='word_1_192' title='bbox 190 2508 343 2594; x_wconf 82' lang='lat' dir='ltr'>praecipit</span> <span class='ocrx_word' id='word_1_193' title='bbox 363 2507 471 2572; x_wconf 87' lang='lat' dir='ltr'>ordine</span> <span class='ocrx_word' id='word_1_194' title='bbox 497 2517 590 2591; x_wconf 86' lang='lat' dir='ltr'>atque</span> <span class='ocrx_word' id='word_1_195' title='bbox 613 2506 691 2591; x_wconf 86' lang='lat' dir='ltr'>agit:</span> <span class='ocrx_word' id='word_1_196' title='bbox 717 2504 796 2569; x_wconf 93' lang='lat' dir='ltr'>illud</span> <span class='ocrx_word' id='word_1_197' title='bbox 822 2503 971 2568; x_wconf 87' lang='lat' dir='ltr'>eximium</span> <span class='ocrx_word' id='word_1_198' title='bbox 996 2504 1120 2569; x_wconf 90' lang='lat' dir='ltr'>consilii</span> <span class='ocrx_word' id='word_1_199' title='bbox 1137 2524 1171 2573; x_wconf 88' lang='lat'>10</span> 
     </span>
     <span class='ocr_line' id='line_1_25' title="bbox 93 2598 1120 2687; baseline -0.008 -16"><span class='ocrx_word' id='word_1_200' title='bbox 93 2602 247 2687; x_wconf 73' lang='lat' dir='ltr'>mimique</span> <span class='ocrx_word' id='word_1_201' title='bbox 274 2601 435 2687; x_wconf 90' lang='lat' dir='ltr'>specimen</span> <span class='ocrx_word' id='word_1_202' title='bbox 457 2609 489 2666; x_wconf 91' lang='lat' dir='ltr'>et</span> <span class='ocrx_word' id='word_1_203' title='bbox 509 2601 693 2685; x_wconf 84' lang='lat' dir='ltr'><strong>neutiquam</strong></span> <span class='ocrx_word' id='word_1_204' title='bbox 714 2598 861 2686; x_wconf 84' lang='lat' dir='ltr'>volgatae</span> <span class='ocrx_word' id='word_1_205' title='bbox 886 2599 1006 2677; x_wconf 90' lang='lat' dir='ltr'>laudis,</span> <span class='ocrx_word' id='word_1_206' title='bbox 1033 2598 1120 2683; x_wconf 91' lang='lat' dir='ltr'>quod</span> 
     </span>
     <span class='ocr_line' id='line_1_26' title="bbox 85 2694 1119 2783; baseline -0.004 -20"><span class='ocrx_word' id='word_1_207' title='bbox 85 2696 170 2765; x_wconf 84' lang='lat' dir='ltr'>ultro</span> <span class='ocrx_word' id='word_1_208' title='bbox 187 2698 229 2762; x_wconf 87' lang='lat' dir='ltr'>ad</span> <span class='ocrx_word' id='word_1_209' title='bbox 246 2696 459 2783; x_wconf 84' lang='lat' dir='ltr'>oppugnanda</span> <span class='ocrx_word' id='word_1_210' title='bbox 475 2706 578 2761; x_wconf 87' lang='lat' dir='ltr'>castra</span> <span class='ocrx_word' id='word_1_211' title='bbox 594 2694 742 2773; x_wconf 89' lang='lat' dir='ltr'>hostium,</span> <span class='ocrx_word' id='word_1_212' title='bbox 761 2695 845 2758; x_wconf 94' lang='lat' dir='ltr'>unde</span> <span class='ocrx_word' id='word_1_213' title='bbox 862 2694 980 2759; x_wconf 87' lang='lat' dir='ltr'>maiore</span> <span class='ocrx_word' id='word_1_214' title='bbox 993 2694 1119 2781; x_wconf 87' lang='lat' dir='ltr'>agmine</span> 
     </span>
     <span class='ocr_line' id='line_1_27' title="bbox 85 2786 1119 2877; baseline -0.004 -21"><span class='ocrx_word' id='word_1_215' title='bbox 85 2791 246 2877; x_wconf 74' lang='lat' dir='ltr'>profectos</span> <span class='ocrx_word' id='word_1_216' title='bbox 266 2791 462 2877; x_wconf 86' lang='lat' dir='ltr'>exploratum</span> <span class='ocrx_word' id='word_1_217' title='bbox 478 2790 595 2868; x_wconf 81' lang='lat' dir='ltr'>fuerat,</span> <span class='ocrx_word' id='word_1_218' title='bbox 622 2788 670 2854; x_wconf 88' lang='lat' dir='ltr'>M.</span> <span class='ocrx_word' id='word_1_219' title='bbox 691 2786 871 2876; x_wconf 82' lang='lat' dir='ltr'>Geganium</span> <span class='ocrx_word' id='word_1_220' title='bbox 894 2812 967 2855; x_wconf 91' lang='lat' dir='ltr'>cum</span> <span class='ocrx_word' id='word_1_221' title='bbox 985 2789 1119 2854; x_wconf 86' lang='lat' dir='ltr'>cohorti-</span> 
     </span>
     <span class='ocr_line' id='line_1_28' title="bbox 92 2883 1168 2971; baseline -0.001 -20"><span class='ocrx_word' id='word_1_222' title='bbox 92 2883 151 2951; x_wconf 87' lang='lat' dir='ltr'>bus</span> <span class='ocrx_word' id='word_1_223' title='bbox 164 2885 292 2951; x_wconf 89' lang='lat' dir='ltr'>delectis</span> <span class='ocrx_word' id='word_1_224' title='bbox 305 2885 400 2951; x_wconf 90' lang='lat' dir='ltr'>misit.</span> <span class='ocrx_word' id='word_1_225' title='bbox 426 2885 482 2970; x_wconf 90' lang='lat' dir='ltr'>qui</span> <span class='ocrx_word' id='word_1_226' title='bbox 492 2894 662 2971; x_wconf 85' lang='lat' dir='ltr'>postquam</span> <span class='ocrx_word' id='word_1_227' title='bbox 674 2884 809 2949; x_wconf 91' lang='lat' dir='ltr'>intentos</span> <span class='ocrx_word' id='word_1_228' title='bbox 822 2883 966 2950; x_wconf 88' lang='lat' dir='ltr'>homines</span> <span class='ocrx_word' id='word_1_229' title='bbox 979 2884 1011 2948; x_wconf 95' lang='lat' dir='ltr'>in</span> <span class='ocrx_word' id='word_1_230' title='bbox 1025 2905 1120 2948; x_wconf 86' lang='lat' dir='ltr'>even·</span> <span class='ocrx_word' id='word_1_231' title='bbox 1138 2903 1168 2950; x_wconf 88' lang='lat'>11</span> 
     </span>
     <span class='ocr_line' id='line_1_29' title="bbox 88 2978 1120 3069; baseline -0.003 -24"><span class='ocrx_word' id='word_1_232' title='bbox 88 2986 157 3045; x_wconf 80' lang='lat' dir='ltr'>tum</span> <span class='ocrx_word' id='word_1_233' title='bbox 178 2981 308 3067; x_wconf 89' lang='lat' dir='ltr'>periculi</span> <span class='ocrx_word' id='word_1_234' title='bbox 329 2980 424 3045; x_wconf 89' lang='lat' dir='ltr'>alieni</span> <span class='ocrx_word' id='word_1_235' title='bbox 445 3002 502 3066; x_wconf 92' lang='lat' dir='ltr'>pro</span> <span class='ocrx_word' id='word_1_236' title='bbox 525 3002 560 3046; x_wconf 90' lang='lat' dir='ltr'>se</span> <span class='ocrx_word' id='word_1_237' title='bbox 580 2978 724 3044; x_wconf 87' lang='lat' dir='ltr'>incautos</span> <span class='ocrx_word' id='word_1_238' title='bbox 745 2978 899 3066; x_wconf 86' lang='lat' dir='ltr'>neglectis</span> <span class='ocrx_word' id='word_1_239' title='bbox 921 2978 1036 3069; x_wconf 76' lang='lat' dir='ltr'>vigiliis</span> <span class='ocrx_word' id='word_1_240' title='bbox 1056 2988 1120 3043; x_wconf 89' lang='lat' dir='ltr'>sta-</span> 
     </span>
     <span class='ocr_line' id='line_1_30' title="bbox 89 3073 1119 3160; baseline -0.002 -23"><span class='ocrx_word' id='word_1_241' title='bbox 89 3073 289 3159; x_wconf 88' lang='lat' dir='ltr'>tionibusque</span> <span class='ocrx_word' id='word_1_242' title='bbox 312 3085 361 3140; x_wconf 93' lang='lat' dir='ltr'>est</span> <span class='ocrx_word' id='word_1_243' title='bbox 382 3075 526 3151; x_wconf 86' lang='lat' dir='ltr'>adortus,</span> <span class='ocrx_word' id='word_1_244' title='bbox 552 3073 639 3159; x_wconf 91' lang='lat' dir='ltr'>prius</span> <span class='ocrx_word' id='word_1_245' title='bbox 665 3095 765 3160; x_wconf 91' lang='lat' dir='ltr'>paene</span> <span class='ocrx_word' id='word_1_246' title='bbox 787 3073 870 3158; x_wconf 92' lang='lat' dir='ltr'>cepit</span> <span class='ocrx_word' id='word_1_247' title='bbox 896 3082 998 3136; x_wconf 87' lang='lat' dir='ltr'>castra</span> <span class='ocrx_word' id='word_1_248' title='bbox 1024 3094 1119 3156; x_wconf 91' lang='lat' dir='ltr'>quam</span> 
     </span>
     <span class='ocr_line' id='line_1_31' title="bbox 89 3167 1168 3255; baseline -0.003 -21"><span class='ocrx_word' id='word_1_249' title='bbox 89 3167 266 3255; x_wconf 79' lang='lat' dir='ltr'>obpugnari</span> <span class='ocrx_word' id='word_1_250' title='bbox 282 3170 390 3236; x_wconf 90' lang='lat' dir='ltr'>hostes</span> <span class='ocrx_word' id='word_1_251' title='bbox 409 3169 485 3236; x_wconf 85' lang='lat' dir='ltr'>satis</span> <span class='ocrx_word' id='word_1_252' title='bbox 504 3168 628 3235; x_wconf 80' lang='lat' dir='ltr'>scirent.</span> <span class='ocrx_word' id='word_1_253' title='bbox 659 3168 733 3233; x_wconf 90' lang='lat' dir='ltr'>inde</span> <span class='ocrx_word' id='word_1_254' title='bbox 750 3167 848 3244; x_wconf 85' lang='lat' dir='ltr'>fumo,</span> <span class='ocrx_word' id='word_1_255' title='bbox 867 3175 903 3230; x_wconf 90' lang='lat' dir='ltr'>ut</span> <span class='ocrx_word' id='word_1_256' title='bbox 920 3173 1116 3241; x_wconf 85' lang='lat' dir='ltr'>convenerat,</span> <span class='ocrx_word' id='word_1_257' title='bbox 1138 3183 1168 3231; x_wconf 81' lang='lat'>12</span> 
     </span>
     <span class='ocr_line' id='line_1_32' title="bbox 77 3258 1116 3351; baseline -0.007 -23"><span class='ocrx_word' id='word_1_258' title='bbox 77 3262 198 3343; x_wconf 58' lang='lat' dir='ltr'>uatum</span> <span class='ocrx_word' id='word_1_259' title='bbox 216 3263 343 3351; x_wconf 87' lang='lat' dir='ltr'>signum</span> <span class='ocrx_word' id='word_1_260' title='bbox 359 3263 416 3330; x_wconf 91' lang='lat' dir='ltr'>ubi</span> <span class='ocrx_word' id='word_1_261' title='bbox 432 3273 636 3349; x_wconf 90' lang='lat' dir='ltr'>conspectum</span> <span class='ocrx_word' id='word_1_262' title='bbox 654 3263 695 3328; x_wconf 87' lang='lat' dir='ltr'>ab</span> <span class='ocrx_word' id='word_1_263' title='bbox 713 3263 862 3326; x_wconf 90' lang='lat' dir='ltr'>dictatore</span> <span class='ocrx_word' id='word_1_264' title='bbox 876 3268 933 3337; x_wconf 87' lang='lat' dir='ltr'>est,</span> <span class='ocrx_word' id='word_1_265' title='bbox 952 3258 1116 3336; x_wconf 80' lang='lat' dir='ltr'>exclamat,</span> 
     </span>
     <span class='ocr_line' id='line_1_33' title="bbox 77 3353 932 3444; baseline -0.005 -22"><span class='ocrx_word' id='word_1_266' title='bbox 77 3371 179 3444; x_wconf 73' lang='lat' dir='ltr'>capta</span> <span class='ocrx_word' id='word_1_267' title='bbox 197 3357 336 3423; x_wconf 90' lang='lat' dir='ltr'>hostium</span> <span class='ocrx_word' id='word_1_268' title='bbox 354 3368 465 3435; x_wconf 87' lang='lat' dir='ltr'>castra,</span> <span class='ocrx_word' id='word_1_269' title='bbox 484 3354 683 3440; x_wconf 85' lang='lat' dir='ltr'>nuntiarique</span> <span class='ocrx_word' id='word_1_270' title='bbox 699 3355 820 3441; x_wconf 90' lang='lat' dir='ltr'>passim</span> <span class='ocrx_word' id='word_1_271' title='bbox 837 3353 932 3419; x_wconf 88' lang='lat' dir='ltr'>iubet.</span> 
     </span>
    </p>

    <p class='ocr_par' dir='ltr' id='par_1_3' title="bbox 77 3447 1151 4106">
     <span class='ocr_line' id='line_1_34' title="bbox 77 3447 1151 3534; baseline -0.004 -16"><span class='ocrx_word' id='word_1_272' title='bbox 77 3490 82 3505; x_wconf 90' lang='lat'><em>·</em></span> <span class='ocrx_word' id='word_1_273' title='bbox 149 3451 323 3518; x_wconf 86' lang='lat' dir='ltr'>XXVIII.</span> <span class='ocrx_word' id='word_1_274' title='bbox 340 3451 386 3518; x_wconf 84' lang='lat' dir='ltr'>Et</span> <span class='ocrx_word' id='word_1_275' title='bbox 397 3454 461 3518; x_wconf 83' lang='lat' dir='ltr'>ium</span> <span class='ocrx_word' id='word_1_276' title='bbox 471 3451 645 3518; x_wconf 87' lang='lat' dir='ltr'>luciscebat</span> <span class='ocrx_word' id='word_1_277' title='bbox 659 3450 824 3534; x_wconf 91' lang='lat' dir='ltr'>omniaque</span> <span class='ocrx_word' id='word_1_278' title='bbox 838 3448 897 3514; x_wconf 87' lang='lat' dir='ltr'>sub</span> <span class='ocrx_word' id='word_1_279' title='bbox 911 3447 1010 3513; x_wconf 86' lang='lat' dir='ltr'>oeulis</span> <span class='ocrx_word' id='word_1_280' title='bbox 1020 3455 1116 3513; x_wconf 89' lang='lat' dir='ltr'>erant.</span> <span class='ocrx_word' id='word_1_281' title='bbox 1137 3467 1151 3514; x_wconf 87' lang='lat'>1</span> 
     </span>
     <span class='ocr_line' id='line_1_35' title="bbox 85 3541 1119 3631; baseline -0.004 -21"><span class='ocrx_word' id='word_1_282' title='bbox 85 3554 120 3611; x_wconf 89' lang='lat' dir='ltr'>et</span> <span class='ocrx_word' id='word_1_283' title='bbox 134 3545 255 3612; x_wconf 85' lang='lat' dir='ltr'>Fabius</span> <span class='ocrx_word' id='word_1_284' title='bbox 271 3569 345 3612; x_wconf 89' lang='lat' dir='ltr'>cum</span> <span class='ocrx_word' id='word_1_285' title='bbox 357 3548 496 3631; x_wconf 88' lang='lat' dir='ltr'>equitatu</span> <span class='ocrx_word' id='word_1_286' title='bbox 509 3546 662 3631; x_wconf 85' lang='lat' dir='ltr'>impetum</span> <span class='ocrx_word' id='word_1_287' title='bbox 675 3544 804 3608; x_wconf 89' lang='lat' dir='ltr'>dederat</span> <span class='ocrx_word' id='word_1_288' title='bbox 816 3552 847 3607; x_wconf 89' lang='lat' dir='ltr'>et</span> <span class='ocrx_word' id='word_1_289' title='bbox 860 3542 969 3607; x_wconf 88' lang='lat' dir='ltr'>consul</span> <span class='ocrx_word' id='word_1_290' title='bbox 983 3541 1119 3626; x_wconf 85' lang='lat' dir='ltr'>eruptio-</span> 
     </span>
     <span class='ocr_line' id='line_1_36' title="bbox 77 3636 1151 3727; baseline -0.006 -22"><span class='ocrx_word' id='word_1_291' title='bbox 77 3658 160 3713; x_wconf 59' lang='lat' dir='ltr'>nem</span> <span class='ocrx_word' id='word_1_292' title='bbox 177 3663 195 3706; x_wconf 89' lang='lat' dir='ltr'><strong>e</strong></span> <span class='ocrx_word' id='word_1_293' title='bbox 214 3640 326 3706; x_wconf 71' lang='lat' dir='ltr'>caenis</span> <span class='ocrx_word' id='word_1_294' title='bbox 343 3641 377 3705; x_wconf 92' lang='lat' dir='ltr'>in</span> <span class='ocrx_word' id='word_1_295' title='bbox 395 3641 531 3727; x_wconf 88' lang='lat' dir='ltr'>trepidos</span> <span class='ocrx_word' id='word_1_296' title='bbox 549 3639 614 3704; x_wconf 90' lang='lat' dir='ltr'>iam</span> <span class='ocrx_word' id='word_1_297' title='bbox 630 3638 738 3704; x_wconf 88' lang='lat' dir='ltr'>hostes</span> <span class='ocrx_word' id='word_1_298' title='bbox 757 3636 888 3701; x_wconf 86' lang='lat' dir='ltr'>fecerat:</span> <span class='ocrx_word' id='word_1_299' title='bbox 912 3637 1045 3703; x_wconf 89' lang='lat' dir='ltr'>dictator</span> <span class='ocrx_word' id='word_1_300' title='bbox 1063 3658 1118 3700; x_wconf 89' lang='lat' dir='ltr'>au·</span> <span class='ocrx_word' id='word_1_301' title='bbox 1136 3653 1151 3700; x_wconf 80' lang='lat' dir='ltr'>a</span> 
     </span>
     <span class='ocr_line' id='line_1_37' title="bbox 84 3731 1117 3822; baseline -0.005 -23"><span class='ocrx_word' id='word_1_302' title='bbox 84 3740 165 3813; x_wconf 77' lang='lat' dir='ltr'>tem,</span> <span class='ocrx_word' id='word_1_303' title='bbox 190 3746 281 3822; x_wconf 87' lang='lat' dir='ltr'>parte</span> <span class='ocrx_word' id='word_1_304' title='bbox 306 3734 406 3801; x_wconf 87' lang='lat' dir='ltr'>altera</span> <span class='ocrx_word' id='word_1_305' title='bbox 432 3734 574 3800; x_wconf 91' lang='lat' dir='ltr'>subsidia</span> <span class='ocrx_word' id='word_1_306' title='bbox 599 3742 631 3798; x_wconf 90' lang='lat' dir='ltr'>et</span> <span class='ocrx_word' id='word_1_307' title='bbox 657 3732 828 3798; x_wconf 87' lang='lat' dir='ltr'>secundam</span> <span class='ocrx_word' id='word_1_308' title='bbox 854 3732 953 3795; x_wconf 90' lang='lat' dir='ltr'>aciem</span> <span class='ocrx_word' id='word_1_309' title='bbox 979 3731 1117 3806; x_wconf 87' lang='lat' dir='ltr'>adortus,</span> 
     </span>
     <span class='ocr_line' id='line_1_38' title="bbox 77 3824 1117 3915; baseline -0.004 -23"><span class='ocrx_word' id='word_1_310' title='bbox 77 3826 314 3915; x_wconf 68' lang='lat' dir='ltr'>circumagenti</span> <span class='ocrx_word' id='word_1_311' title='bbox 332 3852 367 3894; x_wconf 92' lang='lat' dir='ltr'>se</span> <span class='ocrx_word' id='word_1_312' title='bbox 383 3830 425 3894; x_wconf 90' lang='lat' dir='ltr'>ad</span> <span class='ocrx_word' id='word_1_313' title='bbox 443 3829 588 3894; x_wconf 88' lang='lat' dir='ltr'>dissonos</span> <span class='ocrx_word' id='word_1_314' title='bbox 607 3826 759 3892; x_wconf 89' lang='lat' dir='ltr'>clamores</span> <span class='ocrx_word' id='word_1_315' title='bbox 778 3847 815 3890; x_wconf 87' lang='lat' dir='ltr'>ac</span> <span class='ocrx_word' id='word_1_316' title='bbox 829 3825 950 3890; x_wconf 90' lang='lat' dir='ltr'>subitos</span> <span class='ocrx_word' id='word_1_317' title='bbox 965 3824 1117 3889; x_wconf 90' lang='lat' dir='ltr'>tumultus</span> 
     </span>
     <span class='ocr_line' id='line_1_39' title="bbox 77 3913 1151 4008; baseline -0.004 -21"><span class='ocrx_word' id='word_1_318' title='bbox 77 3913 324 4008; x_wconf 72' lang='lat' dir='ltr'>lassandique</span> <span class='ocrx_word' id='word_1_319' title='bbox 336 3922 493 3990; x_wconf 87' lang='lat' dir='ltr'>obiecerat</span> <span class='ocrx_word' id='word_1_320' title='bbox 506 3921 657 3987; x_wconf 87' lang='lat' dir='ltr'>victorem</span> <span class='ocrx_word' id='word_1_321' title='bbox 670 3920 807 4006; x_wconf 92' lang='lat' dir='ltr'>peditem</span> <span class='ocrx_word' id='word_1_322' title='bbox 820 3920 1027 4003; x_wconf 90' lang='lat' dir='ltr'>equitemque.</span> <span class='ocrx_word' id='word_1_323' title='bbox 1059 3916 1118 3980; x_wconf 86' lang='lat' dir='ltr'>cir-</span> <span class='ocrx_word' id='word_1_324' title='bbox 1135 3935 1151 3983; x_wconf 82' lang='lat' dir='ltr'>o</span> 
     </span>
     <span class='ocr_line' id='line_1_40' title="bbox 77 4016 1119 4106; baseline -0.018 -16"><span class='ocrx_word' id='word_1_325' title='bbox 77 4018 247 4089; x_wconf 62' lang='lat' dir='ltr'>fflveuti</span> <span class='ocrx_word' id='word_1_326' title='bbox 263 4018 361 4106; x_wconf 84' lang='lat' dir='ltr'>igitur</span> <span class='ocrx_word' id='word_1_327' title='bbox 375 4018 441 4084; x_wconf 89' lang='lat' dir='ltr'>iam</span> <span class='ocrx_word' id='word_1_328' title='bbox 456 4018 491 4083; x_wconf 90' lang='lat' dir='ltr'>in</span> <span class='ocrx_word' id='word_1_329' title='bbox 507 4016 611 4082; x_wconf 92' lang='lat' dir='ltr'>medio</span> <span class='ocrx_word' id='word_1_330' title='bbox 629 4016 670 4081; x_wconf 91' lang='lat' dir='ltr'>ad</span> <span class='ocrx_word' id='word_1_331' title='bbox 688 4037 785 4079; x_wconf 91' lang='lat' dir='ltr'>unum</span> <span class='ocrx_word' id='word_1_332' title='bbox 803 4036 911 4080; x_wconf 87' lang='lat' dir='ltr'>omnes</span> <span class='ocrx_word' id='word_1_333' title='bbox 934 4032 1051 4097; x_wconf 91' lang='lat' dir='ltr'>poenas</span> <span class='ocrx_word' id='word_1_334' title='bbox 1069 4029 1119 4072; x_wconf 90' lang='lat' dir='ltr'>re-</span> 
     </span>
    </p>
   </div>
   <div class='ocr_carea' id='block_1_3' title="bbox 0 0 1288 4524">
    <p class='ocr_par' dir='ltr' id='par_1_4' title="bbox 0 0 1288 4524">
     <span class='ocr_line' id='line_1_41' title="bbox 0 0 1288 4524; baseline 0 10"><span class='ocrx_word' id='word_1_335' title='bbox 0 0 1288 4524; x_wconf 95' lang='lat' dir='ltr'> </span> 
     </span>
    </p>
   </div>
  </div>
 </body>
</html>
