2566 4524
375 121 494 176 masa
510 121 583 191 nn,
602 122 626 175 a
647 121 798 191 [sons]
1036 114 1099 180 195

84 299 168 360 qnam
184 278 349 344 consulum
366 277 459 363 culpa
476 279 626 344 accidere.
653 279 743 343 cuius
756 280 801 344 rei
815 282 988 364 praemium
1007 284 1047 348 sit
1064 286 1098 350 in
1115 308 1132 356 a

88 372 208 451 civitate,
228 397 298 439 eam
316 373 471 438 maxumis
491 396 615 460 semper
632 373 775 438 auctibus
790 396 942 440 crescere:
962 377 1007 441 sie
1021 401 1098 462 pace

89 460 183 547 bonos,
211 469 258 534 sic
279 468 361 534 bello
384 468 461 532 fieri.
495 470 668 532 maximum
686 468 807 533 Romae
824 471 997 554 praemium
1017 474 1132 544 sedi-3

94 556 188 626 bonum
210 585 295 640 esse,
322 563 356 626 id
377 572 409 626 et
435 563 567 648 singulis
594 563 810 647 universisque
838 586 962 650 semper
987 566 1100 632 honori

97 647 179 720 fiisse.
213 656 500 735 reminiscerentur,
523 677 618 740 quarn
641 657 835 721 maiestatem
855 673 982 724 senatus
1000 661 1061 745 ipsi
1079 686 1099 727 a
1115 683 1133 729 4

31 778 34 783 ·
95 749 209 828 patribus
236 750 448 837 accepissent,
480 773 575 835 quam
601 751 707 816 liberis
734 753 875 816 tradituri
902 744 1036 833 essent,
1053 768 1097 833 ut,

18 920 22 927 Ι
94 845 334 921 quemadmodum
352 843 457 932 plebs,
475 844 602 931 gloriari
615 857 759 930 possent,
779 848 949 912 auctiorem
967 850 1099 934 amplio-

10 994 23 1041 l

91 955 196 1020 remque
214 961 294 1004 esse.
329 939 425 1002 finem
448 961 523 1025 ergo
546 961 609 1004 non
630 940 711 1018 fieri,
738 963 797 1004 nec
818 942 971 1019 futuram,
999 943 1099 1008 donec

10 1042 12 1065 ²
88 1049 165 1112 quam
182 1032 290 1097 felices
310 1033 477 1097 seditiones
500 1045 565 1097 tam
586 1034 729 1098 honorati
748 1035 934 1099 seditionum
954 1051 1097 1102 auctores

86 1138 181 1192 essent.
218 1150 297 1211 quas
324 1139 519 1211 quantasque
545 1150 596 1192 res
620 1126 658 1193 C.
683 1127 870 1193 Canuleium
897 1131 1132 1216 adgressumls

82 1220 287 1287 conlumonem
304 1222 461 1308 gentium,
484 1222 750 1308 perturbationem
768 1224 977 1308 auspiciorum
997 1225 1099 1309 publi-

76 1335 175 1380 corum
201 1318 457 1401 privatorumque
480 1317 617 1394 adferre,
645 1340 684 1381 ne
707 1318 784 1400 quid
807 1318 932 1396 sinceri,
960 1342 999 1383 ne
1023 1321 1100 1404 quid

73 1407 302 1474 incontaminati
321 1411 375 1489 sit,
395 1423 429 1475 ut
446 1411 626 1476 discrimine
644 1412 729 1476 omni
748 1412 870 1477 sublato
888 1435 946 1477 nec
965 1435 999 1478 se
1013 1415 1099 1497 quis-

69 1525 161 1588 quam
184 1526 244 1568 nec
267 1527 342 1570 suos
365 1505 495 1570 noverit
532 1527 626 1589 quam
653 1507 736 1570 enim
759 1507 853 1570 aliam
875 1508 939 1571 vim
962 1509 1131 1579 conubias

65 1599 244 1687 promiscua
269 1599 385 1665 babere
411 1600 472 1664 nisi
498 1610 533 1664 ut
559 1600 696 1665 ferarum
723 1624 820 1686 prope
846 1603 909 1665 ritu
931 1603 1099 1686 vulgentur

65 1693 251 1760 concubitus
277 1694 381 1780 plebis
406 1695 611 1780 patrumque?
642 1696 753 1779 utqui
780 1708 871 1760 natus
899 1697 939 1760 sit
965 1698 1097 1782 ignoret,

64 1789 156 1854 cuius
180 1789 359 1875 sanguinis,
387 1811 520 1873 quorum
543 1813 702 1855 sacrorum
726 1791 780 1867 sit,
803 1791 950 1855 dimidius
973 1805 1098 1876 patrum

65 1882 149 1966 (sit),
185 1883 334 1948 dimidius
360 1883 476 1969 plebis,
507 1907 547 1948 ne
574 1907 681 1949 secum
709 1885 836 1967 quidem
862 1885 930 1970 ipse
956 1908 1097 1950 concors.

66 1998 178 2064 parum
199 1977 232 2041 id
254 1977 368 2054 videri,
395 1977 481 2061 quod
503 1979 607 2043 omnia
629 1979 735 2042 divina
753 1979 951 2063 humanaque
970 1981 1130 2048 turben-r

65 2080 131 2137 tur:
148 2071 212 2136 iam
227 2072 269 2136 ad
283 2072 480 2137 consulatum
494 2072 582 2157 vulgi
595 2073 769 2137 turbatores
784 2075 915 2158 accingi.
944 2087 973 2138 et
987 2077 1098 2159 primo,

62 2178 97 2230 ut
115 2166 197 2230 alter
215 2166 325 2231 consul
343 2167 492 2252 explebe
510 2166 612 2243 fieret,
630 2166 663 2229 id
677 2168 771 2230 modo
786 2167 982 2231 sermonibus
998 2183 1098 2252 temp-

61 2270 163 2327 tasse:
183 2261 397 2347 nuncrogari,
416 2270 465 2338 ut,
486 2283 543 2325 seu
557 2282 596 2324 ex
610 2260 751 2344 patribus
772 2282 827 2323 seu
846 2283 884 2324 ex
902 2261 993 2345 plebe
1013 2262 1098 2337 velit,

60 2355 203 2443 populus
221 2355 365 2420 consules
385 2365 477 2419 creet.
509 2365 541 2419 et
559 2368 716 2418 creaturos
735 2354 931 2418 hauddubie
950 2376 989 2417 ex
1008 2354 1099 2439 plebe

64 2451 341 2516 seditiosissimum
359 2472 530 2534 quemque:
551 2448 720 2514 Canuleios
734 2450 830 2535 igitur
842 2449 1011 2531 Iciliosque
1026 2471 1099 2512 con-

64 2545 151 2611 sules
169 2545 248 2610 fore.
283 2568 323 2610 ne
340 2545 374 2609 id
391 2545 534 2630 Iuppiter
555 2544 692 2629 optimus
715 2545 871 2608 maximus
896 2544 1024 2619 sineret,
1051 2565 1099 2607 re·
1117 2563 1132 2610 8

62 2640 136 2727 gise
154 2639 328 2704 maiestatis
346 2638 512 2725 imperium
530 2659 568 2703 eo
584 2639 722 2703 recidere
728 2663 737 2715 3
760 2652 791 2702 et
809 2660 842 2702 se
860 2637 983 2701 miliens
1006 2638 1101 2701 mori·

64 2744 154 2799 turos
172 2733 292 2818 potius,
312 2755 406 2817 quam
424 2747 459 2797 ut
477 2728 598 2797 tantum
616 2734 777 2797 dedecoris
796 2733 917 2796 admitti
929 2733 1097 2817 patiantur.

63 2842 188 2895 certum
200 2827 326 2905 habere,
340 2828 474 2892 maiores
488 2849 622 2911 quoque,
640 2829 666 2890 si
680 2828 883 2904 divinassent,
899 2828 1097 2891 concedendo
1117 2847 1131 2894 9

67 2924 175 2989 omnia
189 2946 254 2988 non
270 2922 426 2987 mitiorem
442 2922 476 2985 in
494 2943 528 2986 se
540 2921 680 3006 plebem,
700 2923 756 2985 sed
774 2921 963 3005 asperiorem
982 2921 1043 2984 alia
1060 2944 1101 2983 ex

69 3015 142 3083 aliis
153 3016 305 3102 iniquiora
317 3016 515 3103 postulando,
530 3038 603 3080 eum
615 3017 717 3100 prima
729 3015 936 3099 impetrasset,
951 3014 1099 3090 futuram,
1119 3034 1151 3080 10

64 3110 169 3197 primo
182 3111 354 3196 quamlibet
367 3111 598 3175 dimicationem
611 3110 769 3174 subituros
778 3109 877 3171 fuisse
886 3108 991 3192 potius
1005 3129 1101 3190 quam

66 3230 120 3273 ess
138 3207 228 3293 leges
247 3206 309 3272 sibi
325 3207 434 3292 inponi
450 3218 638 3290 paterentur.
675 3205 749 3288 quia
771 3222 837 3266 tum
857 3224 1041 3266 concessum
1061 3202 1101 3266 sit

67 3303 106 3369 de
119 3302 271 3380 tribunis,
288 3303 402 3366 iterum
415 3322 600 3366 concessum
615 3321 700 3376 esse3
719 3299 812 3361 finem
826 3320 888 3361 non
902 3298 980 3361 fieri.
1005 3294 1098 3382 [non]
1120 3318 1148 3362 11

66 3419 163 3484 posse
180 3396 213 3460 in
232 3396 342 3461 eadem
360 3395 485 3460 civitate
504 3393 644 3459 tribunos
662 3392 764 3477 plebis
783 3406 813 3455 et
826 3411 929 3476 patres
944 3413 1028 3455 esse:
1048 3401 1101 3454 aut

66 3493 152 3558 bunc
174 3492 317 3558 ordinem
340 3501 394 3556 aut
415 3491 504 3554 illum
526 3490 744 3576 magistratum
766 3488 938 3551 tollendum
952 3509 1026 3550 esse
1045 3507 1101 3570 po-

66 3587 194 3671 tiusque
221 3608 291 3652 sero
317 3608 413 3671 quam
438 3607 610 3668 numquam
636 3583 761 3647 obviam
789 3583 928 3645 eundum
950 3580 1100 3645 audaciae

67 3680 308 3765 temeritatique.
342 3680 427 3745 illine
449 3691 484 3743 ut
505 3681 622 3764 inpune
643 3681 744 3764 primo
767 3679 938 3742 discordias
962 3689 1101 3742 serentes
1121 3693 1152 3739 12

70 3777 228 3842 concitent
248 3775 380 3840 finitima
400 3774 497 3852 bella,
520 3775 632 3838 deinde
650 3775 801 3838 adversus
820 3797 871 3850 ea,
894 3793 974 3855 quae
997 3764 1105 3833 eonci-

69 3871 219 3951 iuverint,
241 3870 355 3937 armari
372 3869 529 3934 civitatem
548 3869 736 3952 defendique
753 3867 938 3952 prohibeant
961 3875 1005 3941 et,
1029 3825 1208 4127 cr

879 3966 929 4017 13*
1059 3988 1063 3995 ·
