2566 4524
303 113 422 170 umas
438 113 509 186 vu,
525 112 624 170 esea.
643 112 868 189 [acassam]
1037 106 1100 175 391

63 275 214 364 ipsorum
236 271 415 361 exemplum
436 270 470 337 in
492 293 546 339 eos
569 295 742 340 versurum.
788 296 844 341 cur
869 285 975 343 autem
996 280 1101 365 potius

63 369 231 457 Campani
251 389 362 456 agrum
380 367 492 435 Italiae
508 367 715 447 uberrimum,
739 368 868 457 dignam
885 394 962 459 agro
979 372 1100 454 urbem,

61 466 121 552 qni
138 486 202 531 nec
221 484 256 530 se
273 485 333 530 uec
351 485 409 529 sua
427 463 520 529 tutari
541 472 685 549 possent,
708 486 804 549 quam
825 465 925 532 victor
946 469 1101 536 exercitus

62 560 215 638 baberet,
243 559 298 644 qui
320 579 377 624 suo
400 558 515 624 sudore
537 578 575 624 ac
597 559 751 646 sanguiue
772 559 846 625 inde
865 558 1024 629 Samnites
1047 564 1102 630 de-

63 652 225 742 pulisset?
250 675 292 718 an
313 672 450 737 aequum
473 673 558 732 esse,
585 652 750 720 dediticios
773 675 849 722 suos
871 655 925 722 illa
942 657 1135 730 fertilitates

67 759 164 836 atque
182 747 372 816 amoenitate
389 747 522 834 perfrui,
542 769 577 814 se
594 748 756 814 militando
774 748 877 817 fessos
894 752 928 816 iu
944 753 1103 841 pestilenti

68 855 164 930 atque
182 842 274 908 asido
291 841 374 908 circa
390 841 501 909 urbem
519 843 585 909 solo
603 842 715 910 luctari
732 853 787 909 aut
808 844 842 911 in
863 845 942 913 urbe
963 847 1103 914 insiden-

71 947 130 1005 tem
147 936 257 1004 labem
279 938 447 1003 crescentis
469 937 504 1002 in
525 937 593 1004 dies
616 937 754 1004 faenoris
775 939 860 1026 pati?
885 941 964 1007 haec
985 942 1136 1029 agitatas

73 1033 202 1100 occultis
222 1032 487 1099 coniurationibus
505 1033 641 1099 necdum
659 1034 788 1121 vulgata
800 1035 833 1100 in
846 1056 955 1102 omnes
970 1037 1102 1104 consilia

74 1130 187 1195 invenit
209 1151 312 1195 novus
335 1129 445 1194 consul
469 1127 507 1195 C.
525 1128 667 1195 Marcius
685 1130 827 1210 Rutilus,
851 1131 902 1196 cui
925 1130 1101 1219 Campania

74 1233 153 1292 sorte
178 1223 342 1310 provincia
369 1233 527 1301 evenerat,
557 1224 597 1308 Q.
623 1224 758 1292 Servilio
785 1226 906 1314 collega
927 1229 968 1293 ad
989 1227 1101 1294 urbem

72 1319 186 1386 relicto.
224 1319 330 1404 itaque
348 1341 420 1384 cum
439 1321 543 1384 omnia
562 1342 599 1386 ca
618 1320 699 1386 sicut
715 1332 806 1408 gesta
824 1333 912 1388 erant
929 1346 985 1410 per
1003 1325 1100 1390 tribu·
1119 1341 1133 1391 9

73 1436 126 1481 nos
145 1423 297 1500 conperta
314 1422 346 1480 et
363 1423 464 1479 aetate
482 1413 611 1480 haberet
633 1426 664 1480 et
681 1438 742 1481 usu
760 1416 885 1495 doctus,
909 1419 1025 1505 quippe
1046 1420 1100 1503 qui

72 1508 132 1575 iam
161 1517 308 1593 quartum
335 1509 445 1574 consul
468 1519 553 1577 esset
574 1511 768 1595 dictatorque
791 1522 822 1576 et
844 1534 956 1579 censor
977 1512 1100 1592 fuisset,

72 1614 235 1690 optumum
252 1614 353 1681 ratus,
377 1603 549 1669 differendo
568 1627 671 1691 spem,
695 1600 956 1691 quandocumque
974 1608 1099 1686 vellent,
1212 1631 1219 1641 ·

23 1704 45 1719 “
70 1699 192 1765 consilii
211 1699 403 1783 exsequendi
416 1699 580 1765 militarem
594 1702 746 1787 impetum
759 1700 923 1781 frustrare,
942 1724 1099 1768 rumorem

71 1793 204 1879 dissipat
225 1793 259 1858 in
280 1793 393 1859 iisdem
415 1794 553 1881 oppidis,
582 1805 613 1861 et
632 1818 714 1860 anno
732 1806 805 1883 post
822 1796 980 1882 praesidia
996 1795 1101 1864 hiber·

73 1897 190 1954 natura
236 1888 339 1953 divisa
360 1888 443 1954 enim
467 1901 553 1955 erant
574 1911 631 1976 per
650 1889 844 1977 Campaniae
861 1891 969 1979 urbes,
993 1907 1152 1958 mana-10

70 1993 241 2068 verantque
260 2007 279 2048 a
294 1982 407 2069 Capua
425 1985 554 2050 consilia
567 1985 601 2049 in
614 1986 785 2051 exercitum
799 2008 933 2052 omnem.
963 2009 1001 2053 eo
1014 1988 1101 2053 laxa

70 2089 177 2144 mento
195 2078 437 2165 cogitationibus
456 2080 529 2144 dato
548 2079 667 2162 quievit
684 2080 716 2143 in
734 2081 911 2165 praesentia
930 2081 1050 2146 seditio.

131 2171 358 2239 XXXVIIII.
405 2173 527 2239 Consul
553 2173 664 2238 educto
687 2174 720 2238 in
742 2174 862 2238 aestiva
883 2173 994 2252 milite,
1023 2175 1132 2240 dum1

65 2268 193 2353 quietos
209 2265 367 2333 Samnites
386 2267 536 2345 habebat,
555 2267 727 2332 exercitum
744 2289 878 2354 purgare
896 2267 1099 2334 missionibus

66 2362 320 2429 turbulentorum
345 2362 509 2427 hominum
535 2362 683 2440 institnit,
715 2362 784 2427 aliis
812 2361 941 2427 emerita
967 2361 1099 2428 dicendo
1203 2402 1207 2409 ·

70 2457 227 2544 stipendia
244 2478 328 2536 esse,
351 2458 429 2525 allos
448 2480 561 2546 graves
578 2458 642 2523 iam
660 2467 761 2523 aetate
780 2466 834 2522 aut
850 2455 969 2522 viribus
987 2479 1100 2544 parum

65 2552 201 2619 validos.
234 2553 361 2637 quidam
374 2553 408 2618 in
421 2562 614 2619 commeatus
628 2552 839 2631 mittebantur,
859 2551 975 2639 singuli
986 2552 1097 2639 primo,
1117 2566 1133 2615 a

64 2646 183 2714 deinde
197 2656 229 2713 et
241 2646 384 2715 cohortes
398 2650 563 2734 quaedam,
582 2648 656 2733 quia
669 2647 778 2735 procul
792 2647 832 2714 ab
846 2649 939 2714 domo
953 2670 991 2715 ac
1004 2648 1098 2715 rebus

54 2741 134 2813 suis
156 2741 391 2822 hibernassent3
417 2765 475 2830 per
497 2743 635 2830 speciem
657 2743 752 2809 etiam
774 2742 955 2809 militarium
972 2765 1097 2822 usuum,

63 2856 142 2905 cum
169 2835 225 2903 alii
249 2836 311 2903 alio
336 2839 541 2916 mitterentur,
570 2861 686 2924 magna
711 2860 785 2925 pars
812 2836 958 2925 ablegati.
1004 2853 1133 2922 quama

65 2930 303 2998 multitudinem
320 2932 431 2998 consul
448 2932 526 2999 alter
538 2932 659 2999 Romae
672 2925 858 3018 praetorque
876 2931 953 2996 alias
972 2954 1012 2997 ex
1029 2931 1099 2996 aliis

68 3023 219 3112 fingendo
236 3048 340 3093 moras
357 3027 520 3094 retinebat.
565 3037 597 3093 et
613 3027 714 3114 primo
732 3025 860 3111 quidem
876 3024 979 3112 ignari
995 3023 1099 3090 ludifi-
1116 3039 1134 3089 4

66 3118 201 3186 cationis
220 3119 349 3186 minime
366 3121 456 3186 inviti
472 3121 583 3187 domos
601 3119 788 3188 revisebant.
815 3127 984 3206 postquam
996 3139 1099 3203 neque

64 3213 184 3281 mesti
210 3212 252 3280 ad
278 3214 370 3302 signa
394 3215 513 3302 primos
539 3237 599 3281 nec
624 3215 724 3280 ferme
750 3214 846 3280 alium
872 3234 968 3298 quam
990 3211 1044 3297 qui
1065 3212 1099 3277 in

65 3306 249 3396 Campania
273 3308 505 3388 hibernassent,
536 3309 766 3397 praecipueque
793 3330 833 3376 ex
858 3309 908 3374 his
936 3306 1099 3374 seditionis

63 3412 230 3480 auctores,
247 3402 330 3468 mitti
345 3403 505 3482 viderunt,
527 3404 663 3491 primum
681 3403 859 3482 admiratio,
884 3401 996 3469 deiude
1013 3400 1100 3468 haud

61 3497 184 3565 dubius
203 3497 297 3564 timor
312 3497 443 3566 incessit
459 3499 595 3578 animos,
614 3497 745 3564 consilia
763 3520 820 3564 sua
838 3519 1017 3565 emanasse:
1034 3497 1098 3563 iam
1117 3514 1133 3563 a

61 3591 284 3679 quaestiones,
302 3593 367 3661 iam
378 3593 503 3674 indicia,
522 3594 586 3660 iam
599 3593 722 3661 occulta
735 3593 931 3681 singulorum
945 3590 1099 3679 supplicia

61 3686 278 3777 inpotensque
296 3698 328 3756 et
344 3690 470 3758 crudele
488 3689 654 3758 consulum
671 3700 850 3777 sopatrum
866 3690 900 3755 in
918 3711 952 3755 se
965 3708 1098 3774 regnum

61 3802 229 3871 passuros.
264 3783 344 3852 baec
369 3785 425 3871 qui
449 3785 483 3852 in
505 3786 615 3853 castris
639 3794 726 3852 eraut
747 3784 877 3852 occultis
901 3778 1096 3850 sermonibus
1115 3795 1132 3848 6

59 3888 184 3958 serunt,
201 3900 317 3947 nervos
332 3880 553 3948 coniurationis
568 3882 684 3948 eiectos
698 3890 764 3946 arte
778 3877 913 3946 consulis
924 3881 1096 3942 cernentes.
