2566 4524
135 107 199 173 328
360 115 477 169 Lissa
494 114 549 184 v1,
568 114 610 168 aa
623 114 665 168 23.
686 117 761 182 [au.
773 113 864 168 cers.
879 113 942 184 374]

135 275 332 361 comitiisque
354 272 456 338 iurare
477 280 588 359 parato
609 271 643 335 in
659 269 757 338 verba
774 271 975 341 excusandae
991 273 1131 339 valetudini
1192 300 1198 337 ;

136 372 227 440 solita
245 393 418 437 consensus
435 368 544 456 populi
561 367 729 434 restiterat:
758 368 815 433 sed
831 377 981 456 vegetum
1001 370 1132 469 ingenium
1168 448 1171 453 Ι
1191 393 1198 431 ε

134 469 168 534 in
190 467 296 533 vivido
317 473 442 552 pectore
464 462 593 551 vigebat
614 461 797 549 virebatque
818 462 950 552 integris
969 465 1100 532 sensibus
1113 476 1134 532 et
1168 480 1171 485 ·

135 562 244 629 civiles
265 561 329 627 iam
351 581 401 626 res
423 558 508 623 haud
531 578 722 644 magnopere
744 555 912 623 obeuntem
938 557 1023 651 bella
1046 560 1134 626 excitu·
1194 584 1198 589 ·

48 668 52 675 ·
98 656 220 723 abant.
265 663 412 739 quattuor
441 651 619 739 legionibus
649 661 836 736 quaternum
870 652 993 725 milium
1028 654 1135 745 scriptis,
1196 690 1198 697 ·

136 748 276 817 exercitu
292 747 409 813 indicto
427 747 468 812 ad
484 755 608 832 portam
624 745 824 831 Esquilinam
839 746 874 837 in
891 738 1051 834 posteram
1065 736 1135 839 diem,

135 845 176 910 ad
203 842 362 911 Satricum
387 842 557 928 profectus.
592 839 638 906 ibi
664 862 736 905 eum
763 851 995 928 expugnatores
1023 843 1134 910 coloniae

134 939 378 1024 haudquaquam
396 936 546 1022 perculsi,
563 934 696 1003 fidentes
714 936 848 1001 militum
866 959 1008 1017 numero,
1027 960 1083 1027 quo
1096 936 1138 1003 all·

101 1053 116 1101 9
135 1043 286 1119 quantum
299 1029 515 1117 praestabant,
531 1029 782 1116 opperiebantur.
813 1039 983 1116 postquam
997 1032 1139 1119 appropin-

135 1149 231 1213 quare
248 1126 410 1192 Romanos
434 1133 612 1201 senserunt,
636 1123 792 1210 extemplo
810 1125 844 1189 in
861 1124 962 1191 aciem
978 1127 1138 1213 procedunt,

133 1221 212 1288 nihil
228 1220 367 1299 dilaturi,
386 1220 462 1305 quin
479 1218 653 1306 periculum
672 1241 813 1285 summae
829 1242 935 1285 rerum
948 1220 1093 1288 facerent:
1105 1221 1139 1285 ita

133 1317 283 1404 paucitati
297 1315 437 1381 hostium
449 1314 527 1379 nihil
541 1324 622 1380 artes
636 1314 831 1400 imperatoris
845 1315 939 1395 unici,
958 1316 1070 1401 quibus
1081 1315 1140 1383 solis

134 1411 339 1489 confiderent,
358 1409 538 1496 profuturas
557 1431 638 1476 esse.

102 1529 114 1576 1
198 1504 335 1571 XXIII.
366 1504 456 1570 Idem
474 1505 566 1569 ardor
584 1513 615 1570 et
631 1504 665 1568 in
677 1503 822 1569 Romano
840 1505 980 1571 exercitu
998 1515 1063 1573 erat
1077 1505 1140 1571 etin

134 1600 232 1667 altero
246 1601 340 1678 duce,
358 1620 417 1664 nec
434 1599 607 1685 praesentis
626 1597 833 1664 dimicationis
851 1597 1012 1675 fortunam
1028 1600 1088 1683 ulla
1099 1620 1140 1665 res

133 1704 352 1782 praeterquam
373 1694 467 1759 unius
489 1693 547 1759 viri
571 1691 735 1758 consilium
757 1701 851 1777 atque
872 1693 1040 1780 imperium
1059 1716 1142 1769 mora·

133 1790 235 1868 batur,
255 1789 309 1875 qui
323 1789 519 1854 occasionem
532 1788 740 1853 iuvandarum
752 1787 872 1853 ratione
885 1788 1001 1859 virium
1011 1788 1141 1855 trahendo

100 1885 217 1952 abello
244 1882 422 1969 quaerebat.
464 1905 501 1947 eo
528 1883 630 1969 magis
656 1882 756 1948 hostis
782 1883 912 1962 instare,
939 1906 999 1951 nec
1021 1886 1081 1950 iam
1098 1905 1142 1971 pm

134 1978 245 2044 castris
273 1987 395 2043 tantum
422 1977 487 2043 suis
513 1978 669 2064 explicare
696 1977 810 2056 aciem,
846 1979 903 2043 sed
933 1978 1144 2064 procedereiu

133 2073 272 2138 medium
295 2072 411 2158 campi,
440 2081 471 2137 et
491 2073 575 2137 vallo
596 2078 694 2159 p'rope
716 2072 854 2137 hostium
868 2072 974 2160 'signa
999 2072 1146 2140 inferendo

100 2189 115 2236 3
135 2166 303 2255 superbam
325 2167 473 2232 fiduciam
490 2167 604 2231 virium
622 2176 787 2232 ostentare.
823 2167 856 2231 id
874 2189 968 2255 aegre
985 2168 1148 2255 patiebatm

77 2297 80 2301 ²
132 2262 296 2327 Romanus
314 2261 419 2340 miles,
442 2261 541 2326 multo
560 2261 684 2347 aegrius
703 2260 781 2326 alter
798 2282 839 2325 ex
861 2260 995 2328 tribunis
1017 2256 1149 2340 militum,

132 2356 174 2421 L.
192 2354 323 2434 Furius,
347 2354 436 2421 ferox
454 2377 526 2419 cum
544 2363 646 2419 aetate
664 2362 696 2420 et
712 2355 839 2441 ingenio
861 2363 928 2420 tum
951 2350 1151 2423 multitudinis

99 2473 116 2519 4
134 2474 174 2516 ex
195 2450 402 2515 incertissimo
426 2449 578 2515 sumentis
597 2448 718 2513 animos
738 2471 793 2534 spe
811 2448 947 2514 inflatus.
982 2450 1038 2518 hio
1054 2475 1109 2539 per
1124 2472 1153 2517 se

132 2546 196 2610 iam
213 2544 327 2609 milites
344 2544 488 2608 incitatos
506 2544 635 2631 insuper
651 2543 823 2630 instigabat
836 2543 1000 2624 elevand0,
1020 2568 1084 2631 qua
1099 2568 1154 2613 nna

132 2648 267 2726 poterat,
287 2647 388 2703 aetate
401 2639 617 2705 auctoritatem
631 2638 784 2727 collegae,
802 2638 969 2705 iuvenibus
988 2639 1075 2708 bella
1091 2643 1155 2709 data

132 2734 278 2799 dictitans
297 2742 329 2798 et
347 2755 419 2798 cum
437 2735 618 2821 corporibus
637 2735 744 2822 vigere
760 2744 792 2801 et
804 2734 1012 2805 deflorescere
1027 2739 1155 2815 animos3

99 2849 115 2897 5
133 2836 345 2893 cunctatorem
367 2850 408 2893 ex
429 2828 579 2894 acerrimo
601 2827 751 2894 bellatore
773 2829 906 2906 factum,
935 2839 967 2895 et
989 2832 1048 2916 qui
1070 2834 1156 2904 adve-

132 2921 222 2986 niens
249 2930 353 2987 castra
377 2921 534 3008 urbesque
559 2923 661 3009 primo
687 2923 808 3010 impetu
833 2945 944 3010 rapere
971 2925 1017 2991 slt
1044 2926 1157 3003 solitus,

132 3040 205 3083 eum
222 3017 357 3084 residem
375 3017 456 3084 intra
468 3019 586 3083 vallum
599 3028 723 3105 tempus
738 3027 850 3095 terere,
869 3017 946 3102 quid
959 3040 1155 3091 accessurum

99 3133 113 3181 6
133 3112 197 3178 suis
220 3112 463 3178 decessurumve
485 3111 623 3177 hostium
641 3111 760 3178 viribus
779 3119 971 3198 sperantem,
997 3136 1096 3200 quam
1112 3106 1155 3183 oc

132 3206 303 3286 casionem,
323 3207 408 3291 quod
421 3216 560 3293 tempus,
579 3229 674 3291 quem
687 3206 809 3273 insidiis
827 3206 1024 3277 instruendis
1043 3206 1157 3276 locum?

97 3318 112 3367 t
131 3301 246 3387 frigere
268 3324 306 3366 ac
328 3311 450 3387 torpere
474 3302 558 3367 senis
581 3301 719 3367 consilia.
756 3300 813 3368 sed
831 3299 968 3368 Camillo
987 3325 1066 3370 cum
1081 3304 1155 3370 vitae

132 3395 207 3460 satis
226 3405 293 3460 tum
310 3394 430 3482 gloriae
448 3418 527 3462 esse.
555 3395 632 3480 quid
649 3396 780 3462 attinere
798 3417 869 3461 cum
887 3396 1017 3462 mortali
1035 3416 1153 3487 corpore

131 3511 195 3554 uno
223 3489 371 3568 civitatis,
403 3513 499 3576 quam
524 3489 722 3557 inmortalem
750 3512 821 3557 csse
847 3489 971 3570 deceat,
1000 3494 1070 3579 pati
1090 3513 1153 3559 eon·

131 3606 295 3650 senescere
312 3585 415 3651 vires?

95 3695 112 3746 8
194 3676 257 3744 His
285 3679 480 3746 sermonibus
506 3689 572 3745 tota
597 3680 630 3744 in
657 3701 691 3745 se
713 3687 867 3745 averterat
889 3688 1009 3759 castra,
1038 3690 1148 3746 etcum
1176 3728 1181 3737 .

130 3772 274 3839 omnibus
301 3773 378 3840 locis
401 3783 582 3861 posceretur
602 3797 723 3862 pugna:
752 3768 946 3853 ‘sustinere,’
972 3773 1075 3859 inquit
1095 3764 1145 3835 ‘lt

128 3866 218 3947 Furi,
246 3890 310 3937 non
331 3891 500 3955 possumus
526 3869 678 3955 impetum
699 3867 846 3946 militum,
874 3876 906 3934 et
926 3866 1042 3946 hostis,
1068 3862 1144 3932 cuim
