2550 4530
208 239 274 307 334
437 248 558 305 amna
573 248 745 317 masaa.
764 247 1016 322 [naamam]

210 419 278 477 erat
299 447 356 487 -‚
383 407 478 474 simul
499 408 606 474 hostes
628 431 649 472 a
673 407 838 474 moenibus
863 429 1025 473 recessere
1049 416 1084 474 et
1106 407 1222 478 imiorcs

176 504 347 578 oRomani
368 503 410 569 ad
435 502 573 569 edictum
599 501 667 568 sine
692 503 911 569 retractatione
936 524 1123 569 convenere.
1162 505 1220 570 dnn

145 651 146 654 ,
210 597 417 667 conscribitur
428 597 551 663 Romae
564 598 730 676 exercitus,
749 608 853 663 castra
864 597 989 663 interim
1006 597 1144 664 hostium
1154 597 1219 664 haul

208 693 318 783 procul
339 692 416 758 Alie
435 691 564 757 flumine
585 692 702 778 posita,
728 692 803 757 inde
828 714 941 779 agrum
965 691 1031 758 late
1055 691 1219 781 populantes

208 789 338 855 fatalem
360 809 395 852 se
416 785 488 852 urbi
509 787 673 853 Romanae
698 786 804 853 locum
829 787 952 875 cepisse
977 788 1062 854 inter
1087 812 1122 855 se
1144 789 1218 855 iacta

176 906 191 954 s
209 885 300 951 bant:
322 881 457 948 similem
474 904 625 968 pavorem
642 882 715 948 inde
733 905 771 948 ac
787 881 899 970 fugam
914 881 984 948 fore
1006 905 1046 949 ac
1063 881 1144 950 bello
1160 880 1218 950 Gal·

209 981 271 1046 lico
288 979 392 1044 suerit.
428 978 543 1043 etenim
561 979 590 1043 si
607 978 691 1043 diem
708 987 888 1044 contactum
905 977 1059 1065 religione
1071 977 1217 1066 insignem·

210 1096 271 1160 que
280 1072 405 1140 nomine
415 1072 483 1138 eius
496 1072 559 1138 loci
571 1072 701 1137 timeant
708 1072 854 1151 Romani,
872 1082 991 1157 quanto
1003 1073 1109 1161 magis
1117 1069 1218 1139 Aliensi

210 1169 260 1233 die
278 1166 386 1232 Aliam
403 1167 519 1253 ipsam,
543 1176 782 1232 monumentum
798 1176 905 1232 tantae
922 1166 1037 1246 cladis,
1059 1165 1219 1233 reformida·

210 1261 316 1328 turos?
337 1261 459 1348 species
476 1259 618 1347 profecto
635 1260 685 1327 his
703 1260 748 1326 ibi
765 1270 869 1326 truces
884 1257 1050 1328 Gallorum
1068 1278 1219 1347 sonumque

160 1345 191 1427 'r
211 1356 297 1423 vocis
319 1355 353 1420 in
376 1355 476 1421 oculis
499 1365 593 1440 atque
616 1354 745 1421 auribus
768 1355 845 1421 fore.
889 1355 948 1420 has
968 1355 1114 1422 inanium
1138 1374 1219 1421 term

209 1453 318 1517 inanes
341 1451 427 1537 ipsas
450 1449 612 1516 volventes
634 1449 839 1537 cogitationes
865 1450 1011 1516 fortunae
1032 1449 1095 1516 loci
1117 1450 1220 1537 delega-

209 1554 319 1612 verant
336 1567 409 1631 spes
427 1567 511 1610 suas.
547 1544 685 1610 Rommi
708 1555 830 1624 contra,
857 1543 1051 1630 ubicumque
1074 1545 1220 1611 essetIa·

209 1640 294 1704 tinus
312 1637 427 1716 hostis,
447 1639 524 1704 satis
543 1638 633 1716 scire,
652 1661 726 1704 eum
744 1661 829 1719 esse,
847 1659 943 1724 quem
960 1639 1001 1704 ad
1018 1639 1176 1727 Regillum
1187 1637 1221 1703 la·

210 1757 282 1799 cum
304 1732 463 1798 devictum
485 1743 612 1798 centum
633 1755 787 1798 annorum
811 1755 890 1819 pace
913 1731 1052 1799 obnoxia
1076 1732 1221 1799 tenuerint¹

177 1853 192 1901 s
210 1831 315 1897 locum
332 1830 489 1917 insignem
506 1829 658 1895 memoria
679 1828 777 1894 cladis
798 1828 996 1894 inritaturum
1020 1850 1056 1894 se
1076 1822 1221 1916 potinsal

212 1925 378 1990 delendam
402 1922 585 1989 memoriam
607 1922 768 1988 dedecoris
794 1944 890 2008 quam
911 1931 947 1987 ιιι
968 1922 1115 1988 timorem
1135 1920 1220 1997 fatiat,

179 2040 251 2086 one
278 2041 342 2102 qua
367 2028 448 2082 terra
475 2016 515 2082 sit
541 2016 665 2084 nefasta
690 2016 838 2083 victoriae
862 2038 946 2082 suae.
991 2016 1070 2102 quin
1093 2016 1153 2104 ipsi
1175 2011 1221 2080 att

211 2111 297 2179 Galli
315 2113 342 2179 si
360 2112 531 2178 offerantur
547 2112 601 2178 illo
618 2113 703 2192 loco,
722 2135 756 2179 se
773 2113 819 2178 ita
834 2120 1044 2200 pugnaturos,
1057 2121 1105 2191 ¹nt
1121 2111 1222 2178 Romae

209 2207 418 2296 pugnaverint
439 2207 472 2272 in
493 2208 663 2295 repetenda
683 2207 798 2295 patria,
829 2216 865 2272 ut
884 2214 1012 2294 postero
1039 2206 1093 2272 die
1114 2207 1154 2272 ad
1172 2201 1223 2271 Ge

209 2303 289 2383 bios,
309 2312 384 2369 tunc
402 2324 475 2367 cum
493 2302 662 2381 effecerint,
681 2325 722 2368 ne
741 2301 812 2387 quis
829 2301 945 2380 hostis,
963 2300 1020 2386 qui
1036 2301 1160 2367 moenia
1173 2298 1223 2364 llo·

210 2421 304 2464 mana
325 2397 486 2475 intrasset,
513 2397 657 2462 nuntium
680 2396 839 2476 secundae
861 2395 1077 2482 adversaeque
1099 2395 1224 2462 fortunat

210 2493 338 2558 domum
356 2491 517 2579 perferret

176 2609 189 2655 1
273 2586 461 2653 XXVIIII
484 2586 547 2652 His
566 2585 722 2670 utrimque
735 2584 847 2651 animis
861 2585 902 2650 ad
915 2582 1024 2650 Aliam
1039 2588 1222 2651 ventumcst.

210 2681 342 2748 dictator
354 2680 527 2760 Romanus,
546 2690 715 2768 postquam
731 2680 765 2744 in
782 2687 954 2790 conspectu
969 2678 1082 2746 hostes
1096 2676 1223 2746 erantia·

211 2774 320 2840 structi
336 2774 523 2858 intentique.
547 2775 690 2840 ‘videsne
708 2772 766 2852 tu,’
787 2772 889 2857 inquit
907 2772 964 2838 ‘A.
984 2769 1161 2860 Semproni,
1176 2765 1222 2837 loa·

209 2869 336 2934 fortuna
356 2868 427 2934 illos
450 2869 547 2936 fretos
570 2869 612 2935 ad
629 2868 737 2934 Aliam
759 2867 958 2935 constitisse?
977 2890 1038 2934 nec
1058 2868 1123 2934 illis
1144 2865 1221 2933 diia-

210 2961 356 3029 mortales
379 2963 517 3030 certioris
545 2965 714 3050 quicquam
734 2962 868 3029 fiduciae
894 2962 1063 3029 maiorisve
1090 2960 1172 3048 quod
1190 2954 1220 3025 st

176 3057 318 3128 tauxilii
339 3058 490 3125 dederint.
526 3069 560 3125 at
579 3067 615 3124 tu
636 3057 736 3124 fretus
759 3057 853 3124 armis
877 3057 1053 3143 animisque
1080 3050 1220 3124 conclu&

82 3174 86 3181 ·
210 3152 299 3238 equis
316 3152 430 3221 invade
448 3152 584 3219 mediam
606 3153 721 3232 aciem3
748 3174 808 3240 ego
829 3173 902 3218 cum
922 3150 1105 3239 legiom'bus
1126 3150 1218 3217 intu-

209 3248 300 3314 batos
318 3249 572 3336 trepidantesque
589 3247 724 3312 inferam
742 3247 842 3334 signa.
870 3246 978 3312 adeste
996 3245 1041 3310 dii
1059 3254 1156 3312 testes
1169 3240 1218 3308 foe·
1255 3250 1265 3337 ij

211 3343 294 3408 deris
312 3353 343 3408 et
365 3344 501 3431 expetite
522 3364 640 3430 poenas
664 3340 785 3407 debitas
808 3340 903 3408 simul
924 3339 1016 3407 vobis
1037 3338 1162 3406 violatis
1178 3353 1219 3401 no·
1257 3404 1265 3434 .-

178 3434 323 3519 ebisque
338 3458 396 3522 per
413 3448 553 3504 vestrum
574 3459 692 3503 numen
714 3435 875 3523 deceptis!
913 3456 979 3500 non
1000 3434 1218 3519 equitemaa
1260 3488 1265 3497 .

210 3530 348 3617 peditem
366 3533 542 3599 sustinuere
558 3530 766 3598 Praenestini.
792 3529 893 3617 primo
910 3529 1032 3615 impetu
1048 3552 1089 3597 ac
1106 3531 1218 3597 clamm
1262 3547 1263 3557 ¹

212 3625 354 3711 dissipati
367 3626 492 3693 ordines
507 3636 594 3707 sunt;
612 3627 694 3706 dein,
713 3634 881 3736 postquam
894 3623 981 3690 nullo
993 3622 1066 3690 loco
1079 3616 1218 3690 constald
1259 3708 1262 3718 ἢ

211 3720 304 3799 acies,
323 3730 412 3810 terga
428 3733 554 3789 vertunt
571 3721 821 3805 consternatique
839 3729 870 3785 et
886 3727 1012 3807 praeter
1024 3728 1131 3786 castra
1144 3713 1216 3781 etan

212 3838 270 3882 sua
286 3838 402 3903 pavore
419 3817 549 3904 praelati
567 3839 631 3882 non
648 3815 735 3904 prius
759 3836 794 3881 se
816 3813 858 3880 ab
881 3813 985 3880 effuso
1007 3833 1103 3880 cursu
1125 3808 1216 3877 sistunt

177 3932 193 3978 e
212 3932 307 3994 quam
322 3911 357 3976 in
381 3923 552 3998 conspectu
568 3910 741 3977 Praeneste
763 3908 832 3974 fuit
867 3907 914 3974 ibi
934 3930 975 3974 ex
995 3907 1078 3996 fuga
1097 3891 1214 3989 discipul
1257 3922 1265 3981 ι

211 4004 326 4086 locum,
343 4025 438 4093 quem
450 4005 652 4072 tumultuario
669 4025 763 4092 opere
776 4003 1015 4082 communirent,
1032 4000 1163 4089 capiunt,
1177 4009 1213 4065 ne
