2566 4524
218 218 283 283 464
406 228 525 284 arasa
541 227 642 298 vmr,
659 227 772 282 ao-rr.
791 229 866 297 [au.
877 224 1066 299 esar-sas]

221 389 405 477 spondendo
422 388 638 473 impetravere,
656 394 692 452 ut
706 385 820 451 foedus
833 384 971 464 daretur,
983 407 1093 471 neque
1105 394 1143 451 ut
1155 408 1244 473 aequo

221 495 327 551 tamen
348 482 489 561 foedere,
514 482 571 548 sed
592 490 627 546 ut
647 481 681 545 in
703 480 821 547 ditione
844 479 957 568 populi
976 478 1120 547 Romani
1141 490 1242 548 essent.

186 604 202 652 9
220 579 340 667 Apulia
357 577 532 665 perdomita
549 615 591 626 —
609 600 682 642 nam
699 575 837 643 Forento
859 598 988 662 quoque
1010 576 1119 643 valido
1140 577 1241 665 oppido

220 677 332 741 Iunius
350 674 469 761 potitus
487 681 609 738 erat-
625 673 660 737 in
671 673 824 739 Lucanos
841 680 1036 759 perrectum,
1053 672 1131 740 inde
1145 695 1241 760 repen·

171 793 203 842 10
221 772 287 837 tino
304 770 442 835 adventu
450 766 581 833 Aemilii
598 769 736 835 consulis
745 768 898 835 Nerulum
910 768 945 833 vi
957 778 1101 855 captum.
1128 778 1158 835 et
1167 776 1240 857 post·

221 886 317 950 quam
338 887 388 930 res
409 862 539 949 Capuae
562 862 716 929 stabilitas
733 863 880 929 Romana
899 862 1073 950 disciplina
1093 862 1175 931 mma
1190 884 1240 949 per

222 959 325 1027 socios
347 958 504 1045 vulgavit,
526 955 711 1023 Antiatibus
734 979 875 1043 quoque,
897 957 953 1042 qui
975 980 1012 1023 se
1035 957 1106 1025 sine
1127 956 1239 1045 legibus

222 1054 329 1133 certis,
353 1054 421 1120 sine
438 1052 675 1140 magistratibus
693 1075 789 1141 agere
812 1050 1040 1139 querebantur,
1065 1051 1131 1119 dati
1145 1051 1182 1119 ab
1197 1073 1240 1118 se·

219 1160 296 1215 natu
314 1150 356 1214 ad
372 1149 442 1214 iura
459 1150 625 1215 statuenda
642 1148 743 1234 ipsius
762 1147 903 1214 coloniae
919 1147 1067 1234 patronis
1093 1170 1153 1215 nec
1166 1168 1239 1213 arms
1261 1186 1265 1193 ·

220 1245 326 1323 modo,
346 1244 404 1309 sed
421 1244 490 1309 iura
506 1244 601 1309 etiam
618 1243 764 1311 Romana
780 1243 844 1310 late
859 1243 1033 1330 pollebant.

188 1363 200 1411 1
284 1338 387 1405 XXI.
411 1336 449 1404 O.
459 1338 570 1403 Iunius
580 1336 744 1405 Bubulcus
763 1347 794 1404 et
804 1337 844 1422 Q.
854 1336 1014 1404 Aemilius
1022 1337 1239 1405 Barbulaocu-

221 1434 306 1501 sules
324 1433 410 1499 exitu
427 1433 502 1499 anni
518 1456 583 1499 non
600 1432 783 1500 consulibus
801 1433 842 1500 ab
860 1455 895 1500 se
914 1433 1044 1511 creatis,
1067 1431 1127 1521 Sp.
1140 1432 1239 1499 Nautio

221 1539 252 1594 et
268 1527 317 1592 M.
334 1527 474 1614 Popilio,
498 1538 637 1594 ceterum
655 1528 799 1594 dictatori
816 1528 857 1593 L.
872 1525 1013 1593 Aemilio
1031 1527 1175 1616 legiones
1189 1536 1240 1593 tn·

185 1623 374 1688 ediderunt.
410 1623 448 1701 is,
468 1645 540 1687 cum
557 1623 599 1689 L.
613 1623 727 1688 Fulvio
746 1623 898 1710 magistro
915 1623 1064 1707 equitum
1084 1621 1258 1717 Saticulam·

220 1740 403 1805 oppugnare
426 1718 569 1796 adortus,
592 1717 765 1783 rebellandi
786 1714 915 1783 causam
934 1715 1140 1785 Samnitibus
1161 1716 1237 1783 dedit.

186 1830 201 1878 a
220 1813 338 1899 duplex
355 1813 428 1880 iude
446 1822 546 1878 terror
562 1812 678 1878 inlatus
696 1811 864 1878 Romanis:
889 1811 965 1877 hino
984 1810 1121 1880 Samnis
1141 1828 1238 1899 magno

220 1909 359 1973 exercitu
378 1918 486 1973 coacto
504 1907 545 1972 ad
563 1908 747 1973 eximendos
769 1906 934 1973 obsidione
955 1907 1065 1973 socios
1084 1908 1170 1974 haud
1182 1927 1239 1995 pro·

219 2003 274 2067 cui
283 2003 393 2067 castris
403 2002 619 2068 Romanorum
628 2012 731 2069 castra
738 2002 853 2088 posuit,
862 2000 936 2067 hinc
946 1997 1131 2069 Sab’culani
1142 2020 1238 2089 magno

219 2118 293 2161 cum
310 2095 447 2160 tumultu
462 2095 629 2182 patefactis
641 2107 769 2183 repente
786 2095 884 2183 portis
897 2094 931 2161 in
944 2097 1104 2165 stationes
1121 2096 1239 2164 hostim

183 2189 423 2256 cincurrerunt.
462 2191 536 2256 inde
557 2214 631 2278 pars
653 2201 786 2277 utraque
812 2213 869 2278 spe
894 2190 991 2257 alieni
1015 2192 1126 2280 magis
1150 2186 1239 2258 auxili

218 2307 314 2370 quarn
331 2285 451 2352 viribus
469 2285 550 2352 freta
568 2286 634 2351 suis
651 2286 736 2352 iusto
753 2308 829 2351 mox
849 2285 970 2373 proelio
992 2285 1078 2353 inito
1096 2287 1238 2354 Romanos

216 2390 363 2468 urguent,
378 2390 409 2445 et
422 2403 613 2465 quamquam
628 2403 744 2466 anceps
758 2379 916 2445 dimicatio
929 2390 1007 2459 erat,
1021 2388 1135 2448 tamen
1150 2380 1239 2447 ubim-

218 2497 280 2559 que
298 2486 397 2540 tutam
415 2476 515 2540 aciem
532 2474 665 2540 ‹liotator
681 2474 801 2553 habuit,
815 2475 890 2559 quia
903 2483 935 2540 et
946 2472 1059 2541 locum
1076 2477 1162 2543 haud
1178 2471 1238 2541 laci-
1275 2540 1279 2561 .

216 2569 280 2635 lem
302 2570 343 2635 ad
364 2570 674 2635 circumveniundum
700 2570 783 2655 cepit
805 2578 836 2634 et
862 2569 989 2636 diversa
1016 2572 1132 2638 statuit
1157 2570 1236 2658 signa

183 2687 199 2735 5
217 2663 361 2729 infestior
382 2674 487 2729 tamen
508 2665 542 2728 in
564 2676 762 2751 erumpentes
785 2664 914 2730 incessit
934 2687 997 2732 nec
1017 2689 1143 2756 magno
1160 2673 1237 2732 certe·

217 2759 302 2821 mine
319 2758 401 2822 intra
418 2758 542 2822 moenia
560 2759 709 2845 conpulit,
728 2769 795 2823 tum
813 2768 911 2825 totam
928 2760 1034 2825 aciem
1052 2762 1089 2826 in
1100 2759 1236 2829 Samnite!
1275 2760 1279 2769 ’

184 2851 362 2925 aobvertit.
397 2851 443 2917 ibi
463 2851 535 2937 plus
558 2853 736 2918 certaminis
758 2853 832 2931 fuit,
851 2852 984 2918 victoria
1003 2855 1092 2923 sicut
1110 2880 1188 2935 sera,
1205 2853 1236 2917 in

217 2967 277 3010 nec
295 2944 391 3011 dubia
407 2967 466 3011 nec
479 2946 567 3011 varia
584 2947 654 3013 fuit.
680 2947 745 3013 fusi
761 2948 795 3012 in
813 2957 915 3014 castra
925 2945 1095 3018 Samnites
1113 2946 1235 3019 extincti!
1273 2948 1279 3021 ’.

217 3051 309 3106 nocte
327 3040 454 3128 ignibus
473 3042 567 3107 tacito
585 3042 712 3128 agmine
730 3042 847 3108 abeunt
864 3052 896 3108 et
913 3064 970 3129 spe
990 3044 1122 3113 abiecta
1135 3044 1235 3115 Satio]-
1273 3086 1279 3115 ι

216 3135 266 3201 lac
285 3136 419 3201 tuendae
436 3134 602 3201 Plisticam
619 3137 694 3222 ipsi,
719 3137 821 3204 socios
839 3138 1079 3221 Romanorum,
1099 3153 1135 3208 ut
1148 3156 1234 3229 partu

216 3231 358 3297 dolorem
374 3231 457 3296 hosti
475 3232 649 3310 redderent,
668 3232 902 3298 circumsidunt.

184 3345 197 3390 1
281 3325 400 3391 XXII.
422 3324 519 3392 Anno
533 3327 722 3392 circumacto
735 3327 853 3394 bellum
870 3327 1025 3417 deinceps
1045 3331 1090 3399 ab
1108 3332 1232 3399 dictatut

218 3416 370 3500 Q.Fabi0
387 3431 514 3506 gestum
532 3432 589 3498 est,
609 3422 753 3487 consules
772 3422 856 3500 novi,
876 3421 959 3488 sicut
978 3427 1172 3512 superiores,
1185 3422 1232 3490 Rc·
1272 3459 1279 3505 ς

216 3534 287 3576 mae
305 3524 497 3581 manserunt.
524 3514 643 3581 Fabius
662 3517 703 3581 ad
720 3516 938 3602 accipiendum
952 3517 995 3585 ab
1004 3519 1151 3588 Aemilio
1165 3536 1231 3585 exe·
1272 3510 1279 3591 i

182 3626 198 3673 2
218 3607 313 3671 citum
332 3608 373 3673 ad
392 3606 565 3675 Saticulam
584 3633 657 3676 cum
675 3612 892 3699 supplemento
910 3612 1011 3680 venit.
1049 3610 1230 3703 nequeenim
1271 3608 1279 3691 ξ

218 3699 377 3768 Samnites
400 3704 441 3770 ad
461 3703 626 3770 Plisticam
652 3715 847 3785 manserant,
875 3706 932 3774 sed
954 3707 1072 3777 accitis
1098 3710 1139 3777 nb
1157 3708 1229 3775 dom
1271 3704 1279 3781 J

214 3798 305 3863 novis
324 3798 485 3877 militibus,
504 3801 702 3866 multitudine
720 3802 793 3867 freti
810 3812 913 3868 castra
931 3803 1061 3885 eodem,
1075 3828 1139 3891 quo
1150 3810 1226 3873 ent&
1275 3798 1279 3867 .’

214 3891 284 3958 loco
302 3902 489 3979 posuerunt:
516 3894 769 3982 lacessentesque
787 3897 907 3983 proelio
923 3895 1096 3967 Romanos
1112 3905 1225 3965 avertat
1277 3910 1279 3915 '

179 4005 196 4054 3
214 3985 254 4051 ab
273 3987 435 4054 obsidione
453 3990 655 4058 conabantur.
692 4016 729 4059 eo
746 3992 897 4058 intentius
916 3992 1057 4061 dictator
1076 3996 1111 4061 in
1126 3984 1222 4061 moeni!

1275 672 1279 715 l
