2566 4524
155 216 219 284 538
452 224 571 282 LIBER
589 224 630 296 X,
648 223 690 280 40.
711 227 787 294 [au.
800 241 823 280 c.
837 223 903 295 461]

120 409 137 457 a
154 410 223 454 ram
241 384 304 453 diei
320 384 485 470 noctisque
498 386 639 450 oderunt.
666 383 757 450 tertia
769 381 879 470 vigilia
890 381 996 451 noctis
1008 382 1072 450 iam
1084 385 1179 454 relatis

155 481 267 548 litteris
290 504 311 547 a
332 480 454 566 collega
475 477 622 564 Papirius
646 476 768 543 silentio
790 477 893 565 surgit
915 487 948 544 et
969 477 1135 565 pullarium
1153 481 1181 547 in

122 600 138 648 a
157 576 333 663 auspicium
350 575 454 640 mittit.
489 573 611 639 nullum
632 581 700 639 erat
720 593 821 661 genus
843 571 1012 639 hominum
1028 573 1064 640 in
1080 573 1179 642 castis

155 674 308 739 intactum
329 669 499 756 cupiditate
520 689 662 756 pugnae,
689 667 806 734 summi
826 666 993 754 infimique
1018 690 1118 756 aeque
1141 668 1182 735 in·

157 767 234 833 tenti
251 773 352 843 erant,
376 764 442 829 dux
458 763 606 842 militum,
628 762 719 830 miles
737 762 827 829 ducis
850 762 996 830 ardorem
1019 763 1181 853 spectabat
1226 844 1228 851 Ι

122 884 139 931 4
156 862 183 928 is
202 861 294 927 ardor
311 859 451 925 omnium
470 859 565 924 etiam
582 857 624 924 ad
641 878 697 924 eos
714 856 770 943 qui
782 857 926 944 auspicio
937 858 1112 926 intererant
1122 880 1184 946 per·
1224 856 1228 891 ·“

155 956 250 1022 venit.
277 977 351 1020 nam
365 975 437 1020 cum
449 952 528 1039 pulli
540 974 605 1018 non
617 961 829 1039 pascerentur,
847 951 1002 1039 pullarius
1015 954 1183 1042 auspicium
1226 970 1228 975 '

123 1072 139 1119 c
156 1047 282 1117 mentiri
295 1071 393 1115 ausus
406 1047 577 1134 tripudium
590 1047 779 1114 solistimum
793 1047 915 1115 consuli
927 1048 1097 1117 nuntiavit
1119 1071 1184 1117 con-

158 1144 208 1214 sul
224 1145 336 1223 laetus,
355 1143 530 1230 auspicium
543 1143 706 1230 egregium
719 1165 790 1210 esse
803 1152 835 1209 et
846 1143 914 1209 deis
930 1143 1115 1212 auctoribus
1128 1166 1185 1232 rem

121 1262 137 1311 6
155 1248 300 1329 gesturos
318 1237 499 1324 pronuntiat
516 1237 705 1324 signumque
725 1259 852 1326 pugnae
869 1238 1029 1325 proponit.
1069 1236 1186 1306 exeunti

155 1336 219 1401 iam
231 1335 313 1401 forte
325 1335 359 1399 in
371 1333 471 1400 aciem
484 1333 607 1398 nuntiat
619 1332 763 1421 perfuga,
782 1333 895 1421 viginti
912 1333 1059 1401 cohortes
1071 1332 1187 1402 Samni·

155 1429 235 1494 tium
252 1467 295 1479 -
316 1427 595 1516 quadringenariae
617 1428 717 1495 ferme
739 1437 888 1494 erant-
915 1426 1102 1495 Cominium
1122 1449 1187 1516 pro-

155 1523 265 1590 fectas.
293 1523 379 1608 quod
386 1545 426 1588 ne
435 1523 593 1610 ignoraret
601 1523 731 1610 collega,
751 1523 910 1610 extemplo
928 1524 1077 1590 nuntium
1090 1523 1185 1603 mittit,

155 1617 224 1703 ipse
242 1618 334 1705 signa
351 1617 438 1683 ocius
455 1617 588 1703 proferri
605 1616 707 1696 iubet;
731 1617 936 1704 subsidiaque
963 1618 1031 1684 suis
1050 1639 1186 1705 quaeque

117 1720 137 1782 '7
156 1712 234 1779 locis
254 1721 285 1777 et
300 1711 477 1799 praefectos
496 1710 645 1779 subsidiis
663 1712 863 1779 adtribuerat
901 1712 1014 1780 dextro
1033 1735 1133 1780 cornu
1146 1713 1184 1778 L.

156 1806 372 1885 Volumnium,
391 1807 517 1872 sinistro
525 1807 567 1872 L.
579 1803 770 1892 Scipionem,
790 1805 948 1890 equitibus
961 1806 1091 1894 legatos
1103 1807 1183 1886 alios,

122 1920 138 1969 8
158 1900 196 1967 O.
208 1899 393 1967 Caedicium
411 1911 443 1967 et
461 1898 531 1988 [T]
551 1900 754 1979 Trebonium,
772 1899 932 1996 praefecit.
971 1898 1030 1988 Sp.
1041 1901 1185 1969 Nautium

112 2002 115 2009 ’
156 1995 260 2061 mulos
279 1995 425 2061 debactis
437 1994 568 2062 clitellis
586 2017 658 2061 cum
678 2005 757 2078 [ΙΙΙ]
775 1994 957 2062 cohortibus
977 1996 1087 2064 alariis
1099 1997 1132 2063 in
1143 2005 1187 2062 tu·

150 2087 279 2153 ¹mulum
297 2097 501 2174 conspectum
518 2110 650 2176 propere
664 2089 896 2156 circumducere
909 2088 999 2156 iubet
1011 2101 1109 2177 atque
1120 2090 1186 2156 inde

157 2183 238 2249 inter
249 2183 353 2270 ipsam
366 2182 598 2250 dimicationem
611 2193 728 2268 quanto
742 2184 879 2250 maxime
892 2195 1002 2270 posset
1019 2196 1110 2252 moto
1121 2185 1186 2272 pul·

122 2301 139 2349 9
159 2301 232 2345 vere
250 2279 423 2345 ostendere.
461 2277 538 2343 dum
554 2277 603 2345 his
621 2278 760 2345 intentus
778 2279 947 2365 imperator
965 2290 1044 2359 erat,
1064 2280 1188 2347 alterca-

158 2374 201 2440 tio
219 2374 300 2440 inter
316 2371 466 2460 pullarios
489 2382 557 2439 orta
578 2373 618 2438 de
640 2373 781 2460 auspicio
804 2373 871 2439 eius
894 2372 958 2439 diei
981 2376 1186 2462 exauditaque

157 2467 198 2532 ab
221 2466 378 2552 equitibus
400 2466 567 2546 Romanis,
594 2467 663 2552 qui,
689 2489 757 2533 rem
779 2467 864 2534 haud
887 2469 1102 2554 spernendam
1124 2469 1185 2548 rati,

159 2562 215 2650 Sp.
234 2565 377 2651 Papirio,
401 2565 505 2631 fratris
523 2564 588 2630 filio
606 2564 758 2643 consulis,
782 2561 901 2652 ambigi
918 2565 959 2630 de
983 2566 1127 2653 auspicio
1143 2588 1186 2632 re·

109 2678 141 2726 10
158 2659 388 2725 nuntiaverunt.
437 2659 560 2725 iuvenis
587 2668 659 2724 ante
687 2659 859 2725 doctrinam
886 2659 963 2724 deos
992 2672 1185 2746 spernentem

109 2762 111 2765 ’
156 2764 249 2819 natus
267 2776 335 2819 rem
351 2754 547 2838 inquisitam,
573 2775 614 2818 ne
637 2753 714 2839 quid
731 2754 948 2840 inconpertum
971 2754 1124 2835 deferret,
1149 2754 1184 2820 ad

106 2868 136 2915 11
157 2845 318 2912 consulem
336 2845 456 2911 detulit.
492 2847 543 2912 cui
559 2847 626 2912 ille:
651 2854 700 2913 ‘tu
717 2848 845 2932 quidem
862 2857 965 2913 macte
988 2850 1106 2917 virtute
1123 2849 1185 2914 dili·

154 2938 324 3024 gentiaque
342 2938 423 3005 estol
451 2949 590 3007 ceterum
607 2942 664 3026 qui
681 2942 821 3027 auspicio
844 2942 947 3022 adest,
977 2943 1006 3010 si
1023 2945 1104 3029 quid
1120 2940 1182 3010 salsi

154 3033 291 3113 nuntiat,
318 3033 352 3099 in
369 3044 470 3101 semet
485 3035 592 3121 ipsum
608 3036 794 3124 religionem
811 3037 936 3122 recipit:
965 3038 1046 3103 mihi
1064 3040 1181 3124 quidem

156 3127 328 3214 tripudium
349 3130 527 3196 nuntiatum
548 3129 665 3217 populo
687 3130 832 3197 Romano
859 3131 1080 3217 exercituique
1105 3153 1182 3221 egre-

105 3242 137 3290 12
155 3223 244 3309 glum
262 3223 437 3309 auspicium
455 3222 523 3290 est?
558 3224 792 3291 centurionibus
810 3224 924 3290 deinde
941 3225 1128 3312 imperavit,
1145 3223 1180 3291 uti

154 3316 304 3403 pullarios
326 3317 408 3383 inter
428 3318 530 3405 prima
552 3319 643 3406 signa
670 3320 902 3386 constituerent.
942 3331 1134 3406 promovent
1155 3327 1179 3383 et

156 3408 315 3477 Samnites
334 3411 433 3498 signa,
452 3411 628 3497 insequitur
644 3413 728 3481 acies
746 3422 855 3480 ornata
868 3423 1068 3499 armataque,
1087 3427 1122 3481 ut
1134 3415 1179 3480 ho·

105 3523 136 3572 13
155 3503 251 3569 stium
269 3525 394 3589 quoque
411 3506 614 3594 magnificum
636 3508 850 3594 spectaculum
873 3516 968 3574 esset.
1006 3510 1179 3595 priusquam

156 3598 273 3663 clamor
290 3598 449 3666 tolleretur
467 3612 763 3688 concurrereturque
785 3602 903 3670 emisso
926 3612 1048 3672 temere
1066 3605 1129 3693 pilo
1144 3603 1179 3667 ic·

155 3700 206 3758 tus
224 3691 375 3779 pullarius
394 3704 465 3760 ante
483 3696 575 3783 signa
592 3698 713 3763 cecidit.
744 3698 830 3781 quod
848 3696 904 3763 ubi
923 3699 1049 3766 consuli
1067 3697 1178 3765 nuntia·

154 3796 222 3852 tum
231 3797 293 3855 est:
313 3787 371 3854 ‘dii
383 3788 416 3854 in
425 3791 543 3876 proelio
557 3790 649 3871 sunt,’
666 3792 767 3877 inquit
786 3790 895 3858 ‘habet
908 3814 1047 3880 poenam
1060 3794 1178 3860 noxium

104 3900 136 3949 14
155 3882 269 3968 caput?
303 3893 375 3950 ante
398 3884 560 3950 consulem
581 3885 660 3952 haec
683 3886 839 3951 dicentem
861 3908 976 3954 corvus
1004 3911 1084 3956 voce
1106 3886 1178 3952 clara

75 4066 81 4076 ι
155 3974 304 4058 occinuit3
327 4000 390 4064 quo
408 3978 509 4045 laetus
532 3981 663 4066 augurio
682 3981 791 4047 consul
810 3978 996 4063 adfirmans,
1015 3993 1176 4068 numquam

36 4178 107 4240 h
