2566 4524
149 272 212 339 152
360 284 480 339 mssa
496 283 554 349 111,
572 282 615 337 aa
629 282 672 336 aa.
692 284 765 351 [su.
776 281 961 353 ease-aas]

97 472 128 519 10
145 442 351 532 ignominiam
367 443 516 507 incensus
535 441 668 506 addidit:
692 437 872 507 Gracchum
890 438 1049 505 Cloelium
1066 438 1166 504 ducem

145 540 365 626 principesque
383 537 461 602 alios
479 537 601 601 vinctos
615 537 657 602 ad
672 559 706 601 se
721 535 836 601 adduci
847 533 949 614 iubet,
968 534 1085 621 oppido
1099 533 1166 600 Cor·

146 635 240 700 bione
263 634 383 698 decedi.
419 632 582 718 sanguinis
606 654 640 696 se
659 631 843 715 Aequorum
864 652 929 696 non
951 652 1060 717 egere,
1085 628 1165 695 licere
1196 624 1199 629 ’

147 728 233 794 abire
238 754 248 807 3
267 728 324 794 sed
341 736 377 791 ut
394 727 587 813 exprimatur
604 727 731 791 tandem
749 724 922 803 confessio,
941 723 1106 791 subactam
1121 724 1165 788 do-

97 849 127 896 11
146 823 319 906 mitemque
332 844 403 886 esse
415 831 552 908 gentem,
568 819 776 907 (subiugum)
790 818 939 884 abituros.
966 817 1068 884 tribus
1080 817 1164 883 hastis

146 917 257 1003 iugum
269 916 318 993 fit,
337 914 425 980 humi
442 915 514 980 fixis
533 914 656 979 duabus
675 936 830 1000 superque
847 936 902 979 eas
919 922 1101 978 transversa
1114 933 1164 976 um

148 1011 294 1097 deligata.
332 1010 391 1075 sub
409 1011 470 1074 hoc
487 1010 562 1096 iugo
580 1010 713 1074 dictator
729 1007 862 1092 Aequos
879 1007 975 1072 misit

115 1133 128 1179 1
212 1104 399 1170 XXVIIII.
438 1103 560 1170 Castris
585 1105 723 1170 hostium
749 1104 883 1189 receptis
909 1102 1014 1189 plenis
1041 1101 1161 1168 omnium

146 1222 251 1264 rerum
270 1238 312 1247 -
329 1201 432 1264 nudos
456 1200 538 1263 enim
562 1200 708 1264 emiserat
724 1237 781 1277 -,
804 1198 954 1284 praedam
976 1220 1102 1263 omnem
1117 1215 1161 1262 suo

113 1321 128 1369 2
146 1303 269 1358 tantum
287 1294 378 1357 militi
395 1294 490 1358 dedit.
517 1294 712 1358 consularem
731 1293 902 1357 exercitum
919 1292 1089 1377 ipsumque
1104 1311 1161 1355 con·

148 1389 248 1453 sulem
269 1388 450 1474 increpans,
479 1387 627 1453 ‘carebis'
653 1388 754 1471 inquit
776 1387 925 1472 ‘praedae
947 1396 1053 1472 parte,
1078 1384 1160 1459 milet,

147 1504 187 1547 ex
210 1505 247 1546 eo
269 1482 376 1559 hoste,
399 1483 450 1546 cui
471 1504 569 1568 prope
587 1483 722 1567 praedae
739 1481 842 1558 fuisti,
866 1490 897 1546 et
914 1490 963 1560 tu,
985 1481 1030 1545 L.
1047 1476 1160 1553 Miuud,

148 1578 248 1641 donec
274 1575 471 1640 consularem
497 1577 636 1643 animum
662 1576 794 1661 incipias
821 1574 951 1653 habere,
978 1574 1103 1662 legatus
1123 1570 1160 1636 his

113 1668 323 1756 elegionibus
349 1669 508 1756 praeeris.'
541 1670 587 1734 ita
613 1692 647 1734 se
673 1669 835 1734 Minucius
862 1668 988 1734 abdicat
1015 1666 1161 1734 consulatu

145 1765 315 1848 iussusque
341 1765 382 1828 ad
408 1765 579 1829 exercitum
604 1774 720 1829 manet.
766 1764 822 1829 sed
848 1764 928 1828 adeo
954 1773 1023 1827 tum
1048 1760 1164 1849 imperio

146 1859 267 1923 meliori
285 1859 408 1923 animus
426 1868 589 1923 mansuete
607 1858 776 1923 oboediens
796 1867 874 1936 erat,
897 1866 933 1921 ut
951 1856 1095 1923 beneficii
1109 1876 1163 1920 ma

147 1953 196 2039 gis
228 1975 323 2036 quam
353 1953 543 2039 ignominiae
569 1952 621 2017 hic
647 1953 802 2017 exercitus
828 1974 949 2016 memor
973 1961 1007 2016 et
1032 1966 1167 2017 coronam

147 2069 274 2111 auream
293 2046 435 2110 dictatori
452 2046 564 2112 libram
581 2048 687 2133 pondo
701 2046 872 2111 decreverit
885 2057 916 2112 et
928 2046 1167 2132 proficiscentem
1187 2060 1199 2113 “.

112 2161 129 2208 4
148 2163 220 2205 eum
237 2150 404 2226 patronum
423 2141 613 2206 salutaverit.
657 2141 779 2207 Romae
802 2165 822 2206 a
840 2140 880 2223 Q.
899 2140 1002 2206 Fabio
1019 2139 1172 2226 praefecto
1197 2210 1199 2215 ,

146 2235 233 2301 urbis
253 2245 379 2300 senatus
397 2234 524 2301 habitus
542 2237 785 2321 triumphantem
800 2235 984 2318 Quinctium
998 2258 1062 2321 quo
1072 2232 1174 2301 verris¹

146 2329 201 2393 bat
219 2330 344 2416 agmine
362 2331 473 2395 urbem
490 2331 614 2417 ingredi
636 2331 736 2395 iussit.
773 2330 858 2395 ducti
880 2339 952 2395 ante
974 2352 1099 2397 currum
1116 2328 1177 2393 lo·

147 2424 242 2487 stium
269 2425 380 2503 duceS,
408 2425 553 2489 militaria
576 2425 667 2511 signa
688 2424 841 2510 praelata,
869 2434 996 2490 secutus
1024 2423 1174 2490 exercitu!

112 2519 263 2604 apraeda
289 2529 432 2584 onustus.
474 2520 584 2605 epulae
610 2520 780 2584 instructae
807 2519 954 2584 dicuntur
978 2519 1079 2585 fuisse
1101 2524 1174 2582 auto

145 2614 286 2678 omnium
309 2615 435 2691 domos,
459 2615 684 2699 epulantesque
702 2636 774 2678 cum
793 2614 929 2678 carmine
948 2610 1121 2700 triumphali
1133 2610 1174 2673 cl

147 2709 351 2774 sollemnibus
373 2711 451 2774 iocis
474 2710 693 2774 comisantium
715 2709 810 2773 modo
832 2732 957 2774 currum
976 2709 1076 2774 secuti
1091 2710 1173 2772 suut·

113 2826 127 2872 6
146 2826 184 2867 eo
203 2803 253 2867 die
270 2803 312 2867 L.
331 2802 475 2868 Mamilio
495 2803 676 2869 Tusculano
699 2803 944 2889 adprobantibus
962 2803 1082 2869 cunctis
1098 2794 1176 2866 ciri·

146 2905 195 2960 tas
214 2897 288 2961 data
305 2906 362 2961 est.

212 2990 390 3057 Confestim
408 3014 443 3056 se
461 2992 593 3058 dictator
610 2993 797 3079 magistratu
814 2991 1007 3072 abdicasset,
1030 2992 1063 3057 ni
1079 2982 1172 3056 comi·
1196 3020 1199 3031 ·

145 3086 188 3152 tia
209 3085 257 3152 M.
280 3084 404 3165 Volsci,
431 3087 503 3152 falsi
530 3088 633 3165 testis,
660 3087 847 3166 tenuissent3
874 3109 912 3151 ea
932 3109 974 3152 ne
1000 3078 1166 3173 inpediret
1196 3078 1199 3097 ²

144 3181 274 3258 tribuni,
293 3182 452 3246 dictatoris
472 3181 592 3247 obstitit
609 3193 722 3246 metus.
757 3181 906 3247 Volscius
924 3181 1090 3247 damnatus
1102 3176 1165 3243 Ῑν

111 3298 126 3344 ⁷
144 3277 276 3341 nuvium
306 3276 340 3341 in
371 3277 499 3340 exilium
531 3275 616 3341 abiit.
662 3275 829 3358 Quinctius
857 3284 948 3340 sexto
974 3275 1094 3340 decimo
1113 3266 1161 3333 div
1185 3268 1188 3273 ’

146 3370 297 3434 dictatura
314 3371 347 3433 in
366 3393 423 3435 sex
440 3393 564 3436 menses
583 3380 712 3460 accepta
730 3392 764 3435 se
782 3370 949 3435 abdicavit.

207 3463 272 3529 Per
294 3486 348 3528 eos
371 3465 438 3529 dies
461 3465 571 3530 consul
588 3465 721 3530 Nautius
745 3466 785 3529 ad
802 3464 936 3529 Eretum
954 3486 1030 3531 cum
1047 3454 1155 3532 Sabini!

146 3558 272 3644 egregie
294 3568 429 3644 pugnat:
457 3559 497 3624 ad
519 3569 659 3624 vastatos
682 3582 775 3646 agros
799 3581 837 3623 ea
854 3580 980 3643 quoque
998 3558 1099 3625 clades
1112 3570 1151 3619 aa·

145 3652 240 3716 cessit
259 3649 396 3717 Sabinis.
432 3652 574 3718 Minucio
591 3652 711 3718 Fabius
731 3651 868 3734 Quintus
888 3675 1055 3719 successor
1069 3642 1171 3717 indl-

111 3765 126 3814 8
145 3746 254 3832 gidum
267 3746 394 3811 missus.
422 3758 560 3813 extremo
574 3770 656 3813 anno
670 3748 822 3834 agitatum
836 3746 876 3811 de
893 3747 965 3835 lege
981 3746 1024 3813 ab
1041 3736 1163 3811 asthma·

145 3849 206 3918 est,
234 3841 291 3905 sed
312 3841 386 3924 quia
408 3841 471 3906 duo
494 3842 809 3918 exercitus‘aberant,
831 3863 872 3906 ne
889 3841 967 3926 quid
983 3840 1112 3907 ferretm
1122 3826 1159 3899 nd·

143 3935 309 4021 populum,
327 3945 432 4022 patres
447 3947 582 4002 tenuere.
609 3935 718 4023 plebes
732 3936 821 4013 vicit,
839 3944 875 4000 ut
887 3936 1032 4021 quintum
1045 3932 1153 4003 cord&

144 4028 284 4095 tribunos
304 4039 453 4096 crearent.
