2566 4524
313 231 432 287 amna
448 232 518 303 v11,
538 233 581 288 rs.
597 232 639 287 19.
661 235 699 300 [a.
712 232 902 305 csse-m]
1061 221 1126 288 369

59 408 65 429 ⁸
97 395 212 472 solum,
236 389 405 456 sedetiam
423 389 534 455 urbem
556 400 682 476 captam
704 399 797 474 atque
820 413 1005 478 oppressam
1026 414 1125 480 regno

94 485 310 577 patriciorum,
333 493 454 550 maesta
470 482 572 571 plebis
591 494 782 569 sequeretur.
818 486 963 552 consules
983 486 1084 553 relicti
1106 512 1125 553 a
1145 508 1177 556 ro

94 592 180 670 parte
198 578 310 667 populi
325 601 383 667 per
399 577 642 662 infrequentiam
660 579 787 644 comitia
799 580 897 646 nihilo
911 582 1039 668 segnius
1053 604 1124 668 per·
1212 655 1213 658 Ἴ

95 676 213 743 ficiunt.
236 674 332 740 creati
345 672 491 739 consules
505 673 599 738 ambo
612 673 743 759 patricii,
758 672 806 738 M.
815 672 935 741 Fabius
945 675 1124 743 Ambustus
1224 725 1229 735 .

96 770 236 848 tertium,
263 767 303 832 Τ.
326 766 503 851 Quinctius.
539 768 573 831 in
598 767 788 850 quibusdam
814 769 979 837 annalibus
1004 794 1062 858 pro
1085 770 1123 836 T.

99 863 246 950 Quinctio
264 862 312 928 M.
330 861 490 948 Popilium
508 862 670 929 consulem
688 863 822 928 invenio.

80 962 83 967 ’
151 956 305 1025 XVIIII.
340 955 417 1022 Duo
435 956 518 1022 bella
535 979 573 1022 eo
592 979 673 1022 anno
690 979 841 1044 prospere
858 968 963 1045 gesta,
983 959 1157 1028 cumTi-1

98 1052 302 1137 burtibusque
315 1051 357 1117 ad
369 1051 560 1117 deditionem
572 1061 757 1138 pugnatum.
787 1049 920 1118 Sassula
933 1075 974 1118 ex
987 1053 1036 1119 his
1050 1054 1125 1120 urbs

100 1158 201 1236 capta3
229 1156 393 1230 ceteraque
411 1146 528 1232 oppida
545 1146 677 1211 eandem
695 1147 854 1213 fortunam
870 1147 1070 1227 habuissent,
1093 1150 1127 1214 ni

101 1245 243 1310 universa
267 1264 346 1328 gens
372 1241 483 1327 positis
510 1241 605 1307 armis
631 1242 665 1306 in
689 1241 785 1307 fidem
811 1243 948 1308 consulis
975 1243 1123 1309 venisset.

102 1336 322 1424 triumphatum
344 1334 384 1401 de
406 1334 606 1416 Tiburtibus,
634 1335 773 1420 alioquin
795 1337 880 1403 mitis
902 1336 1032 1404 victoria
1054 1338 1158 1405 suita
1193 1382 1214 1419 0

102 1431 130 1497 in
150 1429 396 1516 Tarquinienses
423 1429 534 1496 acerbe
557 1431 725 1495 saevitum:
752 1430 859 1495 multis
882 1432 1066 1499 mortalibus
1092 1433 1126 1498 in

104 1620 248 1709 quaginta
269 1628 341 1684 octo
363 1618 490 1697 delecti,
512 1618 728 1686 nobilissimus
747 1620 894 1704 quisque,
918 1621 973 1704 qui
990 1621 1126 1688 Romam

105 1715 302 1791 mitterentur,
321 1712 434 1800 volgus
449 1711 535 1776 aliud
547 1714 747 1779 trucidatum.
783 1737 842 1779 nec
855 1715 991 1801 populus
1009 1717 1041 1780 in
1060 1738 1124 1796 eos,
1144 1734 1160 1781 3

103 1809 152 1893 qui
168 1808 259 1874 missi
271 1807 408 1873 Romam
426 1817 527 1887 erant,
546 1808 652 1874 mitior
664 1808 738 1872 fuit:
756 1809 861 1874 medio
878 1810 912 1873 in
929 1809 998 1875 foro
1016 1832 1125 1878 omnes

106 1902 193 1989 virgis
217 1902 302 1968 caesi
324 1922 362 1967 ac
384 1902 487 1967 securi
508 1903 659 1989 percussi.
695 1903 729 1968 id
745 1926 803 1990 pro
820 1904 989 1970 immolatis
1006 1905 1041 1970 in
1057 1904 1126 1971 foro

106 1995 374 2082 Tarquiniensium
390 1995 543 2061 Romanis
565 2019 686 2083 poenae
708 1997 852 2065 hostibus
873 1999 1040 2065 redditum.
1075 2022 1126 2066 res
1144 2020 1162 2067 4

105 2090 179 2160 bello
195 2094 277 2160 bene
290 2101 412 2180 gestae,
430 2103 467 2158 ut
480 2090 639 2159 Samnites
654 2115 779 2179 quoque
793 2094 962 2160 amicitiam
975 2104 1126 2181 peterent,

105 2188 279 2254 effecertmt.
314 2186 427 2274 legatis
450 2208 558 2252 eormn
581 2187 710 2253 comiter
732 2187 773 2252 ab
796 2199 908 2254 senatu
928 2212 1126 2275 responsum,

105 2282 225 2350 loedere
241 2283 275 2347 in
292 2281 474 2347 societatem
492 2282 622 2367 accepti.

160 2377 234 2444 Non
251 2376 362 2443 eadem
379 2376 464 2463 domi
482 2397 563 2460 quae
580 2375 709 2441 militiae
727 2375 853 2442 fortuna
871 2385 937 2441 erat
958 2375 1044 2462 plebi
1060 2377 1127 2442 Ro·
1144 2398 1159 2447 5

103 2495 219 2539 manae.
255 2494 330 2536 nam
343 2471 403 2537 etsi
415 2469 554 2536 unciario
569 2469 697 2536 faenore
714 2469 799 2535 facto
815 2470 920 2536 levata
936 2493 1033 2536 usura
1050 2480 1126 2553 erat,

104 2576 182 2633 sorte
197 2567 269 2654 ipsa
287 2564 499 2632 obruebantur
516 2565 625 2651 inopes
643 2586 823 2649 nexumque
845 2564 980 2631 inibant:
1007 2587 1045 2630 eo
1066 2587 1127 2631 nec

100 2661 245 2749 patricios
268 2658 362 2726 ambo
385 2659 529 2725 consules
552 2681 654 2744 neque
676 2659 872 2724 comitiorum
895 2681 1002 2724 curam
1022 2659 1128 2746 publi-

100 2779 175 2826 cave
198 2756 302 2823 studia
323 2777 398 2843 prae
419 2754 550 2843 privatis
572 2755 780 2821 incommodis
801 2754 892 2842 plebs
918 2755 960 2820 ad
987 2755 1127 2821 animum

98 2851 292 2921 admittebat.
337 2851 518 2917 consulatus
549 2860 679 2935 uterque
710 2850 795 2937 apud
823 2850 972 2936 patricios
1002 2859 1125 2916 manet:
1145 2872 1160 2920 o

96 2946 244 3015 consules
262 2945 358 3012 creati
373 2944 412 3011 O.
427 2942 586 3031 Sulpicius
600 2945 728 3010 Peticus
743 2947 902 3029 quartum‘,
921 2945 969 3009 M.
980 2945 1127 3012 Valerius

96 3038 264 3109 Publicola
280 3040 403 3105 iterum.

161 3135 202 3203 In
212 3135 334 3202 bellum
346 3132 518 3199 Etruscum
530 3133 681 3198 intentam
696 3132 867 3209 civitatem,
886 3131 960 3215 quia
969 3130 1128 3196 Caeritem

96 3228 251 3317 populum
263 3226 479 3295 misericordia
491 3227 770 3315 consanguinitatis
781 3225 1062 3310 Tarquiniensibus
1072 3225 1128 3290 ad-

96 3324 240 3391 iunctum
251 3323 340 3390 fama
352 3321 487 3401 ferebat,
505 3322 602 3408 legati
614 3321 723 3387 Latini
736 3321 777 3387 ad
786 3320 921 3386 Volscos
936 3329 1127 3398 convertere,

97 3418 294 3498 nuntiantes,
316 3417 488 3484 exercitum
505 3417 717 3504 conscriptum
735 3426 953 3500 armatumque
974 3415 1038 3481 iam
1061 3415 1126 3481 suis

97 3512 213 3583 linibus
231 3512 399 3592 inminere,
421 3513 495 3578 inde
512 3512 753 3600 populabundos
770 3511 804 3575 in
821 3534 932 3599 agrum
946 3511 1127 3577 Romanum

99 3618 249 3685 venturos
267 3630 348 3677 esse.
384 3607 507 3675 censuit
523 3607 620 3695 igitur
638 3615 779 3685 senatus,
797 3616 940 3674 neutram
958 3607 1127 3696 neglegen-
1147 3629 1160 3674 ⁷

98 3696 171 3769 dam
187 3726 258 3773 rem
275 3726 361 3783 esse,
379 3713 511 3789 utroque
524 3703 665 3790 legiones
684 3703 779 3770 scribi
796 3703 1004 3788 consulesque
1025 3705 1128 3771 sortiri

102 3799 276 3885 provincias
302 3797 404 3869 iussit.
438 3796 599 3866 inclinavit
625 3800 738 3865 deinde
763 3822 837 3885 pars
859 3800 959 3865 maior
981 3822 1073 3864 curae
1095 3800 1160 3863 ins

103 3888 272 3963 Etruscum
288 3894 422 3975 bellum,
440 3905 610 3983 postquam
626 3895 736 3961 litteris
756 3892 889 3982 Sulpicii
906 3895 1056 3970 consulis,
1076 3893 1128 3956 cui

106 3980 265 4075 tarquinii
281 3988 443 4077 provincia
461 3999 620 4074 evenerat,
644 3989 805 4080 cognitum
823 3999 885 4069 est,
904 3986 1128 4141 dppopulatum

149 4107 202 4153 met
215 4107 259 4152 rot.
269 4105 287 4150 1.
