2566 4524
354 251 516 321 «arcear,
536 253 559 308 r.
577 253 601 308 a
621 256 660 322 [a.
670 251 699 308 c.
710 252 857 323 rsa-717]
933 271 936 276 ·
1083 245 1121 312 11

98 411 198 479 vertit.
230 431 326 492 quem
344 430 415 472 eum
434 408 474 471 ad
492 407 674 492 speluncam
695 411 861 474 vadentem
881 409 986 476 Cacus
1003 412 1035 478 vi
1052 435 1125 498 pro-

95 505 203 571 hibere
226 510 356 567 conatus
379 511 477 579 esset,
503 501 584 566 ictus
608 502 696 567 clava
716 503 811 568 fidem
833 514 994 589 pastorum
1015 508 1125 591 nequi-

97 621 191 683 quam
208 597 360 662 invocans
378 605 477 660 morte
494 594 651 660 occubuit.

159 690 312 757 Evander
328 698 395 754 tum
414 712 451 753 ea
467 689 621 776 profugus
640 711 680 754 ex
697 689 916 775 Peloponneso
939 695 1122 761 auctoritate
1139 713 1157 766 8

97 787 197 874 magis
221 807 317 868 quam
336 783 467 870 imperio
488 783 618 870 regebat
639 784 721 860 loca,
750 784 935 851 venerabilis
961 787 1011 851 vir
1031 789 1125 854 mira-

96 882 166 946 culo
191 881 380 956 litterarum,
407 879 453 944 rei
478 900 578 944 novae
603 879 684 942 inter
708 878 802 944 rudes
830 881 943 945 artium
969 882 1122 962 homines,

95 975 304 1042 venerabilior
328 973 490 1038 diuinitate
516 974 634 1038 credita
660 971 847 1039 Carmentae
873 977 996 1054 matris,
1028 1000 1123 1060 quam
1214 1013 1216 1017 v

95 1071 283 1154 fatiloquam
300 1077 371 1131 ante
387 1065 527 1152 Sibyllae
544 1068 578 1130 in
591 1066 715 1132 Italiam
733 1067 902 1132 adventum
920 1071 1049 1136 miratae
1068 1094 1123 1135 eae

95 1173 207 1253 gentes
231 1162 364 1226 fuerant.
399 1161 426 1224 is
450 1169 517 1225 tum
533 1160 683 1227 Evander
704 1183 858 1226 concursu
879 1173 1041 1248 pastorum
1062 1173 1124 1229 tre·
1141 1186 1155 1232 9

95 1257 272 1345 pidantium
291 1256 372 1321 circa
389 1255 543 1329 advenam
561 1255 745 1318 manifestae
762 1277 850 1319 raum
869 1257 973 1322 caedis
1005 1259 1125 1325 excitus

94 1363 267 1439 postquam
287 1349 410 1414 facinus
432 1349 641 1432 facinorisque
667 1371 794 1413 causam
821 1349 953 1428 audivit,
981 1351 1122 1417 habitum

95 1448 294 1529 formamque
324 1443 382 1508 viri
412 1443 605 1527 aliquantum
634 1442 817 1529 ampliorem
847 1445 1122 1531 augustioremque

95 1540 235 1606 humana
255 1539 393 1615 intuens,
420 1537 547 1624 rogitat,
574 1537 628 1621 qui
649 1538 811 1603 virescet
847 1537 903 1603 ubi
928 1562 1041 1605 nomen
1067 1562 1123 1626 pa-
1142 1559 1174 1606 10

94 1645 238 1717 tremque
257 1654 294 1697 ac
310 1632 443 1720 patriam
460 1632 592 1718 accepit,
617 1631 707 1697 ‘Iove
725 1642 810 1712 nate,
833 1632 1004 1712 Hercules,
1024 1634 1123 1699 salve'

93 1728 206 1812 inquit.
245 1732 290 1790 ‘te
311 1725 388 1790 mihi
410 1734 521 1803 mater,
548 1725 685 1790 veridica
705 1726 857 1811 interpres
880 1729 987 1805 deum,
1014 1738 1122 1793 auctu-

94 1845 166 1887 rum
189 1820 371 1886 caelestium
391 1841 557 1884 numerum
578 1820 690 1884 cecinit
712 1819 829 1904 tibique
852 1843 938 1885 aram
963 1822 1016 1885 hic
1037 1822 1121 1887 dica

94 1925 163 1980 tum
181 1914 228 1992 iri,
248 1935 343 1998 quam
359 1912 595 1999 opulentissima
611 1913 686 1978 olim
703 1913 736 1977 in
753 1915 842 1979 terris
860 1936 939 2000 gens
952 1916 1122 1980 maximam

96 2019 189 2074 vocet
210 2018 327 2093 tuoque
347 2009 409 2073 ritu
431 2006 531 2073 colat!
569 2009 680 2073 dextra
700 2007 856 2074 Hercules
882 2010 956 2074 data
981 2010 1120 2096 accipere
1141 2033 1170 2079 11

98 2126 132 2170 ee
158 2124 252 2170 omen
286 2102 538 2187 inpleturumquc
563 2101 630 2166 fata
652 2125 706 2166 ara
728 2102 852 2168 condita
874 2125 912 2168 ac
937 2104 1040 2168 dicata
1066 2106 1118 2169 ait.

97 2197 141 2263 ibi
154 2207 224 2262 tum
242 2197 378 2282 primum
395 2197 475 2261 bove
493 2196 608 2287 eximia
624 2205 717 2282 capta
729 2197 768 2260 de
786 2218 883 2283 grege
901 2220 1025 2263 sacrum
1037 2198 1121 2264 Her·
1140 2221 1171 2267 12

95 2292 159 2357 culi
177 2290 325 2357 adhibitis
343 2291 384 2355 ad
405 2290 611 2355 ministerium
633 2291 807 2374 dapemque
824 2289 949 2355 Potitiis
972 2314 1009 2356 ac
1025 2291 1121 2357 Pina-

94 2387 164 2465 riis,
193 2408 275 2468 quae
296 2394 363 2449 tum
384 2384 521 2450 familiae
543 2385 679 2449 maxime
705 2385 829 2448 inclitae
852 2407 890 2450 ea
914 2385 984 2450 loca
1004 2387 1121 2453 incole-

94 2480 182 2558 bant,
202 2480 329 2543 factum.
356 2478 436 2544 forte
452 2479 497 2544 ita
510 2479 623 2556 evenit,
641 2478 792 2543 utPotitii
805 2480 846 2543 ad
858 2488 981 2564 tempus
994 2490 1120 2565 praesto
1141 2500 1171 2549 13

96 2583 204 2640 essent
224 2573 336 2657 hisque
357 2582 430 2638 exta
452 2583 692 2659 apponerentur,
717 2571 837 2637 Pinarii
858 2573 939 2637 extis
958 2574 1062 2638 adesis
1081 2575 1121 2639 ad

96 2678 233 2734 ceteram
255 2668 395 2732 venirent
415 2667 539 2753 dapem.
573 2667 647 2732 inde
667 2667 844 2732 institutum
865 2668 993 2745 mansit,
1021 2669 1121 2734 donec

95 2761 260 2827 Pinarium
285 2784 386 2848 genus
410 2761 484 2839 fuit,
516 2783 556 2826 ne
583 2761 662 2826 extis
689 2760 886 2826 sollemnium
910 2773 1118 2828 vescerentur.

95 2856 205 2922 Potitii
223 2855 263 2921 ab
280 2855 432 2922 Evandro
449 2857 552 2921 edocti
569 2855 722 2920 antistites
740 2856 821 2923 sacri
839 2856 905 2920 eius
927 2879 983 2941 per
1004 2856 1119 2922 multas
1140 2879 1171 2924 14

96 2960 215 3015 aetates
234 2948 374 3027 fuerrmt,
397 2951 496 3015 donec
514 2950 627 3018 tradito
645 2949 743 3016 servis
760 2949 894 3034 publicis
913 2950 1056 3015 sollemni
1073 2951 1121 3016 fa-

96 3043 202 3107 miliae
225 3043 398 3108 ministerio
423 3065 523 3130 genus
549 3065 641 3109 omne
667 3042 853 3108 Potitiorum
879 3044 1002 3109 interiit.
1042 3043 1120 3108 hacc
1139 3066 1171 3113 15

97 3145 165 3200 tum
188 3159 277 3202 sacra
297 3137 452 3203 Romulus
474 3160 537 3203 una
558 3159 598 3202 ex
619 3136 763 3202 omnibus
785 3136 950 3223 peregrina
972 3139 1119 3222 suscepit,

96 3231 159 3295 iam
182 3239 251 3295 tum
270 3230 500 3296 inmortalitatis
518 3232 630 3296 virtute
647 3240 768 3317 partae,
796 3230 950 3312 adquam
972 3251 1045 3295 eum
1063 3252 1120 3294 ana

95 3325 161 3389 fata
180 3323 476 3402 ducebant-fautor.

158 3416 256 3484 VIII.
282 3417 391 3484 Rebus
403 3419 517 3484 divinis
530 3419 588 3483 rite
600 3417 784 3504 perpetratis
798 3426 971 3500 vocataque
989 3417 1029 3482 ad
1047 3439 1120 3482 con·
1141 3446 1152 3490 ι

99 3513 203 3578 cilium
219 3513 427 3592 multitudine,
446 3536 526 3597 quae
544 3513 716 3577 coalescere
733 3512 766 3576 in
779 3511 886 3597 populi
899 3511 991 3576 unius
1006 3533 1119 3597 corpus

95 3607 181 3673 nulla
198 3629 233 3671 re
250 3616 469 3693 praeterquam
485 3606 609 3693 legibus
626 3614 756 3692 poterat,
775 3606 843 3670 iura
860 3605 959 3684 dedit,
979 3624 1059 3688 quae
1076 3606 1120 3670 ita
1138 3625 1152 3670 a

95 3711 205 3766 sancta
222 3700 331 3787 generi
347 3701 509 3767 hominum
527 3701 643 3787 agresti
664 3700 731 3764 fore
752 3709 853 3776 ratus,
881 3699 908 3764 si
926 3721 960 3764 se
980 3699 1049 3784 ipse
1067 3721 1120 3764 ve-

92 3794 269 3859 nerabilem
289 3793 468 3881 insignibus
489 3795 612 3881 imperii
629 3793 768 3871 fecisset,
796 3815 868 3859 cum
891 3802 993 3858 cetero
1010 3792 1120 3856 habitu

95 3912 129 3955 se
147 3890 372 3976 augustiorem,
391 3899 457 3956 tum
475 3891 610 3956 maxime
627 3889 787 3954 lictoribus
805 3887 969 3953 duodecim
987 3887 1118 3972 sumptis

95 3982 178 4048 fecit.
207 3982 261 4050 alii
278 3982 319 4049 ab
336 4006 465 4051 numero
479 3985 593 4062 avium,
612 4005 692 4068 quae
706 3983 837 4069 augiuio
850 4003 982 4068 regnum
995 3989 1120 4065 porten-
1138 3998 1153 4044 3
