2566 4524
350 247 467 307 nrsun
484 249 521 321 v,
539 250 564 305 o.
579 250 621 307 ro.
640 249 866 323 [11411411]
1061 240 1123 310 261
1141 326 1145 336 .

95 407 255 496 extemplo
266 429 368 477 novoe
380 407 521 477 bibemos
532 408 669 479 militnm
683 409 835 479 creandos
848 431 933 489 esse,
953 411 1007 494 qui
1021 411 1124 479 aKal.

96 501 292 575 Octobribus
309 502 527 589 magistratum
548 502 733 589 occiperent
768 504 801 569 in
821 525 917 588 quem
941 505 1160 574 sententiatos

94 621 166 668 cum
186 596 327 684 pedihus
348 596 457 676 iretru,
481 597 575 665 ceteri
591 591 709 665 tribuni
726 597 860 665 militnm
878 598 954 667 nihil
973 600 1126 669 contradi-

94 715 173 761 cere.
216 706 250 761 ot
277 691 435 759 enimvero
463 688 595 778 Sergius
622 691 868 779 Verginiusque,
896 708 1021 782 propter
1046 714 1159 779 quoes

93 786 255 875 paenitere
264 785 504 872 magistratuum
513 785 581 853 eius
592 787 665 853 anni
675 800 818 853 senatum
831 787 1011 872 apparebat,
1026 789 1126 879 primo

95 879 258 967 deprecari
269 879 486 967 ignominiam,
499 879 613 945 deiude
626 881 817 947 intercedere
832 895 959 951 senatus
974 882 1126 964 consulto,

95 997 228 1061 negare,
247 995 284 1038 se
299 984 373 1041 ente
391 973 463 1041 idus
475 972 679 1052 Decembris,
697 974 881 1042 sollemnem
897 975 1043 1045 ineundis
1061 1000 1128 1044 me—

96 1067 281 1157 gistratibus
299 1067 396 1145 diem,
415 1067 532 1137 honore
549 1068 690 1137 abituros
709 1092 788 1139 esse.
819 1070 900 1137 inter
916 1070 994 1139 haec
1012 1068 1172 1138 tribunis

96 1163 211 1250 plebis,
235 1184 309 1229 cum
327 1162 360 1231 iu
377 1162 543 1230 concordia
560 1162 722 1231 bominum
742 1164 950 1252 secundisque
967 1163 1061 1233 rebus
1085 1165 1128 1228 ci-

97 1257 201 1327 unm
223 1256 315 1325 inviti
337 1255 496 1325 silentium
518 1256 704 1334 tenuissent,
728 1257 849 1327 seroces
867 1268 994 1347 repente
1016 1257 1128 1327 minari

65 1396 67 1401 -
100 1349 231 1420 tribunis
249 1350 398 1430 militum,
421 1350 482 1419 nisi
499 1350 531 1417 io
550 1351 731 1417 auctoritate
751 1363 878 1417 senatus
897 1363 1015 1429 essent,
1044 1375 1077 1419 se
1094 1352 1128 1419 io

99 1444 200 1513 1111111
228 1466 284 1513 eos
309 1443 383 1513 duci
408 1443 549 1513 iussuros
576 1467 656 1511 esse.
693 1455 760 1511 tum
784 1443 822 1513 O.
848 1443 1000 1513 Servilius
1022 1444 1162 1515 Ahnlae

69 1532 73 1633 J
100 1539 244 1609 tribunus
269 1537 418 1605 militum:
451 1539 550 1622 ‘quod
576 1539 616 1607 ad
642 1561 699 1607 vos
726 1538 849 1617 attinet,
877 1539 1127 1631 tribuniplebis,

65 1660 71 1713 3
99 1632 264 1721 minusque
286 1642 422 1710 vestras,
449 1654 490 1697 ne
512 1639 572 1724 ego
592 1631 726 1702 libenter
747 1635 917 1723 experirer,
945 1657 1040 1719 quam
1065 1657 1129 1703 uon
1170 1629 1173 1636 ¹

65 1796 69 1815 ,
98 1727 168 1814 plus
184 1727 221 1796 io
238 1726 288 1793 bis
305 1727 382 1795 iuris
398 1748 496 1813 quam
512 1727 546 1795 in
563 1727 653 1797 vobis
671 1728 766 1794 animi
785 1741 882 1808 essct3
902 1729 958 1797 sed
972 1730 1062 1798 nefas
1081 1739 1129 1795 est

98 1821 226 1889 tendere
245 1820 395 1889 adversus
414 1821 630 1891 auctoritatem
647 1833 785 1890 senatus.
812 1823 942 1911 proinde
961 1833 992 1889 et
1004 1845 1061 1889 vos
1075 1823 1163 1892 deo

65 1974 68 1983 .
100 1915 190 1980 sinite
212 1915 295 1979 inter
317 1927 424 1981 nostra
447 1919 616 1982 certamina
639 1917 742 1982 locum
763 1918 894 1986 iniuriae
912 1941 1075 2003 quaerere,
1097 1928 1130 1988 et

65 2056 68 2067 ·
100 2009 239 2097 cobegse
257 2021 311 2079 sut
329 2011 445 2079 tacent
463 2012 547 2097 quod
565 2022 672 2079 censet
689 2028 816 2079 senatus
832 2024 886 2081 aut
899 2014 927 2079 si
937 2013 1129 2103 pertinacius

65 2098 70 2203 ᾗ
98 2105 242 2185 eodeni,
266 2105 449 2173 dictatorem
466 2106 622 2197 extemplo
640 2107 757 2185 dicem,
781 2109 836 2192 qui
854 2131 907 2175 eos
926 2107 1131 2197 1111111111ςί-

65 2208 70 2295 {
98 2209 199 2271 reatu
230 2199 343 2287 oogst'
387 2221 460 2267 cum
486 2200 625 2269 omnium
652 2201 788 2267 adsensu
815 2202 1006 2289 conprobata
1031 2202 1163 2270 orotior

65 2298 69 2375 ζ
98 2305 185 2367 meet
201 2293 437 2381 gauderentque
453 2307 558 2385 patres
578 2295 645 2360 sine
664 2293 847 2363 tribuniciae
864 2296 1029 2385 potestatis
1043 2295 1131 2363 terri-

65 2408 67 2413 '
98 2387 177 2459 culis
204 2387 365 2459 inventam
391 2409 462 2457 esse
487 2388 582 2456 aliam
607 2388 671 2455 vim
698 2388 847 2456 maiorem
874 2389 916 2453 ad
941 2389 1129 2456 coercendos

65 2510 68 2517 ·
98 2483 317 2573 magistratio,
344 2482 420 2549 victi
441 2505 598 2549 consensu
619 2483 759 2551 omnium
786 2483 911 2551 comitia
936 2482 1164 2550 tribunorums

65 2572 68 2581 ’
98 2578 234 2643 militurn
252 2577 405 2656 habuere,
428 2579 483 2662 qui
500 2579 575 2643 Kal.
597 2575 791 2649 Octobribus
813 2577 1031 2667 magistratum
1050 2576 1132 2645 occi-

96 2683 223 2760 pereut,
244 2694 341 2760 seque
357 2671 430 2739 ante
449 2696 520 2739 enm
537 2674 620 2739 diem
638 2673 824 2760 magistra-tu
842 2671 1035 2739 abdicavere.
1233 2688 1238 2693 ‘

163 2767 213 2835 K
248 2767 291 2834 L.
302 2766 429 2836 Valerio
446 2766 552 2835 Potito
570 2780 730 2855 quartum,
748 2765 796 2833 Μ.
810 2767 907 2834 Furio
923 2765 1057 2835 Camillo
1074 2766 1133 2833 ite·
1150 2787 1163 2832 1

96 2885 186 2940 rum,
203 2860 262 2929 Μ’.
280 2860 419 2930 Aemilio
437 2860 599 2929 Mamerco
618 2863 757 2943 tertium,
782 2861 841 2928 Cn.
862 2861 1009 2930 Cornelio
1027 2860 1131 2929 Cosso

96 2958 227 3034 iteum,
245 2955 290 3025 K·
303 2955 404 3027 Fabio
417 2955 586 3034 Ambusto,
605 2957 647 3027 L.
661 2957 742 3025 Iulio
755 2957 826 3021 Iulo
845 2956 979 3025 tribunis
998 2956 1132 3024 militum

99 3051 258 3121 mosulari
274 3061 429 3140 potestate
448 3051 547 3119 multe
564 3052 649 3120 domi
666 3051 856 3135 militiaeque
873 3061 973 3138 gesta.
1010 3074 1083 3117 nem
1102 3058 1166 3116 111

99 3146 221 3217 houna
236 3147 402 3237 multiplex
418 3146 479 3227 fuit
496 3148 607 3215 eodem
626 3156 765 3235 tempore
783 3147 824 3214 ad
841 3145 938 3212 Veios
961 3154 993 3209 et
1010 3145 1050 3211 ad
1070 3142 1133 3208 Cs-

96 3264 215 3330 pcnam
233 3253 265 3313 et
283 3242 325 3311 ad
337 3241 480 3311 Falerios
497 3251 528 3307 et
544 3241 578 3309 in
590 3240 731 3317 Volscis,
750 3250 785 3307 ut
798 3238 913 3307 Anxur
930 3238 970 3303 eb
988 3235 1133 3307 hostibus

96 3346 346 3424 recuperaretur,
370 3346 401 3402 et
417 3335 539 3404 Romae
562 3335 656 3404 simul
677 3335 793 3403 dilectu
815 3333 908 3403 mmul
926 3332 1040 3401 tributo
1059 3354 1133 3400 oon·
1151 3352 1166 3401 3

96 3431 230 3505 ferendo
248 3430 426 3501 laboratum
445 3440 493 3499 est
511 3430 599 3499 etde
617 3429 749 3498 tribunis
763 3428 849 3518 plebi
863 3427 1045 3515 cooptandis
1060 3450 1134 3495 con-

98 3527 199 3593 tentio
217 3526 279 3592 fuit
295 3535 329 3597 et
345 3525 430 3595 houd
447 3547 580 3615 pomum
597 3535 718 3592 motum
731 3523 793 3590 duo
808 3522 923 3589 iudicia
937 3545 1059 3601 eorum,
1076 3520 1133 3606 qui

96 3621 195 3709 paulo
213 3631 288 3691 ante
305 3620 462 3692 consulari
478 3629 633 3709 potestate
651 3619 789 3696 fucrant,
808 3618 960 3685 excivere.

166 3713 324 3789 Omnium
335 3716 472 3805 primum
485 3713 617 3783 tribunis
631 3712 765 3781 militum
778 3713 838 3779 fuit
852 3711 1000 3779 dilectum
1012 3709 1131 3781 haberi.
1150 3727 1167 3775 4

97 3833 158 3885 nec
181 3811 321 3881 iuniores
342 3811 437 3879 modo
460 3808 642 3899 conscripti,
670 3807 727 3875 sed
748 3808 886 3875 seniores
914 3807 1008 3873 etiam
1034 3804 1133 3871 coacti
1180 3834 1183 3839 ·

98 3906 230 3979 nomina
247 3905 337 3987 dae,
355 3916 391 3973 ut
408 3905 495 3975 urbis
509 3904 685 3973 custodiam
699 3914 836 3991 egerent.
864 3913 1014 3991 quantum
1028 3909 1133 3968 sutem
1151 3914 1167 3961 s

99 3999 279 4091 ungebatur
299 4001 434 4071 militum
452 4022 616 4079 numerus,
639 4008 725 4067 tanto
742 3996 860 4065 maiore
877 3995 1010 4084 pecunia
1026 3993 1059 4059 in
1077 3990 1134 4055 sti-
