2566 4524
151 252 211 317 186
372 263 489 317 LIBER
507 260 564 331 111,
584 258 625 314 65.
639 261 681 315 66.
701 264 738 329 [a.
749 276 776 315 u.
787 275 812 314 c.
823 258 957 329 307.308]

116 447 129 492 7
148 422 255 488 tollere
278 421 407 485 animos.
444 441 519 483 cura
539 418 626 503 pacis
649 417 834 483 concordiae
860 436 987 501 quoque
1011 413 1146 481 intestimo

148 540 244 581 causa
256 515 326 580 fuit.
354 515 411 578 sed
424 513 502 577 alter
515 535 639 598 semper
651 513 728 577 ordo
741 511 847 599 gravis
861 510 990 577 alterius
1006 508 1149 575 modestiae

148 620 222 676 erat.
258 609 430 693 quiescenti
452 607 538 692 plebi
559 607 599 672 ab
621 606 794 672 iunioribus
816 615 941 692 patrum
962 604 1091 671 iniuriae
1103 600 1152 667 ficri

113 726 130 774 s
149 713 287 789 coeptae.
315 702 370 766 ubi
383 701 499 765 tribuni
512 701 629 766 auxilio
646 700 865 767 humilioribus
884 708 1007 778 essent,
1024 695 1153 784 inprimis

148 821 260 884 parurn
285 798 444 882 proderat,
471 796 584 860 deinde
614 818 654 860 ne
680 796 742 881 ipsi
767 795 895 881 quidem
918 793 1061 861 inviolati
1080 800 1154 865 aaut

149 895 256 976 utique
273 890 439 977 postremis
458 889 634 967 mensibus,
654 912 726 954 cum
745 898 776 954 et
789 911 845 976 per
858 889 1012 955 coitiones
1025 885 1173 975 potentio,

148 1010 218 1051 rum
235 986 348 1050 iniuria
364 986 453 1049 fieret
475 994 507 1048 et
528 985 576 1049 vis
595 984 758 1071 potestatis
777 983 879 1048 omnis
897 983 1060 1067 aliquanto
1075 990 1158 1067 poste·

113 1101 127 1147 e
147 1082 227 1145 riore
245 1081 318 1145 anni
335 1089 423 1164 parte
440 1078 618 1165 languidior
636 1078 733 1143 ferme
751 1087 844 1142 esset.
880 1077 1010 1161 iamque
1027 1076 1159 1164 plebeio

145 1175 179 1238 in
196 1174 356 1239 tribunatu
371 1195 487 1259 ponere
505 1172 622 1255 aliquid
641 1172 722 1256 spei,
746 1171 773 1235 si
791 1170 909 1236 similes
927 1171 1020 1236 Icilio
1039 1172 1158 1239 tribuno!

97 1268 288 1338 rehaberet:
323 1268 451 1332 nomina
476 1275 598 1330 tantum
625 1288 659 1330 se
685 1265 811 1330 biennio
836 1264 1000 1331 habuisse.
1042 1268 1157 1333 seniore

147 1372 404 1448 contrapadum,
423 1372 459 1425 ut
471 1361 563 1424 nimis
578 1360 698 1425 feroces
713 1382 787 1425 suos
802 1360 929 1425 credere
947 1360 1081 1428 iuvenes
1097 1382 1157 1439 esse

146 1459 190 1522 ita
210 1458 319 1534 malle,
344 1457 370 1520 si
392 1456 504 1520 modus
529 1456 727 1520 excedendus
746 1464 843 1532 esset,
867 1456 934 1519 suis
953 1477 1054 1539 quam
1070 1458 1158 1525 adva-

98 1574 126 1620 11
149 1552 238 1615 soriis
257 1571 422 1636 superesse
440 1549 572 1614 animos.
608 1549 687 1614 adeo
709 1549 881 1614 moderatio
900 1550 1040 1615 tuendae
1056 1551 1158 1617 liberta·

148 1646 202 1723 tis,
230 1644 305 1708 dum
329 1643 457 1727 aequari
477 1643 558 1708 velle
581 1642 756 1708 simulando
778 1644 823 1709 ita
841 1664 875 1708 se
893 1642 1031 1728 quisque
1050 1643 1156 1719 extollit,

146 1748 182 1803 nt
199 1738 353 1824 deprimat
370 1738 480 1815 alium,
502 1737 536 1801 in
553 1737 674 1802 difficili
692 1746 753 1815 est,
776 1737 997 1820 cavendoque,
1020 1761 1062 1805 ne
1077 1748 1157 1803 metu·

145 1842 211 1910 ant,
230 1833 373 1897 homines
392 1832 576 1896 metuendos
594 1832 675 1896 ultro
694 1853 729 1896 se
746 1830 899 1909 efficiunt,
923 1841 957 1895 et
973 1828 1155 1899 iniuriamsl

144 1927 237 1991 nobis
254 1926 426 2011 repulsam,
450 1935 609 2009 tamquam
627 1934 682 1991 aut
699 1925 802 1990 facere
820 1933 874 1989 aut
891 1925 959 2010 pati
977 1948 1106 1993 necesse
1117 1925 1167 2001 sil,-

145 2017 337 2105 iniungimus
356 2020 434 2084 aliis.

113 2135 126 2181 1
210 2112 337 2176 LXVI.
366 2112 404 2176 T.
421 2111 588 2194 Quinctius
604 2111 800 2198 Capitolinus
818 2122 967 2196 quartum
985 2125 1018 2181 et
1032 2114 1151 2203 Agrippt
1188 2142 1191 2147 ·

143 2207 260 2273 Furius
283 2207 428 2272 consules
450 2208 523 2272 inde
545 2207 620 2271 facti
637 2230 696 2272 nec
714 2208 899 2273 seditionem
916 2209 1006 2275 domi
1022 2233 1082 2277 neo
1095 2206 1151 2275 luit

111 2301 262 2369 ebellum
292 2311 493 2387 acceperuntz
525 2301 581 2366 sed
606 2301 778 2366 inminebat
802 2311 982 2386 utrumque.
1023 2306 1085 2371 iam
1106 2322 1150 2369 non

93 2391 96 2394 ⁴
144 2396 225 2460 ultra
246 2397 402 2461 discordia
419 2396 534 2460 civium
551 2396 678 2480 reprimi
694 2405 816 2480 poterat
833 2406 865 2460 et
881 2396 1017 2465 tribunis
1036 2411 1068 2465 et
1082 2394 1150 2485 plebs

115 2504 119 2512 ‘
142 2490 271 2555 incitata
291 2491 324 2554 in
345 2500 464 2575 patres,
492 2511 564 2554 cum
586 2489 653 2554 dies
676 2490 769 2555 alicui
794 2489 947 2555 nobilium
975 2494 1061 2559 dicta
1082 2488 1151 2557 nori.

108 2607 269 2670 asemper
286 2584 507 2649 certaminibus
526 2583 686 2648 contiones
708 2583 856 2649 turbaret.
893 2585 936 2649 ad
957 2609 1090 2670 quarum
1105 2580 1149 2671 pd-

142 2701 230 2742 mum
253 2679 416 2762 strepitum
439 2677 525 2741 velut
547 2678 637 2764 signo
665 2688 793 2762 accepto
819 2702 907 2744 arma
933 2702 1048 2767 cepero
1067 2672 1147 2762 Acqtl

144 2794 181 2836 ac
194 2770 318 2846 Volsci,
338 2771 431 2834 simul
449 2771 534 2853 quod
551 2781 771 2854 persuaserant
787 2772 826 2836 iis
845 2773 942 2838 duces
961 2777 1069 2862 cupidi
1082 2790 1147 2861 pne

144 2867 269 2942 darum,
297 2865 423 2929 biennio
449 2874 520 2929 ante
547 2866 694 2930 dilectum
720 2866 872 2933 indictum
898 2868 1012 2937 haberi
1033 2893 1093 2936 non
1109 2884 1146 2953 pt·

109 2980 126 3026 4
145 2959 243 3023 tuisse
261 2957 418 3023 abnuente
435 2959 498 3023 iam
521 2959 615 3045 plebe
632 2960 795 3044 inperium.
824 2984 861 3026 eo
884 2963 1039 3030 adversus
1058 2986 1090 3031 se
1103 2976 1145 3025 m!

143 3075 212 3118 esse
235 3053 349 3119 missos
372 3055 536 3119 exercitus.
572 3054 703 3119 dissolri
724 3055 849 3119 licentia
870 3056 1028 3123 militandi
1053 3070 1143 3123 merc·

140 3170 200 3213 nec
216 3171 274 3235 pro
293 3149 451 3213 communi
467 3149 531 3213 iam
548 3149 649 3234 patria
665 3147 800 3213 Romam
819 3171 900 3215 csse.
941 3150 1145 3236 quidquidi*

140 3266 210 3307 rum
237 3243 503 3326 simultatiumque
530 3265 602 3306 cum
625 3242 760 3307 externis
782 3243 889 3321 fuerit,
917 3244 952 3309 in
973 3247 1062 3333 ipsos
1081 3236 1144 3309 vorti

141 3347 322 3400 occaecatos
349 3335 440 3422 lupos
466 3335 614 3401 intestina
638 3334 725 3400 rabie
751 3338 948 3422 opprimendi
974 3341 1145 3407 occasionn

142 3450 222 3493 esse.

106 3543 123 3589 5
207 3520 392 3588 Coniunctis
415 3522 602 3588 exercitibus
625 3523 776 3588 Latinum
798 3525 936 3609 primum
962 3550 1076 3615 agrum
1096 3542 1147 3613 po·

139 3614 281 3700 populati
295 3626 381 3694 sunt3
400 3616 525 3692 deinde,
543 3626 710 3701 postquam
723 3617 767 3681 ibi
780 3640 873 3683 nemo
891 3621 1013 3687 vindex
1030 3634 1147 3689 cocunt·

140 3705 208 3785 bat,
231 3718 298 3771 tum
315 3732 402 3786 vero,
430 3708 640 3774 exultantibus
663 3710 736 3775 belli
759 3712 954 3793 auctoribus,
983 3717 1026 3781 ad
1047 3708 1146 3781 moeri!

139 3800 210 3885 ipsa
221 3800 342 3866 Romae
359 3802 574 3887 populabundi
591 3803 717 3889 regione
735 3815 843 3890 portae
857 3807 1047 3891 Esquilinae
1063 3822 1147 3874 aocet

140 3918 222 3974 sere,
249 3897 455 3962 vastationem
478 3920 624 3982 agrorum
645 3920 702 3983 per
723 3901 947 3967 contumeliam
967 3904 1040 3969 urbi
1064 3911 1147 3969 osten·

105 4000 250 4058 etentes.
286 3990 369 4054 unde
390 4001 558 4075 postquam
579 3990 683 4069 inulti,
710 3995 860 4077 praedam
881 4017 959 4082 prae
981 4020 1017 4063 se
1039 4002 1147 4084 agenlfl
