2566 4524
376 260 495 319 nune
511 261 548 333 v,
567 262 593 319 a.
613 260 769 334 [acme]
1025 253 1089 320 253

84 421 224 490 hiemando
243 421 425 487 continuare
441 418 570 485 bellum.
597 420 682 504 quod
694 430 862 506 postquam
876 421 1009 488 tribunis
1022 423 1090 509 ple-
1107 445 1125 494 a

83 519 117 585 bis
131 520 188 583 iam
205 518 260 581 diu
277 515 397 581 nullam
413 514 552 580 novandi
567 537 619 580 res
636 537 766 580 causam
782 516 1011 583 invenientibus
1025 518 1091 584 Ro·

80 637 146 678 mam
154 625 200 677 est
209 611 359 688 adlatum,
376 611 410 674 in
424 610 602 675 contionem
615 609 789 696 prosiliunt,
809 610 976 676 sollicitant
988 611 1090 697 plebis

80 711 188 783 animos,
208 706 270 770 hoe
287 705 365 768 illud
382 726 453 770 esse
471 704 660 782 dictitantes,
679 705 764 788 quod
776 727 850 770 aera
862 705 1013 771 militibus
1027 708 1090 772 sint
1108 729 1123 777 a

79 803 235 866 consituta.
259 821 317 864 neo
335 820 370 863 se
387 797 549 876 fefellisse,
567 799 601 863 id
618 799 737 864 donum
754 799 951 865 inimicorum
969 823 1091 867 veneno

77 895 181 960 inlitum
198 894 276 959 fore.
300 893 424 957 venisse
441 893 617 958 libertatem
634 893 751 979 plebis3
768 907 921 959 remotam
933 895 968 959 in
979 918 1091 982 perpe·
1107 916 1125 964 4

77 1000 150 1055 tuum
171 1003 202 1055 et
224 988 402 1074 ablegatam
420 986 460 1052 ab
481 986 560 1053 urbe
583 997 614 1052 et
636 987 676 1054 ab
697 987 876 1073 republica
896 989 1090 1055 iuventutem

77 1084 125 1149 iem
141 1107 179 1149 ne
196 1082 293 1147 hiemi
310 1083 438 1166 quidem
451 1092 505 1146 aut
518 1082 651 1168 tempori
664 1082 739 1146 enni
752 1083 862 1147 cedere
876 1105 913 1148 ac
926 1083 1038 1148 domos
1052 1106 1090 1149 ao

77 1202 115 1243 res
130 1179 260 1242 invisere
279 1199 362 1241 suas.
386 1197 482 1259 quam
498 1189 644 1261 putarent
662 1177 860 1241 continuatae
874 1177 1002 1242 militiae
1016 1199 1091 1242 cau·
1109 1198 1125 1248 a

77 1296 134 1338 eam
146 1273 230 1338 esee?
248 1271 366 1336 nullam
378 1270 520 1356 prolecto
534 1270 628 1334 aliam
642 1271 833 1348 inventuros,
853 1293 948 1354 quam
961 1294 1001 1336 ne
1015 1273 1091 1356 quid

77 1389 125 1452 per
131 1366 332 1450 dmuentiam
340 1366 490 1429 iuvenum
500 1387 619 1442 eorum,
638 1364 794 1448 inquibus
808 1366 890 1430 vires
906 1388 1015 1431 omnes
1025 1367 1092 1452 ple·

77 1459 115 1526 bis
123 1473 232 1538 essent,
252 1460 305 1546 agi
314 1460 353 1523 de
362 1459 535 1524 commodis
546 1481 653 1523 eorum
663 1472 781 1544 posset.
808 1459 916 1524 vexari
929 1475 1092 1545 praeterea
1109 1479 1125 1529 t

77 1564 103 1618 et
121 1555 219 1641 subigi
241 1554 340 1618 multo
362 1554 465 1618 acrius
487 1576 583 1637 quam
605 1551 769 1618 Veientes:
792 1555 909 1641 quippe
931 1555 1003 1621 illos
1025 1556 1092 1621 hie-

77 1671 144 1713 mem
162 1648 221 1715 sub
240 1648 330 1713 tectis
350 1649 415 1713 suis
434 1671 537 1734 agere,
557 1648 692 1735 egregiis
707 1648 804 1713 muris
819 1648 944 1735 situque
957 1650 1093 1716 naturali

77 1742 171 1808 urbem
189 1754 326 1807 tutantes
332 1767 341 1820 ;
360 1743 491 1807 militem
502 1743 681 1808 Romanum
699 1743 840 1829 inopere
857 1744 1024 1823 aclabore,
1043 1745 1092 1809 ni-
1110 1766 1125 1815 r

77 1835 152 1902 vibus
169 1838 352 1923 pruinisque
370 1836 531 1915 obrutum,
555 1837 613 1902 sub
632 1836 767 1922 pellibus
786 1837 899 1902 durare
920 1861 960 1903 ne
979 1838 1091 1904 hiemis

77 1932 187 2015 quidem
205 1932 321 2017 spatio,
351 1953 432 2015 quae
453 1932 593 1998 omnium
615 1932 769 1997 bellorum
787 1942 869 1997 terra
890 1933 1032 2017 marique
1051 1934 1093 1998 sit

77 2026 161 2107 quies,
177 2049 266 2090 arma
282 2026 499 2110 deponentem.
522 2026 583 2090 hoc
600 2049 701 2110 neque
720 2049 812 2113 reges
830 2049 933 2112 neque
950 2045 1024 2093 ante
1037 2027 1092 2092 tn·-
1108 2046 1126 2098 8

77 2116 220 2185 boniciam
237 2129 425 2204 potestatem
447 2132 582 2184 creatam
606 2120 759 2206 superbos
777 2121 847 2187 illos
871 2123 1018 2188 consules
1036 2145 1093 2188 ne-

77 2216 219 2297 1uetriste
232 2214 392 2278 dictatoris
404 2214 570 2299 imperium
583 2236 684 2297 neque
697 2217 882 2300 inportunos
896 2216 1092 2282 decemviros

77 2310 234 2375 niunxisse
253 2309 421 2388 servitutis,
439 2320 475 2374 ut
492 2333 660 2395 perennem
677 2311 820 2374 militiam
838 2311 988 2389 facerent,
1007 2311 1093 2395 quod

77 2403 176 2469 ribuni
190 2405 325 2468 militum
337 2404 370 2468 in
382 2403 474 2490 plebe
484 2405 628 2469 Romana
641 2427 774 2489 regnum
787 2419 977 2469 exercerent.
1001 2406 1093 2487 quid·
1111 2427 1126 2474 9

77 2522 134 2565 tam
150 2500 196 2564 illi
215 2499 361 2564 consules
379 2499 587 2564 dictatoresve
604 2499 718 2563 facturi
735 2513 855 2576 essent,
883 2499 937 2582 qui
959 2520 1095 2584 procon-

77 2594 197 2660 udarem
214 2594 385 2679 imaginem
403 2606 468 2658 tam
486 2616 614 2658 saevam
633 2615 670 2658 ac
687 2606 807 2658 trucem
821 2593 966 2658 fecerintl
986 2595 1043 2658 sed
1060 2595 1094 2660 id

77 2688 202 2753 ccidere
219 2688 306 2752 haud
322 2688 475 2752 inmerito.
502 2711 566 2752 non
584 2688 683 2752 fuisse
700 2710 740 2752 ne
758 2689 791 2752 in
809 2701 880 2752 octo
897 2689 1025 2772 quidem
1039 2689 1094 2753 tri·

77 2784 153 2848 »unis
174 2784 312 2848 militum
333 2783 438 2847 locum
460 2782 515 2846 ulli
537 2782 671 2867 plebeio.
711 2793 803 2847 antea
825 2783 907 2847 trina
927 2783 998 2848 loca
1020 2806 1093 2848 cum
1113 2805 1145 2854 10

78 2879 261 2943 ontentione
271 2901 394 2942 summa
406 2877 553 2962 patricios
567 2877 693 2962 explere
703 2879 821 2955 solitos,
840 2901 924 2942 nunc
937 2879 1000 2942 iam
1009 2894 1095 2945 octo-

77 2996 152 3059 uges
171 2973 214 3038 ad
231 2972 363 3057 imperia
380 2970 551 3036 obtinenda
567 2972 612 3036 ire
630 2983 662 3036 et
673 2995 713 3036 ne
726 2973 760 3036 in
773 2972 864 3037 turba
878 2974 1005 3056 quidem
1020 2975 1095 3039 hae·

77 3090 131 3131 ere
147 3067 307 3151 plebeium
324 3089 529 3150 quemquam,
556 3067 625 3150 qui,
653 3068 680 3132 si
702 3067 779 3130 nihil
802 3067 900 3142 aliud,
928 3069 1094 3133 admoneat
1114 3090 1143 3135 11

77 3160 211 3246 allegas,
229 3161 346 3227 liberos
365 3177 396 3225 et
413 3161 499 3226 cives
517 3184 634 3239 eorum,
654 3185 717 3226 non
731 3183 838 3226 servos
852 3160 994 3236 militare,
1014 3183 1093 3244 quos

77 3256 166 3321 deme
183 3257 296 3322 saltem
314 3257 347 3320 in
365 3256 474 3321 domos
493 3279 530 3321 ac
547 3269 630 3321 tecta
646 3257 754 3322 reduci
771 3269 913 3341 oporteat
935 3272 966 3319 et
988 3255 1093 3338 aliquo
1113 3275 1144 3324 rt

77 3374 201 3438 empore
220 3353 295 3416 anni
311 3364 457 3436 parentes
474 3349 654 3434 liberosque
677 3372 714 3414 ee
737 3351 886 3436 coniuges
904 3350 1039 3415 invisere
1063 3362 1095 3415 et

77 3469 214 3532 [surpere
231 3446 408 3511 libertatem
424 3460 456 3509 et
473 3468 577 3510 creare
596 3446 807 3532 magistratus.

121 3541 218 3606 Haec
236 3541 373 3623 taliaque
390 3540 597 3606 vociferantes
616 3541 829 3605 adversarium
847 3540 933 3604 haud
953 3540 1095 3625 inparem
1114 3559 1145 3608 13

77 3637 144 3700 uoti
164 3649 239 3700 sunt
256 3632 321 3720 Ap.
342 3634 526 3712 Claudium,
553 3635 695 3700 relictum
713 3659 733 3699 a
750 3634 878 3720 collegis
902 3635 943 3698 ad
965 3634 1096 3700 tribuni-

77 3729 126 3796 das
144 3731 316 3796 seditiones
335 3730 587 3815 conprimendos,
615 3731 718 3794 virum
740 3729 885 3793 inbutum
907 3730 970 3793 iam
989 3728 1029 3794 ab
1048 3731 1095 3793 iu-

77 3840 155 3889 'enta
172 3823 398 3890 certaminibus
416 3824 558 3910 plebeiis,
577 3847 672 3907 quem
690 3839 849 3888 auctorem
867 3823 985 3906 aliquot
1002 3825 1093 3886 annis
1114 3840 1146 3889 14

77 3919 255 3984 antefuisse
272 3936 478 3984 memoratum
496 3936 544 3984 est
561 3941 618 4005 per
636 3919 826 4005 collegarum
838 3919 1095 3983 intercessionem

77 4013 249 4082 ribuniciae
266 4016 431 4103 potestatis
449 4015 678 4081 dissolvendae.
