2566 4524
343 204 461 259 urana
478 206 507 276 1,
525 205 622 260 asso.
643 206 883 278 [scara-cro]
1085 200 1128 266 33
1207 260 1211 264 ,

95 367 202 432 ciente
221 363 352 429 oonsilio
369 363 605 449 rogitantesque
625 365 677 430 alii
701 365 793 444 alios,
812 367 947 431 nuncin
964 369 1125 438 liminibus

96 470 227 538 starent,
246 481 330 523 nunc
347 458 515 523 errabundi
532 459 641 526 domos
661 484 744 538 suas,
759 461 903 530 ultimum
922 464 999 529 illud
1017 467 1125 546 visuri,

95 563 354 642 pervagarentur.

160 649 210 713 Ut
228 670 303 713 vero
315 647 379 712 iam
393 647 532 732 equitum
546 647 664 713 clamor
681 649 767 714 exire
784 651 960 717 iubentium
977 654 1124 734 instabat,
1144 677 1162 724 4

95 745 160 809 iam
178 743 287 829 fragor
304 751 465 819 tectorum,
486 765 566 826 quae
584 743 795 822 diruebantur,
814 745 932 811 ultimis
950 747 1038 814 urbis
1056 772 1129 835 par-

96 839 182 904 tibus
201 836 387 902 audiebatur
403 837 570 922 pulvisque
584 839 825 904 ordinantibus
843 840 921 904 locis
940 853 1026 907 ortus
1041 845 1128 908 velut

95 933 183 999 nube
205 932 336 997 inducta
358 932 464 997 omnia
485 932 682 1016 impleverat,
709 936 824 1018 raptim
850 936 965 1018 quibus
993 939 1128 1022 quisque

95 1036 221 1115 poterat
239 1027 343 1105 elatis,
367 1049 439 1091 cum
456 1027 555 1091 larem
572 1050 610 1092 ac
627 1038 758 1113 penates
777 1039 936 1112 tectaque,
959 1032 993 1094 in
1011 1032 1125 1115 quibus

95 1136 191 1188 natus
205 1122 339 1206 quisque
354 1122 569 1205 educatusque
583 1133 676 1200 esset,
690 1123 901 1207 relinquentes
920 1126 1049 1204 exirent,
1064 1128 1128 1192 iam

96 1218 262 1282 continens
281 1238 396 1302 agmen
412 1216 614 1309 migrantium
638 1216 811 1302 inpleverat
825 1218 902 1283 vias.
932 1231 963 1283 et
976 1239 1162 1305 compes-5

96 1330 145 1378 tus
164 1313 299 1377 aliorum
317 1323 426 1375 mutua
439 1312 638 1376 miseratione
657 1312 834 1397 integrabat
853 1313 998 1379 lacrimas
1017 1339 1128 1381 voces-

96 1431 157 1491 que
177 1407 273 1471 etiarn
290 1405 483 1470 miserabiles
502 1406 748 1471 exaudiebantur
766 1407 931 1472 mulierum
949 1411 1126 1495 praecipue,

97 1525 170 1566 cum
194 1501 327 1566 obsessa
349 1500 388 1564 ab
411 1500 539 1565 armatis
562 1501 679 1585 templa
705 1513 841 1586 augusta
865 1504 1069 1587 praeterirent
1090 1528 1128 1569 ae

97 1596 183 1661 velut
211 1605 319 1679 captos
345 1594 555 1678 relinquerent
578 1595 663 1659 deos.
701 1596 836 1681 egressis
860 1597 970 1662 urbem
992 1597 1127 1664 Albanis
1147 1619 1162 1666 6

98 1692 263 1757 Romanus
281 1690 401 1776 passim
418 1690 544 1775 publica
561 1690 745 1776 privataque
759 1693 864 1756 omnia
878 1703 959 1756 tecta
973 1695 1129 1777 adaequat

98 1786 165 1852 solo
183 1808 309 1869 unaque
328 1785 405 1849 hora
423 1785 722 1870 quadringentorum
741 1808 893 1849 annorum
907 1809 997 1871 opus,
1013 1787 1127 1870 quibus

96 1880 184 1948 Alba
204 1889 339 1956 steterat,
354 1880 477 1944 excidio
491 1901 528 1943 ao
540 1879 638 1943 ruinis
657 1881 757 1958 dedit3
776 1881 900 1965 templis
915 1892 1020 1945 tamen
1034 1882 1127 1945 deum

99 1977 203 2040 -ita
222 1975 303 2038 enirn
323 1973 459 2038 edictum
476 1972 516 2038 ab
534 1997 609 2061 rege
627 1975 730 2039 fuerat
747 2014 789 2022 —
807 1986 1015 2061 temperatum
1032 1987 1089 2041 est.

162 2068 284 2134 XXX.
307 2068 411 2133 Roma
428 2068 552 2132 interim
570 2070 682 2133 crescit
690 2069 795 2134 Albae
813 2071 925 2134 ruinis:
949 2071 1126 2157 duplicatur
1146 2092 1159 2137 1

100 2165 218 2229 civium
240 2185 402 2240 numerus,
424 2162 551 2228 Caelius
574 2165 700 2227 additur
721 2165 790 2228 urbi
813 2189 904 2229 mons
929 2176 959 2229 et
981 2189 1044 2250 quo
1067 2166 1129 2230 fre-

98 2257 246 2342 quentius
269 2257 468 2334 habitaretur,
493 2281 562 2322 eam
585 2259 692 2322 sedem
712 2258 824 2321 Tullus
842 2261 948 2344 regiae
966 2259 1049 2344 capit
1071 2259 1130 2323 ibi-

98 2377 159 2438 que
178 2353 293 2418 deinde
310 2352 471 2417 habitavit.
506 2353 663 2438 principes
680 2350 880 2438 Albanorum
902 2354 934 2416 in
952 2366 1071 2438 patrea,
1094 2363 1129 2416 ut
1148 2373 1162 2419 2

99 2471 136 2513 ea
154 2469 281 2531 quoque
299 2468 372 2531 pars
390 2447 435 2510 rei
454 2446 598 2532 publicae
617 2456 778 2522 cresceret,
797 2445 887 2532 legit:
907 2447 1038 2523 Tullios,
1056 2445 1130 2511 Ser-

97 2543 201 2620 vilios,
222 2541 397 2623 Quinctiae,
418 2539 590 2628 Geganios,
607 2540 774 2618 Curiatios,
796 2540 944 2618 Cloelius,
964 2541 1130 2625 templum-

98 2660 160 2722 que
180 2636 282 2701 ordini
299 2635 339 2700 ab
358 2658 392 2700 se
410 2647 502 2700 aucto
521 2636 639 2699 curiam
658 2637 745 2712 fecit,
769 2658 849 2718 quae
868 2635 1007 2699 Hostilia
1028 2658 1129 2718 usque

99 2733 140 2797 ad
156 2740 284 2816 patrum
301 2740 477 2795 nostrorum
492 2739 627 2794 aetatem
645 2730 801 2815 appellata
814 2743 870 2794 est.
899 2741 929 2794 et
943 2742 977 2794 ut
990 2731 1129 2794 omnium
1149 2751 1164 2798 3

98 2826 246 2893 ordinum
264 2823 383 2890 viribus
402 2825 520 2908 aliquid
539 2848 579 2888 ex
596 2847 678 2889 novo
697 2825 813 2910 populo
832 2825 1018 2902 adiceretur,
1043 2824 1130 2908 equi-

99 2930 168 2986 tum
192 2921 301 2985 decem
324 2929 443 2985 turmas
462 2942 502 2984 ex
518 2918 654 2985 Albanis
677 2920 767 3004 legit,
790 2921 931 3006 legiones
955 2931 986 2984 et
1008 2930 1129 2983 veteres

100 3017 213 3083 eodem
232 3015 449 3100 supplemento
468 3013 605 3100 explevit
623 3023 654 3079 et
671 3037 769 3078 novas
789 3015 922 3098 scripsit.

166 3109 241 3174 Hac
271 3109 387 3174 fiducia
417 3109 530 3173 virium
557 3107 669 3172 Tullus
703 3106 830 3173 Sabinis
864 3108 980 3172 bellum
1010 3107 1164 3182 indicit‚4

100 3204 189 3292 genti
215 3227 254 3268 ea
279 3213 464 3289 tempestate
492 3203 664 3268 secundum
690 3202 843 3266 Etruscos
875 3200 1129 3285 opulentissimae

100 3299 176 3364 viris
197 3299 365 3382 armisque.
393 3299 548 3382 utrimque
566 3298 696 3362 iniuriae
710 3299 811 3361 factae
826 3319 862 3360 ae
876 3318 925 3359 res
940 3295 1131 3378 nequiquam

102 3402 190 3458 erant
211 3393 376 3478 repetitae:
403 3393 516 3457 Tullus
539 3393 580 3457 ad
601 3392 754 3457 Feroniae
777 3392 886 3454 lanum
907 3403 1046 3454 mercatu
1069 3390 1130 3454 fre·
1149 3410 1164 3458 5

104 3488 209 3570 quenti
236 3489 447 3575 negotiatores
469 3488 630 3553 Romanos
670 3487 901 3572 conprehensos
928 3485 1129 3569 querebatur3

105 3579 215 3648 Sabini
233 3604 310 3647 suos
329 3583 416 3668 prius
429 3583 462 3646 in
475 3583 582 3646 lucum
600 3582 782 3668 confugisse
796 3582 963 3646 acltomae
980 3596 1128 3644 retentos.

102 3675 159 3742 hae
177 3699 296 3742 causae
314 3675 388 3741 belli
405 3676 594 3741 ferebantur.

165 3771 290 3849 Sabini,
305 3771 383 3837 haut
398 3795 509 3858 parum
519 3793 684 3847 memores,
699 3787 730 3834 et
744 3794 871 3835 suarum
883 3770 995 3834 virium
1009 3779 1130 3854 partem
1148 3787 1163 3834 6

102 3864 223 3933 Romae
246 3865 287 3932 ab
307 3866 399 3931 Tatio
421 3867 556 3933 locatam
579 3878 610 3931 et
627 3867 804 3930 Romanam
827 3889 893 3930 rem
915 3886 1014 3949 nuper
1036 3862 1130 3924 etiam

103 3961 276 4028 adiectione
303 3961 412 4049 populi
434 3960 554 4027 Albani
579 3972 718 4038 auctam,
747 3961 987 4044 circumspicere
1013 3968 1044 4018 et
1069 3952 1130 4037 ipsi

151 4080 290 4126 nassotr.
941 4058 958 4109 3
