2566 4524
128 238 208 305 480-
325 247 445 304 nneart
461 245 562 318 VIIII,
581 245 624 303 es.
637 245 679 301 36.
699 243 911 316 [aaassqa]

130 410 225 477 bilem
243 407 343 473 aciem
360 405 571 492 redintegrato
584 403 720 470 clamore
738 403 854 470 strictis
872 402 988 492 gladiis
1000 402 1137 471 hastatiet

97 503 286 593 sprincipes
308 500 470 566 invadunt.
510 520 583 564 eum
602 498 756 585 impetum
777 519 843 564 non
863 497 1003 564 tulerunt
1022 497 1137 578 Etrusci,

130 597 293 683 versisque
311 595 409 684 signis
428 594 507 681 fuga
524 592 626 659 effusa
643 601 747 659 castra
767 601 925 681 repetunt
963 593 1021 661 sed
1039 593 1137 680 equites

130 690 268 765 Romani
288 688 447 778 praevecti
467 710 525 776 per
546 687 674 773 obliqua
696 688 799 775 campi
821 699 896 754 cum
914 711 950 755 se
968 688 1138 778 fugientibus

95 809 113 859 a
131 786 331 864 obtulissent,
350 783 468 850 omisso
486 783 528 848 ad
544 791 647 849 castra
663 782 774 850 itinere
791 793 916 851 montes
933 793 1055 872 petunt.
1083 784 1139 850 inde

129 881 242 949 inermi
257 901 359 968 paene
376 878 501 966 agmine
514 899 552 943 ac
564 885 679 944 vexato
695 876 879 946 vulneribus
892 877 927 944 in
941 878 1054 946 silvam
1062 877 1140 945 Cini-

130 977 216 1044 niam
237 983 444 1064 penetratum.
484 972 649 1039 Romanus
671 969 778 1038 multis
804 971 933 1040 milibus
956 972 1139 1040 Etruscorum

131 1072 246 1151 caesis,
264 1067 577 1155 duodequadraginta
599 1067 698 1154 signis
719 1067 907 1137 militaribus
929 1069 1042 1156 captis,
1054 1066 1141 1134 metris

131 1169 226 1235 etiam
243 1166 383 1233 hostium
400 1187 473 1230 cum
489 1163 607 1251 praede
623 1163 744 1251 ingenti
759 1165 887 1251 potitur.
915 1175 986 1230 tum
1004 1165 1043 1232 de
1058 1184 1142 1251 perse·

131 1263 256 1349 quondo
273 1262 365 1327 hoste
383 1259 497 1346 agitari
520 1267 676 1345 coeptum.

99 1377 113 1425 1
196 1353 367 1423 XXXVI.
396 1352 486 1421 Silva
503 1362 569 1420 erat
587 1351 725 1419 Ciminia
746 1352 848 1440 magis
872 1363 941 1419 tum
963 1355 1051 1420 invia
1069 1363 1143 1440 etque

130 1451 286 1519 horrende
311 1472 406 1536 quam
431 1470 532 1534 nuper
555 1447 645 1513 fuere
669 1444 850 1514 Germanici
876 1449 994 1530 saltus,
1020 1446 1143 1515 nullied

131 1569 201 1613 eam
215 1545 299 1611 diem
315 1567 356 1611 ne
373 1553 580 1610 mercatorum
598 1543 724 1628 quidem
742 1543 836 1608 adita
866 1567 938 1608 eam
950 1544 1067 1610 intrare
1077 1540 1144 1609 hond

130 1638 383 1725 fere'quisquam
403 1648 527 1724 praeter
544 1637 656 1703 ducem
673 1637 779 1723 ipsum
796 1636 948 1704 audebat:
977 1639 1047 1705 aliis
1064 1635 1144 1706 omni-

97 1754 113 1802 a
131 1735 192 1803 bus
210 1735 308 1802 cladis
319 1732 483 1801 Caudinae
498 1733 639 1798 nondum
656 1731 808 1798 memoria
825 1732 1017 1800 aboleverat.
1045 1745 1144 1800 tumes

131 1832 170 1897 iis
188 1830 243 1915 qui
260 1831 391 1896 aderant
402 1867 444 1880 -—
458 1827 595 1894 consulis
613 1825 742 1893 fratrem
759 1824 808 1893 M.
817 1826 968 1908 Fabium,
988 1827 1144 1896 Caesonem

132 1925 194 2004 elii,
210 1922 248 1991 C.
260 1922 429 1991 Claudium
446 1923 574 2009 quidam
587 1931 686 1988 matre
700 1922 810 1988 eadem
823 1945 888 2007 qua
900 1924 1067 1990 consulem
1077 1920 1145 2012 goni·

42 2058 45 2063 -
69 2058 71 2065 ·
132 2028 200 2083 tum
217 2018 344 2083 tradunt
361 2052 404 2064 -
421 2015 618 2103 speculatum
640 2017 808 2082 sciturum
829 2017 998 2104 professus
1016 2018 1145 2102 brevique

99 2111 238 2180 somnia
264 2120 349 2177 certa
374 2110 560 2176 adlaturum.
602 2111 703 2177 Caere
726 2111 877 2179 educatus
899 2114 989 2199 apud
1014 2113 1144 2200 hospites,

131 2200 278 2272 Etruscis
300 2205 373 2272 inde
395 2205 506 2270 litteris
524 2205 665 2271 eruditus
684 2215 750 2273 erat
771 2206 979 2294 linguamque
995 2207 1146 2274 Etruscan

113 2298 229 2390 probe
246 2309 385 2368 noverat.
417 2297 519 2366 habeo
537 2309 690 2379 auctores,
709 2300 805 2388 vulgo
823 2310 891 2367 tum
903 2300 1072 2369 Romanos
1087 2320 1145 2388 pue

69 2407 71 2413 '
130 2417 194 2475 ros,
213 2394 295 2463 sicut
310 2417 393 2460 nunc
405 2390 546 2473 Graecis,
560 2393 757 2461 itaEtrnscis
774 2395 886 2460 litteris
905 2397 1026 2462 erudiri
1044 2396 1144 2463 solitos:

97 2512 115 2561 4
133 2492 189 2558 sed
206 2492 335 2578 propius
354 2500 402 2557 est
419 2515 504 2570 vero,
522 2488 727 2579 praecipuum
745 2490 863 2578 aliquid
881 2493 986 2561 fuisse
1004 2496 1039 2561 in
1051 2518 1096 2574 eo,
1108 2485 1145 2579 qui

131 2609 166 2653 se
184 2596 248 2652 tam
266 2587 378 2652 audaci
396 2585 592 2652 simulatione
610 2586 753 2653 hostibus
771 2588 979 2655 inmiscuerit.
1012 2583 1146 2656 servusel

131 2681 245 2747 dicitur
262 2702 367 2746 comes
385 2704 476 2746 unus·
484 2680 598 2759 fuisse,
617 2682 752 2747 nutritus
770 2706 834 2748 una
851 2705 956 2767 eoque
974 2684 1062 2750 haud
1077 2684 1147 2772 igne

98 2797 185 2845 arus
207 2775 334 2860 linguae
357 2774 515 2851 eiusdem3
541 2777 789 2859 necquicquam
816 2776 902 2841 aliud
928 2778 1146 2864 proficiscentes

131 2889 226 2952 quam
246 2868 425 2932 summatim
442 2869 589 2955 regionis,
608 2892 689 2954 quae
706 2871 850 2936 intranda
868 2883 946 2950 erat,
967 2884 1109 2940 natmam
1122 2888 1147 2936 ee

130 2961 259 3028 nomina
274 2961 451 3049 principum
468 2963 501 3028 in
517 2964 643 3050 populis
666 2987 827 3051 accepere,
850 2988 893 3030 ne
910 2988 979 3050 qua
996 2968 1078 3034 inter
1092 2987 1148 3032 oon·

98 3055 238 3143 eloquia
263 3056 381 3145 insigni
410 3067 485 3124 nota
514 3057 705 3124 haesitantes
732 3059 884 3145 deprendi
913 3072 1062 3146 possent.
1100 3061 1148 3126 iere

130 3150 281 3241 pastorali
296 3150 421 3231 habitu,
440 3151 618 3240 agrestibus
637 3153 720 3233 telis,
739 3153 874 3220 falcibus
892 3158 1069 3243 gaesisque
1084 3153 1147 3222 binis

130 3248 250 3314 armati.
287 3247 344 3313 sed
360 3268 462 3331 neque
481 3249 703 3314 commercium
720 3247 846 3336 linguae
864 3271 926 3315 neo
946 3253 1049 3319 vestis
1066 3270 1147 3318 armo

129 3365 240 3408 rumve
252 3340 379 3408 habitus
394 3341 440 3407 sic
453 3363 507 3409 eos
521 3333 599 3407 texit
622 3364 718 3426 quam
729 3343 814 3428 quod
827 3343 1024 3414 abhorrebat
1037 3346 1077 3414 ab
1092 3344 1146 3419 fide

98 3457 321 3519 squemquam
343 3445 506 3503 externum
524 3434 677 3503 Ciminios
701 3437 799 3504 saltus
820 3438 1026 3508 intraturum.
1066 3457 1147 3524 nsque

131 3530 173 3595 ad
191 3528 353 3597 Camertes
371 3530 512 3599 Umbros
529 3542 710 3620 penetrasse
728 3534 884 3602 dicuntur.
920 3537 971 3605 ibi
989 3541 1045 3625 qui
1061 3542 1147 3606 esseut

130 3623 223 3690 lateri
239 3623 419 3691 Romamn
441 3650 554 3693 ausum
575 3627 849 3714 introductumque
871 3631 907 3697 in
925 3643 1074 3701 senatum
1089 3652 1146 3698 con·

95 3719 208 3789 ssulis
234 3718 339 3786 verbis
366 3720 470 3808 egisse
495 3723 535 3789 de
562 3725 709 3792 societate
739 3723 944 3814 amicitiaque
972 3739 1067 3816 atque
1088 3723 1144 3792 inde

130 3813 214 3883 comi
234 3813 371 3903 hospitio
393 3826 557 3905 acceptum
578 3818 721 3885 nuntiare
738 3817 893 3887 Romanis
915 3820 1057 3904 iussum,
1077 3839 1143 3888 conr

129 3921 269 3978 meatum
287 3910 437 3978 exercitui
455 3912 576 3980 dierum
593 3912 723 4002 triginta
737 3923 866 4000 praesto
884 3915 972 3998 fore,
995 3919 1076 3986 siaa
1088 3914 1142 3980 loe·

129 4002 554 4098 intrasset-iuventutemque
573 4007 768 4076 Camertium
791 4007 993 4080 Umbr'orum
1013 4013 1047 4078 in
1066 4004 1140 4078 umis
