2566 4524
292 261 410 316 emsa
427 262 497 332 vu,
517 262 557 315 ιιι.
572 263 613 316 ιι.
633 261 870 336 [tenuasse]
1034 256 1100 325 367

76 443 129 487 sua
147 419 221 507 lege
243 419 353 485 decem
373 418 501 485 milibus
523 420 604 485 aeris
627 429 676 485 est
697 421 878 502 damnatus,
904 426 991 509 quod
1012 429 1101 494 mille

76 513 213 603 iugerum
236 514 306 602 agri
328 536 399 581 cum
417 515 482 581 filio
498 514 674 602 possideret
692 518 979 605 emancipandoque
997 521 1097 587 filiurn

76 608 213 675 fraudem
230 609 295 697 legi
311 607 449 675 fecisset.

131 703 247 770 XVII.
278 702 361 769 Novi
379 703 524 770 eonsules
540 703 628 782 inde,
646 702 694 768 Μ.
708 705 828 771 Fabius
842 705 1020 775 Ambustus
1038 711 1095 776 ite·
1115 735 1127 781 r

76 821 138 866 rum
159 809 193 865 et
212 797 262 864 M.
284 797 427 884 Popilius
449 800 578 864 Laenas
600 798 726 878 iterum,
754 801 817 866 duo
839 800 922 867 bella
947 802 1094 872 habuere.

76 892 161 960 facile
179 892 312 959 alterum
334 915 406 958 eum
424 891 624 972 Tiburtibus,
647 894 733 977 quod
749 894 878 960 Laenas
900 898 1013 983 gessit,
1041 901 1132 984 quia

76 986 159 1055 hoste
180 988 215 1053 in
236 986 347 1054 urbem
369 987 519 1075 conpulso
538 1009 630 1075 agros
648 988 792 1053 vastavit.
827 989 946 1057 Falisci
964 992 1097 1078 Tarqui-

76 1083 259 1168 niensesque
277 1082 408 1148 alterum
427 1083 588 1149 consulem
605 1084 708 1170 prima
718 1107 827 1172 pugna
838 1085 995 1152 fuderunt.
1023 1089 1096 1155 inde
1115 1113 1132 1159 a

76 1185 168 1245 terror
189 1177 346 1243 maximus
368 1177 441 1255 fuit,
469 1177 554 1262 quod
576 1179 754 1244 sacerdotes
777 1201 885 1244 eorum
907 1180 1029 1247 facibus
1048 1207 1098 1248 ar-

76 1270 215 1338 dentibus
247 1271 466 1359 anguibusque
499 1271 646 1359 praelatis
676 1273 804 1339 incessu
834 1274 939 1340 furiali
964 1277 1095 1343 militem

76 1364 248 1432 Romanum
273 1365 397 1432 insueta
422 1364 626 1432 turbavenmt
651 1368 765 1455 speeie.
810 1377 842 1434 et
871 1377 938 1434 tum
968 1371 1095 1456 quidem
1165 1438 1166 1442 ,

76 1460 155 1526 velut
170 1460 325 1548 lymphati
343 1470 374 1526 et
391 1461 514 1527 attoniti
531 1462 732 1528 munimentis
751 1463 817 1529 suis
835 1464 956 1550 trepido
969 1467 1095 1553 agmine

76 1553 257 1634 breidenmt3
276 1555 402 1634 deinde,
421 1553 477 1621 ubi
494 1555 603 1622 consul
619 1555 778 1644 legatique
796 1580 834 1623 ae
850 1558 965 1624 tribuni
982 1583 1095 1646 puero·
1115 1579 1134 1626 4

76 1672 138 1715 rum
158 1649 221 1715 ritu
243 1672 325 1714 vana
345 1649 496 1715 miracula
516 1650 660 1736 paventis
681 1651 858 1718 inridebant
878 1653 1095 1741 increpabant-

77 1765 142 1830 que,
165 1743 259 1808 vertit
279 1743 401 1810 animos
422 1753 550 1830 repente
567 1744 683 1831 pudor,
707 1754 738 1811 et
754 1746 788 1811 in
805 1769 843 1811 ea
860 1747 930 1834 ipsa
947 1769 1027 1832 quae
1045 1750 1096 1813 fu-

77 1848 179 1926 gerant
197 1838 283 1904 velut
301 1838 386 1904 eaeei
403 1839 544 1904 ruebant.
572 1839 716 1906 discusso
729 1839 834 1925 itaque
847 1864 930 1906 vano
943 1844 1094 1928 adparatu
1113 1862 1130 1910 5

77 1933 206 2000 nostium
223 1955 296 1999 cum
317 1933 351 1998 in
372 1934 459 2019 ipsos
482 1944 619 2000 armatos
642 1957 677 2000 se
697 1934 890 2016 intulissent,
863 1944 1095 2002 taverterunt

77 2038 165 2095 totam
183 2027 285 2094 aciem
303 2028 474 2112 castrisque
493 2028 587 2093 etiam
605 2051 643 2094 eo
661 2029 712 2094 dre
723 2029 828 2116 potrtr
846 2031 985 2118 praeda
976 2032 1095 2120 mgentr
1160 2047 1163 2052 ·
1260 2052 1263 2061 ’

77 2133 157 2190 arta
177 2122 314 2188 victores
335 2132 543 2202 reverterunt,
516 2122 783 2189 tmilitaribus
774 2125 851 2190 roeis
874 2148 947 2191 eum
964 2149 1095 2238 appara-

77 2239 134 2285 um
151 2217 321 2283 hostiumt
308 2225 376 2281 tum
394 2239 486 2282 suum
507 2217 669 2306 increpant
671 2240 704 2283 es
726 2241 885 2304 pavorem.
922 2222 1136 2289 concitature

77 2310 179 2379 leinde
207 2333 299 2376 omne
321 2333 437 2376 nomen
457 2311 631 2377 Etruscum
653 2322 684 2377 et
706 2311 987 2396 Tarquiniensibus
1008 2314 1095 2380 Fali-

77 2407 192 2492 reisque
211 2404 344 2471 dueibus
363 2405 404 2470 ad
422 2405 538 2472 salinas
551 2406 746 2492 perveniunt.
724 2407 925 2473 tadversus
943 2430 1015 2472 eum
1033 2417 1095 2473 ter-

77 2522 168 2567 ntem
187 2499 321 2564 dictator
334 2497 372 2566 O.
386 2498 528 2566 Marcius
541 2499 668 2565 Rutilus
685 2500 806 2586 primus
825 2502 864 2566 de
881 2500 974 2587 plebe
991 2502 1093 2567 dictus

77 2595 253 2684 nagistrum
271 2593 412 2679 equitum
428 2594 515 2659 item
527 2594 567 2659 de
588 2593 680 2680 plebe
700 2592 738 2660 C.
757 2593 917 2660 Plautium
938 2595 1025 2660 dixit.
1061 2595 1094 2660 id
1113 2617 1128 2663 ι

77 2712 145 2776 rero¹
157 2687 302 2778 patribus
324 2689 490 2776 indignum
511 2689 624 2767 videri,
652 2690 747 2755 etiam
769 2690 954 2755 dictaturam
976 2691 1040 2756 iam
1061 2691 1094 2755 in

77 2783 225 2850 tremisco
248 2804 333 2862 esse3
361 2782 509 2867 omnique
532 2805 591 2869 ope
609 2783 823 2868 inpediebant,
846 2808 886 2850 ne
903 2784 981 2870 quid
997 2784 1096 2850 dieta-

77 2878 124 2946 ori
142 2877 185 2942 ad
203 2876 237 2942 id
253 2876 371 2943 bellum
390 2877 608 2942 decerneretur
624 2888 834 2963 pararetume.
865 2901 903 2945 eo
920 2881 1094 2966 promptius

77 2981 180 3039 uncta
211 2970 331 3037 ferente
363 2971 513 3038 dictatore
548 2971 683 3058 populus
713 2973 814 3038 iussit.
862 2976 1022 3060 profectus
1054 2975 1129 3041 aba

77 3067 145 3134 nbe
165 3075 300 3151 utraque
321 3076 411 3155 parte
428 3066 553 3133 Tiberis
575 3066 695 3132 ratibus
718 3068 869 3146 exercitu,
896 3090 1095 3153 quocumque

77 3161 155 3228 bina
169 3161 309 3228 hostium
327 3161 476 3241 ducebat,
499 3161 628 3228 traiecto
646 3160 760 3227 multos
781 3161 982 3248 populatores
1004 3167 1095 3247 agro-

78 3278 136 3323 um
155 3277 255 3344 vagos
272 3256 415 3343 palantes
437 3257 602 3343 oppressit.
638 3265 741 3321 eastra
763 3277 887 3341 quoque
907 3255 1093 3341 necopinato
1113 3273 1133 3320 s

78 3351 237 3441 dgr-essue
264 3351 347 3439 cepit
369 3360 401 3417 et
426 3360 498 3418 octo
523 3349 651 3416 milibus
677 3349 816 3415 hostium
841 3349 955 3435 captis,
983 3349 1094 3414 ceteris

78 3457 118 3515 nt
147 3447 251 3513 eaesis
273 3457 329 3513 aut
349 3470 391 3514 ex
412 3470 489 3535 agro
510 3445 655 3512 Romano
677 3446 795 3533 fugatis
823 3446 890 3511 sine
912 3446 1095 3511 auctoritate

78 3550 190 3611 utrum
207 3539 318 3629 populi
334 3541 424 3607 iussu
441 3540 653 3628 triumphavit

126 3635 217 3721 Quia
238 3656 300 3701 nee
319 3658 377 3724 per
398 3635 581 3701 dictatorem
602 3633 761 3720 plebeium
782 3657 842 3700 nee
858 3658 915 3722 per
932 3635 1094 3701 consulem
1115 3651 1148 3698 ro

78 3730 192 3799 omitia
213 3729 391 3797 consularia
412 3728 521 3796 haberi
538 3726 688 3794 volebant
705 3737 737 3793 et
753 3727 832 3793 alter
848 3728 958 3795 consul
974 3727 1094 3793 Fabius

78 3825 145 3893 ello
170 3823 380 3904 retinebatur,
411 3846 463 3890 res
489 3824 531 3889 ad
555 3823 770 3910 interregnum
794 3823 884 3889 redit.
923 3823 1094 3906 interreges
1115 3840 1144 3886 11

78 3920 171 3986 teinee
172 3916 279 4007 psQ.
305 3915 460 3986 Servilius
482 3917 602 3997 Ahala,
628 3915 677 3981 Μ.
698 3916 832 3996 Fabius,
860 3915 920 3983 Cn.
943 3914 1093 3991 Manlius,

78 4011 91 4047 “
78 4010 323 4092 .Fabius,C.
344 4011 519 4100 Sulpicius,
542 4012 585 4077 L.
603 4009 775 4091 Aemilius,
799 3966 840 4094 Q',
860 4005 1084 4086 Servilius,M
