2566 4524
309 264 428 321 nmen
445 264 530 336 vm,
548 265 590 320 22.
605 265 647 321 22.
666 268 705 335 [a.
716 262 814 322 2322.
827 266 892 338 aas]
1053 255 1118 347 427

108 433 285 511 praecatas
313 424 476 508 formaque
502 422 747 489 misericordiam
774 424 884 490 elicere
910 436 1044 512 poterat,
1077 429 1119 494 ad

105 521 252 587 libidinem
269 527 301 585 et
318 517 540 585 contumeliam
558 517 697 582 animum
715 519 931 585 accenderunt.
960 530 995 586 ut
1007 522 1117 588 florem
1135 546 1151 597 a

104 616 199 683 aetatis
218 615 288 680 eius
306 614 443 679 fructum
461 612 673 678 adventicium
691 612 801 678 crediti
813 623 914 693 ratus,
932 615 1033 702 primo
1046 638 1118 703 per·

103 711 182 776 licere
209 707 443 775 adulescentem
470 729 613 773 sermone
639 707 760 773 incesto
787 719 836 774 est
857 719 1002 792 conatus3
1034 712 1115 792 dein,

102 814 257 892 postquam
280 801 528 890 aspernabantur
549 802 704 890 flagitium
728 825 833 882 aures,
861 805 954 871 minis
977 806 1117 873 territare

102 910 182 985 atque
205 897 377 964 identidem
399 897 568 962 admonere
590 897 749 976 fortunae3
776 907 949 984 postremo,
976 923 1048 966 cum
1070 902 1152 972 in-s

101 992 258 1081 genuitatis
284 992 387 1078 magis
412 1012 508 1075 quam
534 992 707 1077 praesentis
730 992 922 1060 condicionis
945 1017 1117 1062 memorem

100 1087 355 1166 videret,'nudari
371 1085 459 1151 iubet
475 1085 669 1172 verberaque
681 1085 806 1153 adferri.
833 1086 948 1171 quibus
961 1089 1115 1156 laceratus
1135 1112 1151 1162 5

100 1182 211 1249 iuvenis
230 1204 303 1248 curn
322 1204 356 1248 se
378 1181 411 1247 in
431 1181 594 1269 publicum
616 1181 835 1269 proripuisset,
863 1182 1025 1250 libidinem
1047 1208 1117 1251 cru-

99 1277 310 1362 delitatemque
336 1299 531 1361 conquerens
559 1276 778 1355 faeneratoris,
805 1277 918 1365 ingens
941 1280 990 1345 vis
1016 1279 1149 1350 homi-o

99 1394 165 1436 num
191 1393 264 1438 cum
290 1371 401 1437 aetatis
428 1372 627 1438 miseratione
654 1379 748 1456 atque
773 1371 960 1460 indignitate
984 1373 1116 1441 iniuriae

98 1488 235 1545 accensa,
266 1475 334 1531 turn
362 1487 438 1532 2222
464 1466 655 1532 condicionis
682 1465 879 1551 liberumque
907 1490 1036 1533 snorum
1067 1493 1116 1535 re·

98 1571 212 1648 spectu,
231 1560 265 1626 in
278 1560 382 1626 forum
396 1570 490 1645 atque
507 1562 581 1626 inde
598 1561 723 1648 agmine
741 1560 826 1627 facto
845 1563 886 1628 ad
904 1563 1023 1629 curiam
1041 1585 1116 1630 con·

97 1656 198 1735 cunit3
217 1665 261 1734 et,
281 1677 354 1720 cum
367 1656 513 1722 consules
528 1656 665 1720 tumultu
677 1656 840 1742 repentino
853 1658 953 1723 coacti
971 1667 1115 1724 senatum
1134 1681 1149 1728 s

96 1759 251 1829 vocarent,
274 1750 503 1817 introeuntibus
521 1750 690 1816 incuriam
712 1750 853 1836 patribus
876 1751 1046 1817 laceratum
1068 1753 1117 1817 iu-

95 1845 177 1910 venis
199 1855 324 1932 tergum
345 1845 586 1932 procumbentes
610 1845 651 1910 ad
674 1845 869 1932 singulorum
890 1846 988 1932 pedes
1010 1855 1116 1912 osten·

94 1940 207 2006 tabant
228 1941 348 2005 victum
362 1962 400 2006 22
414 1940 465 2006 (Ιί2
478 1939 518 2006 ob
532 1941 724 2026 inpotentem
737 1939 881 2006 iniuriam
895 1941 988 2007 unius
1001 1941 1114 2028 ingens
1132 1960 1149 2012 8

91 2035 248 2100 vinculum
270 2035 358 2115 fidei,
386 2035 527 2120 iussique
550 2036 693 2102 consules
717 2036 798 2101 ferre
820 2037 861 2102 ad
881 2038 1047 2124 populum,
1075 2059 1116 2104 ne

92 2131 174 2215 quis,
197 2130 260 2196 nisi
276 2131 331 2215 qui
349 2153 464 2197 noxam
481 2131 660 2210 meruisset,
683 2132 784 2196 donec
801 2154 935 2218 poenam
953 2133 1064 2212 lueret,
1083 2134 1117 2198 in

91 2224 282 2311 conpedibus
300 2225 403 2290 autin
420 2247 516 2290 nervo
535 2234 699 2302 teneretur,
717 2226 869 2310 pecuniae
883 2226 1017 2291 creditae
1030 2224 1116 2292 bona
1133 2245 1148 2295 2

90 2318 253 2396 debitoris,
284 2342 347 2386 222
373 2342 485 2406 corpus
513 2318 683 2385 obnoxium
710 2328 802 2384 esset.
842 2319 886 2384 ita
911 2320 985 2384 nexi
1011 2319 1114 2398 soluti,

90 2424 279 2498 cautumque
296 2415 329 2478 in
347 2424 520 2501 posterum,
539 2406 579 2479 22
596 2422 755 2480 necterent
794 2463 801 2478 .

150 2507 338 2575 XXVIIII.
373 2509 498 2575 Eodem
511 2532 593 2575 anno
607 2531 678 2575 cum
693 2509 768 2573 satis
781 2530 838 2594 per
852 2529 886 2572 22
903 2509 1006 2594 ipsum
1023 2505 1116 2574 Sarn-
1134 2530 1148 2577 1

88 2602 201 2668 uitium
217 2603 336 2669 bellurn
354 2612 385 2669 et
402 2605 536 2669 defectio
553 2626 665 2690 repens
683 2604 887 2668 Lucanorum
909 2611 1114 2686 auctoresque

87 2697 273 2764 defectionis
287 2697 448 2764 Tarentini
463 2698 610 2764 sollicitos
624 2697 775 2764 haberent
791 2707 909 2784 patres,
929 2697 1062 2762 accessit
1078 2705 1114 2761 ut

87 2803 118 2859 et
136 2791 289 2859 Vestinus
311 2792 446 2880 populus
471 2790 665 2859 Samnitibus
689 2816 758 2860 2222
780 2793 992 2881 coniungeret.
1033 2813 1114 2876 quae
1132 2809 1147 2860 2

85 2910 137 2953 res
168 2886 251 2952 sicut
281 2908 318 2953 ec
349 2909 431 2952 anno
458 2887 653 2953 sermonibus
680 2888 781 2974 magis
807 2889 927 2974 passim
951 2887 1115 2953 hominurn

86 2982 206 3049 artata
222 3002 318 3065 quam
335 2981 369 3046 in
384 2980 511 3068 publico
529 2981 593 3047 ullo
616 2982 746 3047 concilio
769 2991 829 3060 est,
857 2983 901 3047 ita
922 2982 1115 3067 insequentis

86 3076 162 3142 anni
184 3075 380 3154 consulibus,
407 3076 450 3140 L.
472 3075 570 3142 Furio
593 3074 727 3142 Camillo
748 3075 874 3153 iterum,
901 3075 993 3140 Iunio
1015 3075 1116 3139 Bruto

88 3168 246 3249 Scaevae,
269 3171 356 3236 nulla
376 3171 461 3257 prior
477 3171 641 3257 potiorque
658 3171 726 3236 visa
744 3179 805 3249 est,
828 3170 868 3235 de
887 3169 1006 3255 quaed
1026 3190 1116 3234 sena·

85 3274 155 3331 tnm
176 3264 338 3331 referrent.
379 3274 411 3330 et
428 3287 619 3350 quamquam
636 3288 719 3331 nova
736 3287 786 3330 res
805 3273 883 3343 erat,
906 3273 1012 3328 tamen
1029 3270 1148 3331 tantae

85 3381 162 3425 eura
179 3369 285 3445 patres
303 3358 445 3436 incessit,
464 3369 499 3424 ut
513 3359 628 3445 pariter
641 3381 711 3425 eam
729 3368 908 3445 susceptam
925 3356 1116 3444 neglectam-

85 3474 148 3538 que
166 3453 326 3532 timerent,
343 3476 384 3520 ne
402 3462 456 3518 ant
471 3453 628 3541 inpunitas
643 3476 750 3519 eornm
763 3453 893 3519 lascivia
906 3450 1115 3537 superbiaque

84 3558 140 3615 aut
158 3547 243 3615 bello
261 3569 381 3633 poenae
399 3548 554 3632 expetitae
571 3557 657 3613 metu
674 3547 849 3634 propinquo
867 3557 960 3632 atque
977 3546 1024 3613 ira
1042 3567 1117 3612 con-

83 3642 187 3711 cirent
199 3641 348 3707 finitimos
362 3641 506 3727 populos.
538 3651 569 3706 et
583 3651 648 3706 erat
661 3664 761 3728 genus
781 3664 871 3707 omne
890 3640 1014 3708 abunde
1032 3640 1115 3709 bello
1132 3661 1150 3710 4

85 3733 286 3803 Samnitibus
303 3758 370 3821 par,
388 3735 490 3800 Marsi
502 3735 708 3822 Paelignique
726 3750 758 3800 et
770 3734 957 3802 Marrucini:
975 3759 1068 3821 quos,
1088 3735 1116 3800 si

84 3829 243 3897 Vestinus
255 3831 467 3918 attingeretur,
487 3852 595 3896 omnes
609 3829 770 3896 habendos
784 3830 901 3896 hostes.
924 3830 998 3894 vicit
1011 3839 1116 3892 tamen
1133 3847 1149 3897 5

83 3947 174 4013 pars,
195 3947 277 4009 quae
294 3925 327 3989 in
344 3925 521 4010 praesentia
538 3925 636 3989 videri
653 3926 755 4010 potuit
772 3924 897 3990 maioris
911 3921 1006 3988 animi
1019 3941 1115 4013 quam

82 4019 225 4099 consilii3
245 4019 300 4085 sed
313 4029 442 4084 eventus
457 4018 562 4084 docuit
576 4019 672 4085 fortes
687 4019 844 4084 fortunam
857 4019 972 4082 iuvare.
996 4012 1114 4078 bellum
1132 4033 1149 4083 2
