2566 4524
147 254 213 322 254
430 264 548 321 LIBER
559 264 595 335 V,
614 265 640 320 3.
656 263 682 318 4
701 269 742 334 [a.
751 280 779 319 u.
789 280 814 319 e.
823 263 887 334 351]

115 446 129 494 1
211 420 274 489 ΠΙ.
309 422 414 501 Ist,'e
404 445 468 487 rem
486 445 549 487 non
566 431 692 531 prompt
692 444 729 486 ns
747 423 874 509 ingenio
891 430 959 487 tant
959 444 1023 500 nm,
1042 422 1153 490 sedunt

112 519 241 590 retiam
268 517 455 583 exercitatus
481 517 575 582 talem
600 517 772 582 orationem
797 516 922 582 hebuit.
957 517 1002 582 ‘si
1027 512 1195 602 umquln
1189 556 1195 591 2

147 612 324 679 dubitatum
342 622 400 690 est,
420 611 570 695 Quirites,
583 621 688 676 utrum
702 610 933 698 tribuniplebis
946 622 1053 678 vestra
1064 635 1103 678 an
1113 632 1157 678 sus

147 730 244 774 eausa
258 708 445 772 seditionum
459 728 584 793 semper
596 716 738 772 auctores
751 705 876 787 fuerint,
894 706 929 771 id
942 726 1005 794 ego
1017 707 1077 773 hoe
1092 726 1159 773 enno

114 804 268 874 udesisse
293 801 430 867 dubitari
457 811 521 867 cert
522 824 576 866 um
602 798 786 866 habeut
754 810 786 866 et
812 823 884 866 eum
909 801 1025 881 laetor,
1050 802 1160 867 tendere

147 897 234 985 longi
252 898 362 962 erroris
380 895 470 961 vobis
487 896 582 961 finem
600 896 719 961 factum
737 916 821 974 esse,
848 905 930 976 turn,
957 896 1046 982 quod
1066 916 1161 963 seeun-

147 993 197 1058 dis
222 992 419 1078 potissimum
446 991 559 1056 vestris
580 989 675 1056 rebus
696 990 749 1055 hio
775 1012 861 1056 error
886 1001 935 1057 est
961 991 1115 1070 sublatus,
1137 999 1161 1056 et

113 1086 239 1156 svobis
257 1098 288 1152 et
309 1097 436 1173 propter
456 1108 514 1152 vos
535 1085 582 1150 rei
602 1085 747 1171 publicae
768 1084 917 1174 gratulor.
962 1110 1006 1152 on
1028 1100 1077 1153 est
1091 1087 1160 1172 quis·

148 1205 256 1267 quem,
284 1182 338 1264 qui
360 1180 494 1257 dubitet,
522 1179 616 1244 nullis
637 1180 758 1244 iniuriis
785 1180 912 1257 vestus,
942 1181 1076 1266 siquae
1093 1181 1159 1247 torte

148 1276 315 1360 aliquando
337 1275 527 1352 inciderunt,
555 1296 704 1359 umquam
727 1296 826 1358 aeque
852 1295 948 1358 quam
971 1296 1101 1343 munere
1116 1296 1160 1362 pt-

147 1381 229 1437 trum
254 1371 288 1435 in
309 1370 448 1457 plebem,
476 1391 549 1434 oum
574 1390 647 1433 aera
668 1368 873 1434 militantibus
896 1370 1068 1436 constituta
1083 1378 1158 1447 ‘sunt

115 1465 289 1533 otribunos
315 1464 417 1550 plebis
444 1463 582 1527 offensos
609 1484 647 1527 ee
677 1463 849 1528 concitatos
876 1462 967 1528 esse?
1006 1464 1082 1548 quid
1103 1464 1159 1529 illos

147 1560 232 1626 aliud
250 1569 303 1625 aut
321 1569 388 1623 tum
405 1558 547 1623 timuisse
565 1556 691 1623 creditis
709 1567 762 1621 aut
774 1557 868 1622 hodie
881 1557 1010 1623 turbare
1023 1556 1102 1625 velle
1112 1554 1158 1623 nin'

148 1654 346 1719 concordiam
367 1652 527 1730 ordinum,
554 1674 649 1735 quam
671 1652 892 1717 dissolvendae
913 1674 1064 1718 maxume
1079 1652 1172 1739 trita·

115 1748 247 1818 onieiae
269 1747 433 1834 potestatis
455 1755 563 1811 rentur
586 1747 677 1812 esse?
715 1746 761 1810 sio
777 1745 902 1811 hercule
925 1754 1087 1832 tamquam
1100 1744 1157 1812 arti·

146 1843 222 1908 does
240 1841 363 1929 inprobi
381 1860 460 1927 opus
479 1850 646 1924 quaerunt,
673 1841 728 1924 qui
750 1850 781 1905 et
803 1862 928 1949 semper
948 1842 1039 1929 aegri
1059 1834 1157 1925 aliquid

148 1935 664 2022 eseeinrepublicavoluntmut
687 1934 739 2012 sit,
768 1935 919 2001 adonius
942 1936 1157 2001 curationems

114 2030 237 2099 vvobis
256 2029 471 2095 adhibeantur.
510 2039 614 2093 utrum
638 2030 721 2095 enim
743 2029 911 2095 defenditis
930 2054 973 2095 en
995 2028 1155 2119 inpugnati

146 2123 292 2235 plebem?
307 2133 412 2188 utrum
426 2123 505 2188 milit
493 2124 624 2189 tantium
639 2124 809 2189 adversarii
822 2124 897 2189 estis
911 2148 953 2189 en
967 2147 1094 2191 oensem
1105 2122 1156 2213 agi·

148 2218 261 2283 tis?
229 2240 290 2283 mer
281 2218 385 2283 'sorte
398 2218 459 2283 hoo
472 2218 585 2297 diuitis,
603 2219 755 2302 quidquid
767 2228 873 2304 patres
886 2217 1011 2284 fatiunt
1023 2220 1166 2307 displiuet¹

113 2331 129 2380 8
147 2312 214 2377 sive
231 2313 309 2377 illud
325 2332 385 2398 pro
400 2312 492 2399 plebe
511 2313 577 2379 sive
599 2323 708 2379 contre
729 2312 853 2398 plebem
877 2323 935 2378 est.
973 2324 1007 2379 et
1027 2310 1157 2398 quemad·

146 2408 275 2472 modum
293 2407 393 2493 (oum)
412 2409 510 2473 servis
529 2407 595 2472 suis
610 2417 716 2472 vetent
730 2407 847 2471 domini
861 2407 1033 2491 quiequam
1046 2409 1091 2474 rei
1102 2426 1155 2473 eun

147 2501 257 2566 alienis
278 2502 457 2568 hominibus
480 2524 550 2567 esse
571 2502 749 2588 pariterque
770 2502 805 2565 in
825 2502 864 2567 iis
882 2501 1039 2568 beneficio
1057 2520 1156 2569 aens·

146 2592 249 2660 lelieio
266 2595 416 2660 abstineri
445 2617 555 2660 aeoum
586 2605 728 2672 censent,
753 2596 799 2660 sie
815 2618 875 2661 vos
890 2596 1061 2663 interdicto
1080 2593 1156 2684 petti-
1191 2636 1195 2655 ι

146 2689 206 2755 bus
230 2690 416 2755 commercio
442 2689 557 2774 plebis,
584 2710 625 2754 ne
646 2712 704 2754 nos
731 2689 876 2754 comitate
899 2710 937 2755 ee
963 2686 1156 2757 mnnifioentis

146 2793 253 2846 nostra
269 2804 476 2867 provocemus
493 2783 618 2868 plebem
635 2804 694 2847 neo
710 2781 801 2868 plebs
822 2781 914 2848 nobis
938 2784 1025 2851 dioto
1047 2783 1155 2850 sudio!

113 2894 127 2941 9
147 2884 240 2958 etque
258 2875 427 2942 oboediens
446 2877 494 2940 sit.
522 2886 639 2960 quanto
657 2877 793 2956 tandem,
813 2877 840 2942 si
853 2878 1026 2961 quiequam
1038 2880 1072 2944 in
1083 2874 1155 2943 vob't

146 2990 210 3033 non
227 2969 297 3034 dieo
315 2969 427 3047 civilis,
456 2968 512 3035 sed
529 2970 659 3035 humani
676 2980 773 3049 esset,
801 2971 909 3036 favere
926 2992 987 3037 vos
1009 2974 1109 3061 magis
1123 2974 1155 3041 eb

146 3073 296 3148 quantum
315 3064 347 3128 in
365 3063 454 3129 vobis
473 3074 571 3142 esset,
589 3065 874 3151 indulgerepotius
892 3066 1035 3132 comitati
1051 3076 1153 3154 patu!

96 3177 129 3226 ιο
146 3167 240 3244 atque
258 3158 409 3242 obsequio
425 3158 527 3245 plebis
546 3158 702 3243 oportuit?
726 3180 808 3241 quae
826 3159 853 3223 si
870 3168 1026 3245 perpetua
1047 3174 1153 3227 eom
1189 3198 1195 3240 ς

145 3253 265 3331 dissuit,
284 3254 357 3336 quis
373 3274 437 3318 non
455 3253 608 3338 spondere
626 3252 722 3329 ausit,
740 3253 913 3316 maximum
930 3253 996 3319 hoe
1010 3252 1152 3342 impmin
1187 3272 1189 3283 ·

144 3345 226 3410 inter
242 3347 389 3412 finitimos
408 3347 496 3412 brevi
514 3346 655 3412 futurum
673 3345 764 3410 esse?

112 3460 126 3506 1
208 3440 287 3505 1111.
314 3440 422 3526 Atque
435 3464 504 3529 ego,
523 3465 618 3526 quem
631 3441 693 3507 hoo
705 3441 870 3507 eonsilium
883 3443 1078 3530 collegerunt
1088 3460 1151 3509 nuo

142 3554 223 3612 rum,
242 3554 304 3618 quo
322 3536 477 3601 obducere
493 3537 612 3602 infecta
626 3558 661 3602 re
674 3558 695 3602 a
706 3536 798 3603 Veiis
811 3537 985 3603 exereitum
998 3538 1149 3607 notuerunt

142 3648 208 3693 non
224 3628 300 3694 utile
318 3630 429 3709 solum,
448 3632 505 3696 sed
522 3632 616 3696 etiam
633 3632 847 3698 necessarium
857 3630 965 3710 suerit,
982 3643 1091 3719 postea
1103 3627 1150 3693 d'u·

144 3742 259 3802 seram3
286 3746 370 3790 nuno
387 3726 452 3790 de
443 3748 513 3812 ipsa
535 3727 718 3792 condicione
740 3728 844 3792 dicere
866 3726 1070 3793 militantium
1083 3723 1148 3791 lus

109 3836 125 3885 ι
143 3836 239 3903 quern
256 3819 427 3886 orationem
443 3842 508 3886 non
525 3832 601 3907 aput
618 3843 675 3887 vos
694 3822 807 3900 solum,
827 3821 884 3887 sed
902 3821 1026 3887 etiam
1015 3844 1049 3887 ιιι
1061 3812 1148 3886 σκιὰ
1184 3900 1195 3915 „

143 3934 171 3980 ιι
160 3913 366 3980 ''habeatur
355 3938 426 4026 ipso
444 3918 582 3982 exercitu
604 3918 798 4029 disceptante
820 3937 956 4003 aequem
977 3904 1160 3983 dubitaturi·i

143 4008 210 4074 deri
234 4032 341 4096 posse,
368 4011 402 4075 in
427 4033 502 4096 qua,
530 4012 557 4078 si
582 4012 694 4077 mihi
684 4034 754 4098 rpse
774 4012 852 4077 nihil
874 4012 962 4097 quod
982 3998 1145 4077 dicerem'fl
1193 4096 1195 4101 Ι
