<?xml version="1.0" encoding="UTF-8"?>
<!DOCTYPE html PUBLIC "-//W3C//DTD XHTML 1.0 Transitional//EN"
    "http://www.w3.org/TR/xhtml1/DTD/xhtml1-transitional.dtd">
<html xmlns="http://www.w3.org/1999/xhtml" xml:lang="en" lang="en">
 <head>
  <title>
</title>
<meta http-equiv="Content-Type" content="text/html;charset=utf-8" />
  <meta name='ocr-system' content='tesseract 3.04.00' />
  <meta name='ocr-capabilities' content='ocr_page ocr_carea ocr_par ocr_line ocrx_word'/>
</head>
<body>
  <div class='ocr_page' id='page_1' title='image "./titiliviaburbec01weisgoog_0263.png"; bbox 0 0 2566 4524; ppageno 0'>
   <div class='ocr_carea' id='block_1_1' title="bbox 155 225 922 305">
    <p class='ocr_par' dir='ltr' id='par_1_1' title="bbox 155 225 922 305">
     <span class='ocr_line' id='line_1_1' title="bbox 155 225 922 305; baseline -0.001 -15"><span class='ocrx_word' id='word_1_1' title='bbox 155 225 217 292; x_wconf 81' lang='grc'>176</span> <span class='ocrx_word' id='word_1_2' title='bbox 410 235 527 290; x_wconf 76' lang='lat' dir='ltr'>amun</span> <span class='ocrx_word' id='word_1_3' title='bbox 543 235 601 305; x_wconf 87' lang='lat'>111,</span> <span class='ocrx_word' id='word_1_4' title='bbox 620 233 663 289; x_wconf 78' lang='lat'>55.</span> <span class='ocrx_word' id='word_1_5' title='bbox 676 234 719 288; x_wconf 83' lang='lat' dir='ltr'>ao.</span> <span class='ocrx_word' id='word_1_6' title='bbox 739 233 922 304; x_wconf 70' lang='lat' dir='ltr'>[aneta]</span> 
     </span>
    </p>
   </div>
   <div class='ocr_carea' id='block_1_2' title="bbox 36 390 1084 4052">
    <p class='ocr_par' dir='ltr' id='par_1_2' title="bbox 36 390 1084 2244">
     <span class='ocr_line' id='line_1_2' title="bbox 149 390 1084 483; baseline -0.006 -22"><span class='ocrx_word' id='word_1_7' title='bbox 149 419 211 483; x_wconf 89' lang='lat' dir='ltr'>que</span> <span class='ocrx_word' id='word_1_8' title='bbox 237 419 257 460; x_wconf 88' lang='lat' dir='ltr'>a</span> <span class='ocrx_word' id='word_1_9' title='bbox 283 393 453 460; x_wconf 88' lang='lat' dir='ltr'>maioribus</span> <span class='ocrx_word' id='word_1_10' title='bbox 480 392 729 480; x_wconf 87' lang='lat' dir='ltr'>magistratibus,</span> <span class='ocrx_word' id='word_1_11' title='bbox 758 390 843 476; x_wconf 91' lang='lat' dir='ltr'>quod</span> <span class='ocrx_word' id='word_1_12' title='bbox 865 392 927 457; x_wconf 88' lang='lat' dir='ltr'>etsi</span> <span class='ocrx_word' id='word_1_13' title='bbox 947 414 1013 457; x_wconf 91' lang='lat' dir='ltr'>non</span> <span class='ocrx_word' id='word_1_14' title='bbox 1036 390 1084 456; x_wconf 84' lang='lat' dir='ltr'>iur</span> 
     </span>
     <span class='ocr_line' id='line_1_3' title="bbox 149 486 1084 574; baseline -0.005 -19"><span class='ocrx_word' id='word_1_15' title='bbox 149 529 192 540; x_wconf 88' lang='grc'><strong>-</strong></span> <span class='ocrx_word' id='word_1_16' title='bbox 213 491 320 555; x_wconf 91' lang='lat' dir='ltr'>noceri</span> <span class='ocrx_word' id='word_1_17' title='bbox 342 490 426 554; x_wconf 89' lang='lat' dir='ltr'>enim</span> <span class='ocrx_word' id='word_1_18' title='bbox 452 489 494 566; x_wconf 90' lang='lat' dir='ltr'>ei,</span> <span class='ocrx_word' id='word_1_19' title='bbox 523 488 574 552; x_wconf 91' lang='lat' dir='ltr'>cui</span> <span class='ocrx_word' id='word_1_20' title='bbox 600 487 659 552; x_wconf 90' lang='lat' dir='ltr'>hac</span> <span class='ocrx_word' id='word_1_21' title='bbox 685 487 758 574; x_wconf 89' lang='lat' dir='ltr'>lege</span> <span class='ocrx_word' id='word_1_22' title='bbox 783 509 848 551; x_wconf 90' lang='lat' dir='ltr'>non</span> <span class='ocrx_word' id='word_1_23' title='bbox 873 486 969 552; x_wconf 84' lang='lat' dir='ltr'>liceat</span> <span class='ocrx_word' id='word_1_24' title='bbox 990 524 1050 564; x_wconf 94' lang='lat'>-,</span> <span class='ocrx_word' id='word_1_25' title='bbox 1078 496 1084 550; x_wconf 88' lang='lat' dir='ltr'>t</span> 
     </span>
     <span class='ocr_line' id='line_1_4' title="bbox 149 581 1076 672; baseline -0.002 -23"><span class='ocrx_word' id='word_1_26' title='bbox 149 596 370 672; x_wconf 83' lang='lat' dir='ltr'><strong>argumentum</strong></span> <span class='ocrx_word' id='word_1_27' title='bbox 387 605 473 661; x_wconf 88' lang='lat' dir='ltr'>esse,</span> <span class='ocrx_word' id='word_1_28' title='bbox 500 605 564 647; x_wconf 93' lang='lat' dir='ltr'>non</span> <span class='ocrx_word' id='word_1_29' title='bbox 581 581 690 647; x_wconf 89' lang='lat' dir='ltr'>haberi</span> <span class='ocrx_word' id='word_1_30' title='bbox 712 604 768 666; x_wconf 93' lang='lat' dir='ltr'>pro</span> <span class='ocrx_word' id='word_1_31' title='bbox 793 603 883 647; x_wconf 87' lang='lat' dir='ltr'>sacro</span> <span class='ocrx_word' id='word_1_32' title='bbox 901 593 1076 666; x_wconf 87' lang='lat' dir='ltr'>sanctoque</span> 
     </span>
     <span class='ocr_line' id='line_1_5' title="bbox 99 675 1084 762; baseline -0.01 -12"><span class='ocrx_word' id='word_1_33' title='bbox 99 701 131 749; x_wconf 81' lang='grc' dir='ltr'>ιο</span> <span class='ocrx_word' id='word_1_34' title='bbox 148 680 221 756; x_wconf 89' lang='lat' dir='ltr'>lem,</span> <span class='ocrx_word' id='word_1_35' title='bbox 240 679 381 744; x_wconf 92' lang='lat' dir='ltr'>tribunos</span> <span class='ocrx_word' id='word_1_36' title='bbox 399 692 504 743; x_wconf 88' lang='lat' dir='ltr'>vetere</span> <span class='ocrx_word' id='word_1_37' title='bbox 516 678 584 742; x_wconf 91' lang='lat' dir='ltr'>iure</span> <span class='ocrx_word' id='word_1_38' title='bbox 597 677 728 741; x_wconf 87' lang='lat' dir='ltr'>iurando</span> <span class='ocrx_word' id='word_1_39' title='bbox 742 675 854 762; x_wconf 84' lang='lat' dir='ltr'>plebis,</span> <span class='ocrx_word' id='word_1_40' title='bbox 874 697 947 740; x_wconf 90' lang='lat' dir='ltr'>cum</span> <span class='ocrx_word' id='word_1_41' title='bbox 960 677 1084 762; x_wconf 90' lang='lat' dir='ltr'>primun</span> 
     </span>
     <span class='ocr_line' id='line_1_6' title="bbox 98 770 1084 858; baseline -0.007 -17"><span class='ocrx_word' id='word_1_42' title='bbox 98 795 129 841; x_wconf 89' lang='lat'>11</span> <span class='ocrx_word' id='word_1_43' title='bbox 148 783 335 858; x_wconf 85' lang='lat' dir='ltr'>potestatem</span> <span class='ocrx_word' id='word_1_44' title='bbox 353 773 479 849; x_wconf 88' lang='lat' dir='ltr'>creavit,</span> <span class='ocrx_word' id='word_1_45' title='bbox 499 784 714 836; x_wconf 87' lang='lat' dir='ltr'>sacrosanctos</span> <span class='ocrx_word' id='word_1_46' title='bbox 733 792 814 835; x_wconf 87' lang='lat' dir='ltr'>esse.</span> <span class='ocrx_word' id='word_1_47' title='bbox 849 770 939 835; x_wconf 85' lang='lat' dir='ltr'>fuere</span> <span class='ocrx_word' id='word_1_48' title='bbox 956 771 1012 855; x_wconf 92' lang='lat' dir='ltr'>qui</span> <span class='ocrx_word' id='word_1_49' title='bbox 1030 771 1084 835; x_wconf 70' lang='lat' dir='ltr'>intr</span> 
     </span>
     <span class='ocr_line' id='line_1_7' title="bbox 149 864 1084 951; baseline 0 -21"><span class='ocrx_word' id='word_1_50' title='bbox 149 875 300 943; x_wconf 88' lang='lat' dir='ltr'>tarentur,</span> <span class='ocrx_word' id='word_1_51' title='bbox 329 866 439 930; x_wconf 91' lang='lat' dir='ltr'>eadem</span> <span class='ocrx_word' id='word_1_52' title='bbox 461 865 520 930; x_wconf 88' lang='lat' dir='ltr'>hae</span> <span class='ocrx_word' id='word_1_53' title='bbox 542 865 676 930; x_wconf 86' lang='lat' dir='ltr'>Horatia</span> <span class='ocrx_word' id='word_1_54' title='bbox 696 865 767 951; x_wconf 88' lang='lat' dir='ltr'>lege</span> <span class='ocrx_word' id='word_1_55' title='bbox 793 864 976 930; x_wconf 90' lang='lat' dir='ltr'>consulibus</span> <span class='ocrx_word' id='word_1_56' title='bbox 1004 887 1084 950; x_wconf 84' lang='lat' dir='ltr'>quoq</span> 
     </span>
     <span class='ocr_line' id='line_1_8' title="bbox 36 959 1081 1045; baseline 0 -21"><span class='ocrx_word' id='word_1_57' title='bbox 36 965 40 970; x_wconf 83' lang='grc'><strong>’</strong></span> <span class='ocrx_word' id='word_1_58' title='bbox 148 959 358 1045; x_wconf 87' lang='lat' dir='ltr'>praetoribus,</span> <span class='ocrx_word' id='word_1_59' title='bbox 387 959 461 1043; x_wconf 88' lang='lat' dir='ltr'>quia</span> <span class='ocrx_word' id='word_1_60' title='bbox 483 960 602 1024; x_wconf 91' lang='lat' dir='ltr'>eisdem</span> <span class='ocrx_word' id='word_1_61' title='bbox 620 960 769 1044; x_wconf 81' lang='lat' dir='ltr'>auspiciis</span> <span class='ocrx_word' id='word_1_62' title='bbox 791 959 907 1043; x_wconf 89' lang='lat' dir='ltr'>quibus</span> <span class='ocrx_word' id='word_1_63' title='bbox 930 960 1081 1043; x_wconf 70' lang='lat' dir='ltr'>consules</span> 
     </span>
     <span class='ocr_line' id='line_1_9' title="bbox 148 1053 1084 1140; baseline 0.001 -23"><span class='ocrx_word' id='word_1_64' title='bbox 148 1068 270 1131; x_wconf 89' lang='lat' dir='ltr'>rentur,</span> <span class='ocrx_word' id='word_1_65' title='bbox 298 1065 425 1118; x_wconf 89' lang='lat' dir='ltr'>cautum</span> <span class='ocrx_word' id='word_1_66' title='bbox 452 1076 535 1119; x_wconf 88' lang='lat' dir='ltr'>esse:</span> <span class='ocrx_word' id='word_1_67' title='bbox 562 1054 698 1118; x_wconf 90' lang='lat' dir='ltr'>iudicem</span> <span class='ocrx_word' id='word_1_68' title='bbox 725 1053 809 1117; x_wconf 92' lang='lat' dir='ltr'>enim</span> <span class='ocrx_word' id='word_1_69' title='bbox 830 1053 994 1118; x_wconf 88' lang='lat' dir='ltr'>consulem</span> <span class='ocrx_word' id='word_1_70' title='bbox 1021 1077 1084 1140; x_wconf 91' lang='lat' dir='ltr'>app</span> 
     </span>
     <span class='ocr_line' id='line_1_10' title="bbox 99 1147 1084 1233; baseline -0.002 -18"><span class='ocrx_word' id='word_1_71' title='bbox 99 1167 130 1215; x_wconf 83' lang='lat'>12</span> <span class='ocrx_word' id='word_1_72' title='bbox 148 1168 228 1231; x_wconf 84' lang='lat' dir='ltr'>quae</span> <span class='ocrx_word' id='word_1_73' title='bbox 246 1147 397 1212; x_wconf 85' lang='lat' dir='ltr'>refellitur</span> <span class='ocrx_word' id='word_1_74' title='bbox 414 1147 640 1233; x_wconf 80' lang='lat' dir='ltr'>interpretatio,</span> <span class='ocrx_word' id='word_1_75' title='bbox 667 1148 753 1231; x_wconf 91' lang='lat' dir='ltr'>quod</span> <span class='ocrx_word' id='word_1_76' title='bbox 769 1148 808 1213; x_wconf 90' lang='lat' dir='ltr'>iis</span> <span class='ocrx_word' id='word_1_77' title='bbox 827 1147 1023 1233; x_wconf 88' lang='lat' dir='ltr'>temporibus</span> <span class='ocrx_word' id='word_1_78' title='bbox 1043 1171 1084 1213; x_wconf 91' lang='lat' dir='ltr'>no</span> 
     </span>
     <span class='ocr_line' id='line_1_11' title="bbox 149 1240 1084 1326; baseline 0 -20"><span class='ocrx_word' id='word_1_79' title='bbox 149 1240 310 1306; x_wconf 89' lang='lat' dir='ltr'>consulem</span> <span class='ocrx_word' id='word_1_80' title='bbox 336 1242 485 1319; x_wconf 91' lang='lat' dir='ltr'>iudicem,</span> <span class='ocrx_word' id='word_1_81' title='bbox 518 1240 575 1306; x_wconf 87' lang='lat' dir='ltr'>sed</span> <span class='ocrx_word' id='word_1_82' title='bbox 600 1254 775 1326; x_wconf 86' lang='lat' dir='ltr'>praetorem</span> <span class='ocrx_word' id='word_1_83' title='bbox 802 1241 954 1326; x_wconf 87' lang='lat' dir='ltr'>appellari</span> <span class='ocrx_word' id='word_1_84' title='bbox 979 1264 1052 1307; x_wconf 90' lang='lat' dir='ltr'>mos</span> <span class='ocrx_word' id='word_1_85' title='bbox 1078 1254 1084 1306; x_wconf 86' lang='lat' dir='ltr'>t</span> 
     </span>
     <span class='ocr_line' id='line_1_12' title="bbox 148 1335 633 1422; baseline -0.002 -23"><span class='ocrx_word' id='word_1_86' title='bbox 148 1335 209 1399; x_wconf 88' lang='lat' dir='ltr'>hae</span> <span class='ocrx_word' id='word_1_87' title='bbox 227 1336 407 1399; x_wconf 87' lang='lat' dir='ltr'>consulares</span> <span class='ocrx_word' id='word_1_88' title='bbox 425 1335 512 1422; x_wconf 90' lang='lat' dir='ltr'>leges</span> <span class='ocrx_word' id='word_1_89' title='bbox 535 1335 633 1398; x_wconf 88' lang='lat' dir='ltr'>suere.</span> 
     </span>
     <span class='ocr_line' id='line_1_13' title="bbox 100 1427 1084 1506; baseline 0.002 -14"><span class='ocrx_word' id='word_1_90' title='bbox 100 1451 130 1498; x_wconf 84' lang='lat'>13</span> <span class='ocrx_word' id='word_1_91' title='bbox 213 1429 396 1493; x_wconf 87' lang='lat' dir='ltr'>Institutum</span> <span class='ocrx_word' id='word_1_92' title='bbox 414 1430 508 1493; x_wconf 89' lang='lat' dir='ltr'>etiam</span> <span class='ocrx_word' id='word_1_93' title='bbox 527 1428 566 1493; x_wconf 91' lang='lat' dir='ltr'>ab</span> <span class='ocrx_word' id='word_1_94' title='bbox 584 1428 686 1492; x_wconf 89' lang='lat' dir='ltr'>isdem</span> <span class='ocrx_word' id='word_1_95' title='bbox 704 1427 895 1506; x_wconf 91' lang='lat' dir='ltr'>consulibus,</span> <span class='ocrx_word' id='word_1_96' title='bbox 914 1438 950 1492; x_wconf 93' lang='lat' dir='ltr'>ut</span> <span class='ocrx_word' id='word_1_97' title='bbox 964 1439 1084 1494; x_wconf 81' lang='lat' dir='ltr'>senatu</span> 
     </span>
     <span class='ocr_line' id='line_1_14' title="bbox 40 1521 1080 1607; baseline 0.003 -23"><span class='ocrx_word' id='word_1_98' title='bbox 40 1541 45 1555; x_wconf 94' lang='grc'>·</span> <span class='ocrx_word' id='word_1_99' title='bbox 152 1521 234 1585; x_wconf 87' lang='lat' dir='ltr'>sulta</span> <span class='ocrx_word' id='word_1_100' title='bbox 251 1523 283 1585; x_wconf 94' lang='lat' dir='ltr'>in</span> <span class='ocrx_word' id='word_1_101' title='bbox 301 1523 412 1586; x_wconf 87' lang='lat' dir='ltr'>aedem</span> <span class='ocrx_word' id='word_1_102' title='bbox 427 1521 550 1587; x_wconf 86' lang='lat' dir='ltr'>Cereris</span> <span class='ocrx_word' id='word_1_103' title='bbox 570 1522 610 1586; x_wconf 87' lang='lat' dir='ltr'>ad</span> <span class='ocrx_word' id='word_1_104' title='bbox 628 1522 744 1586; x_wconf 83' lang='lat' dir='ltr'>aediles</span> <span class='ocrx_word' id='word_1_105' title='bbox 758 1521 859 1607; x_wconf 89' lang='lat' dir='ltr'>plebis</span> <span class='ocrx_word' id='word_1_106' title='bbox 873 1521 1080 1600; x_wconf 85' lang='lat' dir='ltr'>deferrentur,</span> 
     </span>
     <span class='ocr_line' id='line_1_15' title="bbox 149 1616 1084 1701; baseline 0.003 -22"><span class='ocrx_word' id='word_1_107' title='bbox 149 1629 240 1680; x_wconf 88' lang='lat' dir='ltr'>antea</span> <span class='ocrx_word' id='word_1_108' title='bbox 267 1616 393 1681; x_wconf 89' lang='lat' dir='ltr'>arbitrio</span> <span class='ocrx_word' id='word_1_109' title='bbox 420 1618 584 1682; x_wconf 90' lang='lat' dir='ltr'>consulum</span> <span class='ocrx_word' id='word_1_110' title='bbox 615 1616 890 1701; x_wconf 89' lang='lat' dir='ltr'>supprimebantur</span> <span class='ocrx_word' id='word_1_111' title='bbox 917 1617 1084 1682; x_wconf 87' lang='lat' dir='ltr'>vitiabantu</span> 
     </span>
     <span class='ocr_line' id='line_1_16' title="bbox 97 1709 1084 1797; baseline -0.003 -20"><span class='ocrx_word' id='word_1_112' title='bbox 97 1731 130 1777; x_wconf 82' lang='lat'>14</span> <span class='ocrx_word' id='word_1_113' title='bbox 148 1709 195 1773; x_wconf 92' lang='lat' dir='ltr'>M.</span> <span class='ocrx_word' id='word_1_114' title='bbox 205 1709 345 1775; x_wconf 89' lang='lat' dir='ltr'>Duillius</span> <span class='ocrx_word' id='word_1_115' title='bbox 364 1710 476 1776; x_wconf 93' lang='lat' dir='ltr'>deinde</span> <span class='ocrx_word' id='word_1_116' title='bbox 493 1711 637 1776; x_wconf 87' lang='lat' dir='ltr'>tribunus</span> <span class='ocrx_word' id='word_1_117' title='bbox 655 1710 756 1795; x_wconf 88' lang='lat' dir='ltr'>plebis</span> <span class='ocrx_word' id='word_1_118' title='bbox 774 1709 899 1795; x_wconf 88' lang='lat' dir='ltr'>plebem</span> <span class='ocrx_word' id='word_1_119' title='bbox 916 1712 1044 1797; x_wconf 84' lang='lat' dir='ltr'>rogavit</span> <span class='ocrx_word' id='word_1_120' title='bbox 1058 1710 1084 1796; x_wconf 92' lang='lat' dir='ltr'>pl</span> 
     </span>
     <span class='ocr_line' id='line_1_17' title="bbox 148 1804 1084 1890; baseline 0 -22"><span class='ocrx_word' id='word_1_121' title='bbox 148 1826 210 1887; x_wconf 91' lang='lat' dir='ltr'>que</span> <span class='ocrx_word' id='word_1_122' title='bbox 224 1805 325 1880; x_wconf 85' lang='lat' dir='ltr'>seivit,</span> <span class='ocrx_word' id='word_1_123' title='bbox 344 1805 398 1888; x_wconf 92' lang='lat' dir='ltr'>qui</span> <span class='ocrx_word' id='word_1_124' title='bbox 411 1805 535 1890; x_wconf 89' lang='lat' dir='ltr'>plebem</span> <span class='ocrx_word' id='word_1_125' title='bbox 550 1806 617 1869; x_wconf 93' lang='lat' dir='ltr'>sine</span> <span class='ocrx_word' id='word_1_126' title='bbox 631 1805 763 1868; x_wconf 88' lang='lat' dir='ltr'>tribunis</span> <span class='ocrx_word' id='word_1_127' title='bbox 776 1804 955 1888; x_wconf 86' lang='lat' dir='ltr'>reliquisset</span> <span class='ocrx_word' id='word_1_128' title='bbox 984 1804 1084 1889; x_wconf 89' lang='lat' dir='ltr'>quiqu</span> 
     </span>
     <span class='ocr_line' id='line_1_18' title="bbox 148 1899 1084 1984; baseline 0.002 -24"><span class='ocrx_word' id='word_1_129' title='bbox 148 1899 313 1983; x_wconf 86' lang='lat' dir='ltr'>gistratum</span> <span class='ocrx_word' id='word_1_130' title='bbox 332 1899 400 1962; x_wconf 91' lang='lat' dir='ltr'>siue</span> <span class='ocrx_word' id='word_1_131' title='bbox 416 1900 638 1983; x_wconf 86' lang='lat' dir='ltr'>provocatione</span> <span class='ocrx_word' id='word_1_132' title='bbox 656 1909 807 1976; x_wconf 83' lang='lat' dir='ltr'>creasset,</span> <span class='ocrx_word' id='word_1_133' title='bbox 834 1908 923 1984; x_wconf 87' lang='lat' dir='ltr'>tergo</span> <span class='ocrx_word' id='word_1_134' title='bbox 947 1921 987 1963; x_wconf 90' lang='lat' dir='ltr'>ac</span> <span class='ocrx_word' id='word_1_135' title='bbox 1004 1902 1084 1984; x_wconf 88' lang='lat' dir='ltr'>capit</span> 
     </span>
     <span class='ocr_line' id='line_1_19' title="bbox 99 1991 1084 2070; baseline 0 -12"><span class='ocrx_word' id='word_1_136' title='bbox 99 2013 130 2058; x_wconf 80' lang='lat'>15</span> <span class='ocrx_word' id='word_1_137' title='bbox 148 1992 275 2054; x_wconf 79' lang='lat' dir='ltr'>niretun</span> <span class='ocrx_word' id='word_1_138' title='bbox 319 1991 398 2055; x_wconf 88' lang='lat' dir='ltr'>haec</span> <span class='ocrx_word' id='word_1_139' title='bbox 424 1993 541 2069; x_wconf 90' lang='lat' dir='ltr'>omnia,</span> <span class='ocrx_word' id='word_1_140' title='bbox 569 2003 603 2056; x_wconf 93' lang='lat' dir='ltr'>ut</span> <span class='ocrx_word' id='word_1_141' title='bbox 628 1992 748 2070; x_wconf 84' lang='lat' dir='ltr'>invitis,</span> <span class='ocrx_word' id='word_1_142' title='bbox 779 1993 823 2057; x_wconf 87' lang='lat' dir='ltr'>ita</span> <span class='ocrx_word' id='word_1_143' title='bbox 848 2015 912 2056; x_wconf 93' lang='lat' dir='ltr'>uon</span> <span class='ocrx_word' id='word_1_144' title='bbox 938 1993 1084 2058; x_wconf 86' lang='lat' dir='ltr'>adversar</span> 
     </span>
     <span class='ocr_line' id='line_1_20' title="bbox 147 2085 1084 2172; baseline 0.005 -23"><span class='ocrx_word' id='word_1_145' title='bbox 147 2085 285 2170; x_wconf 87' lang='lat' dir='ltr'>patriciis</span> <span class='ocrx_word' id='word_1_146' title='bbox 304 2097 468 2164; x_wconf 87' lang='lat' dir='ltr'>transacta,</span> <span class='ocrx_word' id='word_1_147' title='bbox 487 2087 561 2171; x_wconf 88' lang='lat' dir='ltr'>quia</span> <span class='ocrx_word' id='word_1_148' title='bbox 578 2088 718 2151; x_wconf 92' lang='lat' dir='ltr'>nondum</span> <span class='ocrx_word' id='word_1_149' title='bbox 735 2087 769 2151; x_wconf 92' lang='lat' dir='ltr'>in</span> <span class='ocrx_word' id='word_1_150' title='bbox 786 2110 978 2172; x_wconf 87' lang='lat' dir='ltr'>quemquam</span> <span class='ocrx_word' id='word_1_151' title='bbox 995 2112 1084 2154; x_wconf 86' lang='lat' dir='ltr'>unuu</span> 
     </span>
     <span class='ocr_line' id='line_1_21' title="bbox 149 2179 302 2244; baseline 0 -1"><span class='ocrx_word' id='word_1_152' title='bbox 149 2179 302 2244; x_wconf 82' lang='lat' dir='ltr'>viebatur.</span> 
     </span>
    </p>

    <p class='ocr_par' dir='ltr' id='par_1_3' title="bbox 117 2274 1084 2551">
     <span class='ocr_line' id='line_1_22' title="bbox 117 2274 1084 2362; baseline 0.001 -21"><span class='ocrx_word' id='word_1_153' title='bbox 117 2295 126 2341; x_wconf 84' lang='lat'>1</span> <span class='ocrx_word' id='word_1_154' title='bbox 212 2274 304 2338; x_wconf 90' lang='lat' dir='ltr'>LVI.</span> <span class='ocrx_word' id='word_1_155' title='bbox 332 2274 477 2339; x_wconf 88' lang='lat' dir='ltr'>Fundata</span> <span class='ocrx_word' id='word_1_156' title='bbox 494 2275 607 2340; x_wconf 87' lang='lat' dir='ltr'>deinde</span> <span class='ocrx_word' id='word_1_157' title='bbox 625 2284 656 2340; x_wconf 89' lang='lat' dir='ltr'>et</span> <span class='ocrx_word' id='word_1_158' title='bbox 672 2285 827 2361; x_wconf 80' lang='lat' dir='ltr'>potestate</span> <span class='ocrx_word' id='word_1_159' title='bbox 844 2275 1014 2341; x_wconf 87' lang='lat' dir='ltr'>tribunicia</span> <span class='ocrx_word' id='word_1_160' title='bbox 1032 2287 1084 2362; x_wconf 73' lang='lat' dir='ltr'>etp</span> 
     </span>
     <span class='ocr_line' id='line_1_23' title="bbox 147 2367 1084 2456; baseline 0.005 -25"><span class='ocrx_word' id='word_1_161' title='bbox 147 2367 288 2432; x_wconf 90' lang='lat' dir='ltr'>libertate</span> <span class='ocrx_word' id='word_1_162' title='bbox 307 2380 372 2432; x_wconf 88' lang='lat' dir='ltr'>turn</span> <span class='ocrx_word' id='word_1_163' title='bbox 392 2368 516 2446; x_wconf 88' lang='lat' dir='ltr'>tribuni,</span> <span class='ocrx_word' id='word_1_164' title='bbox 535 2370 665 2455; x_wconf 83' lang='lat' dir='ltr'>adgredi</span> <span class='ocrx_word' id='word_1_165' title='bbox 684 2370 824 2456; x_wconf 89' lang='lat' dir='ltr'>singulos</span> <span class='ocrx_word' id='word_1_166' title='bbox 843 2381 946 2434; x_wconf 87' lang='lat' dir='ltr'>tutum</span> <span class='ocrx_word' id='word_1_167' title='bbox 960 2383 1084 2437; x_wconf 80' lang='lat' dir='ltr'>matmu</span> 
     </span>
     <span class='ocr_line' id='line_1_24' title="bbox 146 2462 1076 2551; baseline 0.004 -26"><span class='ocrx_word' id='word_1_168' title='bbox 146 2462 209 2526; x_wconf 92' lang='lat' dir='ltr'>iam</span> <span class='ocrx_word' id='word_1_169' title='bbox 227 2463 295 2538; x_wconf 89' lang='lat' dir='ltr'>rati,</span> <span class='ocrx_word' id='word_1_170' title='bbox 314 2476 527 2527; x_wconf 87' lang='lat' dir='ltr'>accusatorem</span> <span class='ocrx_word' id='word_1_171' title='bbox 540 2464 676 2548; x_wconf 90' lang='lat' dir='ltr'>primum</span> <span class='ocrx_word' id='word_1_172' title='bbox 689 2463 876 2549; x_wconf 89' lang='lat' dir='ltr'>Verginium</span> <span class='ocrx_word' id='word_1_173' title='bbox 889 2474 921 2527; x_wconf 91' lang='lat' dir='ltr'>et</span> <span class='ocrx_word' id='word_1_174' title='bbox 934 2464 1076 2551; x_wconf 86' lang='lat' dir='ltr'>Appium</span> 
     </span>
    </p>

    <p class='ocr_par' dir='ltr' id='par_1_4' title="bbox 113 2555 1084 2828">
     <span class='ocr_line' id='line_1_25' title="bbox 113 2555 1084 2644; baseline 0.001 -21"><span class='ocrx_word' id='word_1_175' title='bbox 113 2577 128 2623; x_wconf 80' lang='lat'>2</span> <span class='ocrx_word' id='word_1_176' title='bbox 148 2557 297 2642; x_wconf 89' lang='lat' dir='ltr'>deligunt.</span> <span class='ocrx_word' id='word_1_177' title='bbox 334 2579 406 2621; x_wconf 88' lang='lat' dir='ltr'>oum</span> <span class='ocrx_word' id='word_1_178' title='bbox 424 2557 507 2620; x_wconf 86' lang='lat' dir='ltr'>diem</span> <span class='ocrx_word' id='word_1_179' title='bbox 525 2555 631 2641; x_wconf 87' lang='lat' dir='ltr'>Appio</span> <span class='ocrx_word' id='word_1_180' title='bbox 652 2557 820 2644; x_wconf 85' lang='lat' dir='ltr'>Verginius</span> <span class='ocrx_word' id='word_1_181' title='bbox 839 2559 973 2623; x_wconf 83' lang='lat' dir='ltr'>dixisset</span> <span class='ocrx_word' id='word_1_182' title='bbox 995 2571 1026 2624; x_wconf 90' lang='lat' dir='ltr'>et</span> <span class='ocrx_word' id='word_1_183' title='bbox 1043 2559 1084 2644; x_wconf 72' lang='lat' dir='ltr'>A}</span> 
     </span>
     <span class='ocr_line' id='line_1_26' title="bbox 148 2650 1079 2734; baseline 0.002 -20"><span class='ocrx_word' id='word_1_184' title='bbox 148 2651 279 2734; x_wconf 89' lang='lat' dir='ltr'>stipatus</span> <span class='ocrx_word' id='word_1_185' title='bbox 302 2650 440 2734; x_wconf 83' lang='lat' dir='ltr'>patriciis</span> <span class='ocrx_word' id='word_1_186' title='bbox 462 2651 643 2728; x_wconf 86' lang='lat' dir='ltr'>iuvenibus,</span> <span class='ocrx_word' id='word_1_187' title='bbox 670 2652 703 2715; x_wconf 89' lang='lat' dir='ltr'>in</span> <span class='ocrx_word' id='word_1_188' title='bbox 726 2652 829 2716; x_wconf 88' lang='lat' dir='ltr'>forum</span> <span class='ocrx_word' id='word_1_189' title='bbox 850 2652 1079 2729; x_wconf 85' lang='lat' dir='ltr'>descendisset,</span> 
     </span>
     <span class='ocr_line' id='line_1_27' title="bbox 146 2743 1081 2828; baseline 0.004 -21"><span class='ocrx_word' id='word_1_190' title='bbox 146 2744 301 2827; x_wconf 88' lang='lat' dir='ltr'>integrata</span> <span class='ocrx_word' id='word_1_191' title='bbox 319 2743 476 2828; x_wconf 84' lang='lat' dir='ltr'>extemplo</span> <span class='ocrx_word' id='word_1_192' title='bbox 495 2756 542 2809; x_wconf 88' lang='lat' dir='ltr'>est</span> <span class='ocrx_word' id='word_1_193' title='bbox 561 2745 706 2811; x_wconf 88' lang='lat' dir='ltr'>omnibus</span> <span class='ocrx_word' id='word_1_194' title='bbox 725 2747 876 2811; x_wconf 82' lang='lat' dir='ltr'>memoria</span> <span class='ocrx_word' id='word_1_195' title='bbox 902 2747 1081 2813; x_wconf 83' lang='lat' dir='ltr'>foedissima</span> 
     </span>
    </p>

    <p class='ocr_par' dir='ltr' id='par_1_5' title="bbox 113 2838 1084 3304">
     <span class='ocr_line' id='line_1_28' title="bbox 113 2838 1079 2925; baseline 0.004 -20"><span class='ocrx_word' id='word_1_196' title='bbox 113 2859 128 2905; x_wconf 82' lang='lat'><strong>3</strong></span> <span class='ocrx_word' id='word_1_197' title='bbox 148 2838 277 2912; x_wconf 88' lang='lat' dir='ltr'>testatis,</span> <span class='ocrx_word' id='word_1_198' title='bbox 297 2859 369 2901; x_wconf 91' lang='lat' dir='ltr'>cum</span> <span class='ocrx_word' id='word_1_199' title='bbox 386 2838 491 2922; x_wconf 90' lang='lat' dir='ltr'>ipsum</span> <span class='ocrx_word' id='word_1_200' title='bbox 509 2841 720 2925; x_wconf 86' lang='lat' dir='ltr'>satellitesque</span> <span class='ocrx_word' id='word_1_201' title='bbox 738 2842 806 2905; x_wconf 85' lang='lat' dir='ltr'>eius</span> <span class='ocrx_word' id='word_1_202' title='bbox 825 2843 990 2908; x_wconf 83' lang='lat' dir='ltr'>vidissent</span> <span class='ocrx_word' id='word_1_203' title='bbox 1018 2856 1079 2909; x_wconf 90' lang='lat' dir='ltr'>tum</span> 
     </span>
     <span class='ocr_line' id='line_1_29' title="bbox 147 2931 1084 3016; baseline 0.006 -24"><span class='ocrx_word' id='word_1_204' title='bbox 147 2931 251 3016; x_wconf 88' lang='lat' dir='ltr'>ginius</span> <span class='ocrx_word' id='word_1_205' title='bbox 279 2931 405 2995; x_wconf 87' lang='lat' dir='ltr'>‘oratio&#39;</span> <span class='ocrx_word' id='word_1_206' title='bbox 430 2932 532 3016; x_wconf 91' lang='lat' dir='ltr'>inquit</span> <span class='ocrx_word' id='word_1_207' title='bbox 558 2934 665 2999; x_wconf 89' lang='lat' dir='ltr'>‘rebus</span> <span class='ocrx_word' id='word_1_208' title='bbox 693 2935 797 3000; x_wconf 91' lang='lat' dir='ltr'>dubiis</span> <span class='ocrx_word' id='word_1_209' title='bbox 823 2937 952 3002; x_wconf 88' lang='lat' dir='ltr'>inventa</span> <span class='ocrx_word' id='word_1_210' title='bbox 980 2949 1042 3004; x_wconf 86' lang='lat' dir='ltr'>est:</span> <span class='ocrx_word' id='word_1_211' title='bbox 1067 2938 1084 3000; x_wconf 85' lang='lat' dir='ltr'>it</span> 
     </span>
     <span class='ocr_line' id='line_1_30' title="bbox 147 3029 1084 3115; baseline 0.007 -26"><span class='ocrx_word' id='word_1_212' title='bbox 147 3048 247 3108; x_wconf 89' lang='lat' dir='ltr'>neque</span> <span class='ocrx_word' id='word_1_213' title='bbox 266 3048 325 3111; x_wconf 87' lang='lat' dir='ltr'>ego</span> <span class='ocrx_word' id='word_1_214' title='bbox 344 3029 520 3092; x_wconf 88' lang='lat' dir='ltr'>accusando</span> <span class='ocrx_word' id='word_1_215' title='bbox 535 3030 618 3113; x_wconf 89' lang='lat' dir='ltr'>apud</span> <span class='ocrx_word' id='word_1_216' title='bbox 632 3052 689 3094; x_wconf 92' lang='lat' dir='ltr'>vos</span> <span class='ocrx_word' id='word_1_217' title='bbox 703 3052 774 3094; x_wconf 91' lang='lat' dir='ltr'>eum</span> <span class='ocrx_word' id='word_1_218' title='bbox 788 3042 913 3115; x_wconf 89' lang='lat' dir='ltr'>tempus</span> <span class='ocrx_word' id='word_1_219' title='bbox 928 3044 1038 3110; x_wconf 86' lang='lat' dir='ltr'>teram,</span> <span class='ocrx_word' id='word_1_220' title='bbox 1054 3049 1084 3096; x_wconf 78' lang='lat' dir='ltr'>at</span> 
     </span>
     <span class='ocr_line' id='line_1_31' title="bbox 147 3120 1084 3206; baseline 0.003 -21"><span class='ocrx_word' id='word_1_221' title='bbox 147 3120 328 3185; x_wconf 87' lang='lat' dir='ltr'>crudelitate</span> <span class='ocrx_word' id='word_1_222' title='bbox 346 3134 469 3184; x_wconf 81' lang='lat' dir='ltr'>vosmet</span> <span class='ocrx_word' id='word_1_223' title='bbox 485 3122 547 3206; x_wconf 91' lang='lat' dir='ltr'>ipsi</span> <span class='ocrx_word' id='word_1_224' title='bbox 565 3123 659 3186; x_wconf 89' lang='lat' dir='ltr'>armis</span> <span class='ocrx_word' id='word_1_225' title='bbox 678 3124 870 3202; x_wconf 88' lang='lat' dir='ltr'>vindicastis,</span> <span class='ocrx_word' id='word_1_226' title='bbox 889 3148 950 3190; x_wconf 92' lang='lat' dir='ltr'>nec</span> <span class='ocrx_word' id='word_1_227' title='bbox 963 3128 1084 3191; x_wconf 84' lang='lat' dir='ltr'>istuma</span> 
     </span>
     <span class='ocr_line' id='line_1_32' title="bbox 147 3215 1084 3304; baseline 0.002 -26"><span class='ocrx_word' id='word_1_228' title='bbox 147 3228 213 3279; x_wconf 90' lang='lat' dir='ltr'>tera</span> <span class='ocrx_word' id='word_1_229' title='bbox 231 3215 348 3279; x_wconf 89' lang='lat' dir='ltr'>scelera</span> <span class='ocrx_word' id='word_1_230' title='bbox 366 3216 580 3300; x_wconf 87' lang='lat' dir='ltr'>inpudentiam</span> <span class='ocrx_word' id='word_1_231' title='bbox 597 3217 629 3279; x_wconf 94' lang='lat' dir='ltr'>in</span> <span class='ocrx_word' id='word_1_232' title='bbox 649 3217 846 3284; x_wconf 88' lang='lat' dir='ltr'>defendendo</span> <span class='ocrx_word' id='word_1_233' title='bbox 865 3242 900 3285; x_wconf 88' lang='lat' dir='ltr'>se</span> <span class='ocrx_word' id='word_1_234' title='bbox 923 3222 1045 3286; x_wconf 89' lang='lat' dir='ltr'>adicere</span> <span class='ocrx_word' id='word_1_235' title='bbox 1062 3241 1084 3304; x_wconf 76' lang='lat' dir='ltr'>pt</span> 
     </span>
    </p>

    <p class='ocr_par' dir='ltr' id='par_1_6' title="bbox 114 3309 1084 3677">
     <span class='ocr_line' id='line_1_33' title="bbox 114 3309 1084 3400; baseline 0.007 -29"><span class='ocrx_word' id='word_1_236' title='bbox 114 3310 285 3372; x_wconf 69' lang='lat' dir='ltr'>nomnium</span> <span class='ocrx_word' id='word_1_237' title='bbox 304 3310 400 3394; x_wconf 88' lang='lat' dir='ltr'>igitur</span> <span class='ocrx_word' id='word_1_238' title='bbox 416 3309 487 3388; x_wconf 92' lang='lat' dir='ltr'>tibi,</span> <span class='ocrx_word' id='word_1_239' title='bbox 514 3309 602 3395; x_wconf 87' lang='lat' dir='ltr'>Appi</span> <span class='ocrx_word' id='word_1_240' title='bbox 621 3310 749 3389; x_wconf 86' lang='lat' dir='ltr'>Claudi,</span> <span class='ocrx_word' id='word_1_241' title='bbox 777 3334 858 3396; x_wconf 91' lang='lat' dir='ltr'>quae</span> <span class='ocrx_word' id='word_1_242' title='bbox 880 3315 979 3400; x_wconf 90' lang='lat' dir='ltr'>impie</span> <span class='ocrx_word' id='word_1_243' title='bbox 996 3311 1084 3379; x_wconf 79' lang='lat' dir='ltr'>nefan</span> 
     </span>
     <span class='ocr_line' id='line_1_34' title="bbox 145 3401 1084 3492; baseline 0.005 -29"><span class='ocrx_word' id='word_1_244' title='bbox 145 3422 202 3485; x_wconf 86' lang='lat' dir='ltr'>per</span> <span class='ocrx_word' id='word_1_245' title='bbox 216 3401 375 3465; x_wconf 90' lang='lat' dir='ltr'>biennium</span> <span class='ocrx_word' id='word_1_246' title='bbox 389 3403 450 3466; x_wconf 85' lang='lat' dir='ltr'>alia</span> <span class='ocrx_word' id='word_1_247' title='bbox 464 3426 559 3488; x_wconf 90' lang='lat' dir='ltr'>super</span> <span class='ocrx_word' id='word_1_248' title='bbox 572 3405 633 3468; x_wconf 88' lang='lat' dir='ltr'>alia</span> <span class='ocrx_word' id='word_1_249' title='bbox 646 3427 680 3469; x_wconf 88' lang='lat' dir='ltr'>es</span> <span class='ocrx_word' id='word_1_250' title='bbox 694 3429 800 3483; x_wconf 91' lang='lat' dir='ltr'>ausus,</span> <span class='ocrx_word' id='word_1_251' title='bbox 819 3409 954 3492; x_wconf 83' lang='lat' dir='ltr'>gratiam</span> <span class='ocrx_word' id='word_1_252' title='bbox 968 3409 1060 3473; x_wconf 85' lang='lat' dir='ltr'>facio:</span> <span class='ocrx_word' id='word_1_253' title='bbox 1075 3428 1084 3468; x_wconf 89' lang='grc' dir='ltr'>ι</span> 
     </span>
     <span class='ocr_line' id='line_1_35' title="bbox 147 3499 1084 3577; baseline 0.005 -18"><span class='ocrx_word' id='word_1_254' title='bbox 147 3507 267 3560; x_wconf 88' lang='lat' dir='ltr'>tantum</span> <span class='ocrx_word' id='word_1_255' title='bbox 286 3499 438 3575; x_wconf 89' lang='lat' dir='ltr'>criminis,</span> <span class='ocrx_word' id='word_1_256' title='bbox 465 3500 526 3564; x_wconf 89' lang='lat' dir='ltr'>nisi</span> <span class='ocrx_word' id='word_1_257' title='bbox 544 3501 698 3577; x_wconf 86' lang='lat' dir='ltr'>vindices,</span> <span class='ocrx_word' id='word_1_258' title='bbox 726 3511 757 3564; x_wconf 92' lang='lat' dir='ltr'>te</span> <span class='ocrx_word' id='word_1_259' title='bbox 774 3501 813 3566; x_wconf 90' lang='lat' dir='ltr'>ab</span> <span class='ocrx_word' id='word_1_260' title='bbox 832 3502 976 3569; x_wconf 89' lang='lat' dir='ltr'>libertate</span> <span class='ocrx_word' id='word_1_261' title='bbox 994 3506 1025 3569; x_wconf 91' lang='lat' dir='ltr'>in</span> <span class='ocrx_word' id='word_1_262' title='bbox 1043 3523 1084 3567; x_wconf 89' lang='lat' dir='ltr'>ser</span> 
     </span>
     <span class='ocr_line' id='line_1_36' title="bbox 146 3591 1075 3677; baseline 0.006 -26"><span class='ocrx_word' id='word_1_263' title='bbox 146 3601 209 3652; x_wconf 92' lang='lat' dir='ltr'>tem</span> <span class='ocrx_word' id='word_1_264' title='bbox 227 3605 333 3655; x_wconf 88' lang='lat' dir='ltr'>contra</span> <span class='ocrx_word' id='word_1_265' title='bbox 350 3591 437 3677; x_wconf 88' lang='lat' dir='ltr'>leges</span> <span class='ocrx_word' id='word_1_266' title='bbox 456 3594 606 3658; x_wconf 84' lang='lat' dir='ltr'>vindicias</span> <span class='ocrx_word' id='word_1_267' title='bbox 625 3617 689 3658; x_wconf 92' lang='lat' dir='ltr'>non</span> <span class='ocrx_word' id='word_1_268' title='bbox 706 3595 844 3672; x_wconf 89' lang='lat' dir='ltr'>dedisse,</span> <span class='ocrx_word' id='word_1_269' title='bbox 872 3596 906 3660; x_wconf 92' lang='lat' dir='ltr'>in</span> <span class='ocrx_word' id='word_1_270' title='bbox 928 3598 1031 3662; x_wconf 86' lang='lat' dir='ltr'>vincla</span> <span class='ocrx_word' id='word_1_271' title='bbox 1050 3606 1075 3659; x_wconf 86' lang='lat' dir='ltr'>te</span> 
     </span>
    </p>

    <p class='ocr_par' dir='ltr' id='par_1_7' title="bbox 113 3681 1084 3965">
     <span class='ocr_line' id='line_1_37' title="bbox 113 3681 1084 3776; baseline 0 -26"><span class='ocrx_word' id='word_1_272' title='bbox 113 3681 280 3750; x_wconf 67' lang='lat' dir='ltr'>alubebo!</span> <span class='ocrx_word' id='word_1_273' title='bbox 315 3687 426 3749; x_wconf 90' lang='lat' dir='ltr'>necin</span> <span class='ocrx_word' id='word_1_274' title='bbox 449 3687 613 3751; x_wconf 87' lang='lat' dir='ltr'>tribunicio</span> <span class='ocrx_word' id='word_1_275' title='bbox 636 3690 751 3753; x_wconf 87' lang='lat' dir='ltr'>auxilio</span> <span class='ocrx_word' id='word_1_276' title='bbox 773 3688 900 3776; x_wconf 85' lang='lat' dir='ltr'>Appius</span> <span class='ocrx_word' id='word_1_277' title='bbox 924 3713 984 3756; x_wconf 91' lang='lat' dir='ltr'>uec</span> <span class='ocrx_word' id='word_1_278' title='bbox 1004 3692 1035 3756; x_wconf 90' lang='lat' dir='ltr'>in</span> <span class='ocrx_word' id='word_1_279' title='bbox 1054 3692 1084 3752; x_wconf 88' lang='lat' dir='ltr'>iu</span> 
     </span>
     <span class='ocr_line' id='line_1_38' title="bbox 145 3777 1084 3868; baseline 0.01 -29"><span class='ocrx_word' id='word_1_280' title='bbox 145 3777 253 3862; x_wconf 90' lang='lat' dir='ltr'>populi</span> <span class='ocrx_word' id='word_1_281' title='bbox 272 3778 366 3842; x_wconf 89' lang='lat' dir='ltr'>ullam</span> <span class='ocrx_word' id='word_1_282' title='bbox 385 3802 474 3865; x_wconf 89' lang='lat' dir='ltr'>spem</span> <span class='ocrx_word' id='word_1_283' title='bbox 491 3781 640 3846; x_wconf 83' lang='lat' dir='ltr'>habebat:</span> <span class='ocrx_word' id='word_1_284' title='bbox 664 3793 801 3847; x_wconf 83' lang='lat' dir='ltr'>attamen</span> <span class='ocrx_word' id='word_1_285' title='bbox 824 3793 855 3848; x_wconf 86' lang='lat' dir='ltr'>et</span> <span class='ocrx_word' id='word_1_286' title='bbox 872 3783 1014 3850; x_wconf 88' lang='lat' dir='ltr'>tribunos</span> <span class='ocrx_word' id='word_1_287' title='bbox 1034 3802 1084 3868; x_wconf 85' lang='lat' dir='ltr'>app</span> 
     </span>
     <span class='ocr_line' id='line_1_39' title="bbox 145 3871 1084 3965; baseline 0.006 -32"><span class='ocrx_word' id='word_1_288' title='bbox 145 3871 192 3934; x_wconf 89' lang='lat' dir='ltr'>vit</span> <span class='ocrx_word' id='word_1_289' title='bbox 209 3885 253 3948; x_wconf 91' lang='lat' dir='ltr'>et,</span> <span class='ocrx_word' id='word_1_290' title='bbox 271 3872 357 3936; x_wconf 92' lang='lat' dir='ltr'>nullo</span> <span class='ocrx_word' id='word_1_291' title='bbox 374 3891 515 3939; x_wconf 88' lang='lat' dir='ltr'>morante</span> <span class='ocrx_word' id='word_1_292' title='bbox 533 3888 673 3961; x_wconf 88' lang='lat' dir='ltr'>arreptus</span> <span class='ocrx_word' id='word_1_293' title='bbox 692 3900 711 3941; x_wconf 88' lang='lat' dir='ltr'>a</span> <span class='ocrx_word' id='word_1_294' title='bbox 728 3878 861 3956; x_wconf 87' lang='lat' dir='ltr'>viatore,</span> <span class='ocrx_word' id='word_1_295' title='bbox 881 3877 1043 3965; x_wconf 85' lang='lat' dir='ltr'>‘provoco’</span> <span class='ocrx_word' id='word_1_296' title='bbox 1056 3876 1084 3939; x_wconf 90' lang='lat' dir='ltr'>in</span> 
     </span>
    </p>

    <p class='ocr_par' dir='ltr' id='par_1_8' title="bbox 113 3965 1071 4052">
     <span class='ocr_line' id='line_1_40' title="bbox 113 3965 1071 4052; baseline 0.005 -20"><span class='ocrx_word' id='word_1_297' title='bbox 113 3983 129 4032; x_wconf 78' lang='grc'>6</span> <span class='ocrx_word' id='word_1_298' title='bbox 145 3965 253 4031; x_wconf 87' lang='lat' dir='ltr'>audita</span> <span class='ocrx_word' id='word_1_299' title='bbox 269 3989 334 4032; x_wconf 78' lang='lat' dir='ltr'>vox</span> <span class='ocrx_word' id='word_1_300' title='bbox 350 3990 427 4047; x_wconf 85' lang='lat' dir='ltr'>uua,</span> <span class='ocrx_word' id='word_1_301' title='bbox 453 3971 570 4052; x_wconf 84' lang='lat' dir='ltr'>vindex</span> <span class='ocrx_word' id='word_1_302' title='bbox 587 3970 752 4051; x_wconf 85' lang='lat' dir='ltr'>libertatis,</span> <span class='ocrx_word' id='word_1_303' title='bbox 780 3995 820 4037; x_wconf 85' lang='lat' dir='ltr'>ex</span> <span class='ocrx_word' id='word_1_304' title='bbox 838 3995 875 4039; x_wconf 90' lang='lat' dir='ltr'>eo</span> <span class='ocrx_word' id='word_1_305' title='bbox 893 3975 992 4040; x_wconf 82' lang='lat' dir='ltr'>missa</span> <span class='ocrx_word' id='word_1_306' title='bbox 1013 3993 1071 4048; x_wconf 83' lang='lat' dir='ltr'>ore,</span> 
     </span>
    </p>
   </div>
   <div class='ocr_carea' id='block_1_3' title="bbox 0 0 1288 4524">
    <p class='ocr_par' dir='ltr' id='par_1_9' title="bbox 0 0 1288 4524">
     <span class='ocr_line' id='line_1_41' title="bbox 0 0 1288 4524; baseline 0 0"><span class='ocrx_word' id='word_1_307' title='bbox 0 0 1288 4524; x_wconf 95' lang='lat' dir='ltr'> </span> 
     </span>
    </p>
   </div>
  </div>
 </body>
</html>
