2566 4524
280 285 399 342 umas
414 285 486 359 vn,
504 287 530 342 s.
544 287 586 343 10.
605 290 644 357 [a.
655 285 686 343 c.
694 287 753 343 362.
766 288 830 359 aar]
1009 277 1074 346 359

61 445 204 513 ›rofectus
221 445 255 509 in
273 443 413 510 citeriore
430 446 499 529 ripa
516 442 650 509 Anienis
669 454 771 511 castra
787 448 902 533 posuit.
942 471 1022 534 pons
1040 450 1074 516 in
1091 470 1108 521 r

61 541 147 606 nedio
164 548 246 617 erat,
264 539 382 605 neutris
401 561 474 604 eum
486 538 717 624 rumpentibus,
736 562 776 604 ne
790 540 909 608 timoris
922 544 1073 611 indicium

62 644 136 701 sset.
172 633 294 722 proelia
314 633 354 698 de
376 633 560 718 occupando
576 642 672 720 ponte
690 630 800 700 crebra
817 645 904 700 erant
921 659 994 717 nec,
1016 639 1073 723 qui

61 738 237 806 uterentur,
267 728 394 793 incertis
421 726 541 794 viribus
569 728 645 793 satis
672 727 808 794 discerni
832 739 963 818 poterat
1004 742 1106 802 tuma

61 823 158 893 ximia
184 822 324 908 corporis
350 822 566 908 magnitudine
591 822 625 886 in
650 845 786 889 vacuum
807 835 936 911 pontem
959 825 1072 895 Gallus

61 917 197 983 rooesait
222 925 254 982 et
279 925 431 1000 quantum
456 917 595 981 maxima
619 939 698 983 voce
719 919 821 1004 potuit
845 925 952 1004 ‘quem
973 921 1072 989 nunc’

61 1012 143 1096 rquit
162 1011 279 1076 ‘Roma
295 1012 399 1076 virum
416 1010 623 1076 fortissimum
639 1009 748 1090 babet,
766 1014 916 1097 procedat
933 1017 1070 1102 agedum

61 1106 80 1170 d
92 1129 249 1202 pugnam,
268 1114 303 1170 ut
316 1115 423 1171 noster
436 1105 568 1170 duorum
582 1114 712 1171 eventus
731 1108 889 1186 ostendat,
908 1118 978 1175 utra
989 1134 1070 1197 gens

61 1200 124 1266 ello
143 1201 185 1266 sit
202 1200 330 1266 melior?
994 1259 1009 1279 .-

106 1294 152 1360 X.
176 1295 247 1359 Diu
259 1296 340 1360 inter
351 1296 503 1381 primores
517 1295 667 1361 iuvenum
680 1293 896 1361 Romanorum
910 1298 1069 1366 silentium
1087 1321 1102 1368 1

61 1389 113 1466 uit,
142 1412 215 1454 cum
237 1397 268 1454 et
290 1389 427 1455 abnuere
445 1397 605 1455 certamen
620 1398 802 1455 vererentur
819 1399 850 1454 et
867 1392 1073 1478 praecipuam

61 1492 159 1549 ortem
174 1483 306 1569 periculi
321 1493 427 1570 petere
449 1484 575 1549 nollent.
612 1493 680 1548 tum
697 1483 736 1549 Τ.
755 1483 896 1551 Manlius
913 1487 955 1550 L.
973 1487 1067 1568 filius,
1085 1497 1120 1557 a

60 1579 93 1643 ui
109 1589 234 1665 patrem
247 1602 267 1642 a
279 1579 445 1644 vexatione
458 1578 624 1644 tribunicia
636 1579 862 1658 vindicaverat,
882 1603 922 1645 ex
936 1581 1069 1649 statione

61 1674 80 1738 d
97 1674 282 1739 dictatorem
300 1674 415 1761 pergit:
435 1674 573 1738 ‘iniussu
585 1672 664 1750 tuo‚’
680 1674 783 1758 inquit
802 1676 993 1762 ‘imperator,
1012 1699 1068 1742 ex·
1098 1684 1101 1688 ’

61 1792 88 1834 ‚a
105 1768 249 1834 ordinem
266 1791 438 1853 numquam
455 1769 676 1855 pugnaverim,
699 1790 763 1833 non
785 1769 813 1834 si
835 1778 951 1834 certam
969 1770 1069 1837 victo-

61 1866 119 1929 *am
136 1863 277 1941 videam3
302 1863 330 1928 si
348 1873 382 1928 tu
399 1863 566 1950 permittis,
590 1862 662 1928 volo
681 1884 741 1949 ego
763 1862 808 1926 illi
830 1862 941 1928 beluae
964 1874 1102 1932 osten-s

61 1980 126 2036 cre,
146 1959 272 2041 quando
290 1959 369 2024 adeo
386 1958 477 2024 ferox
489 1958 663 2044 praesultat
675 1957 814 2023 hostium
828 1957 942 2046 signis,
961 1982 1013 2024 me
1026 1982 1067 2025 ex

61 2076 75 2118 a
91 2053 215 2118 familia
232 2062 348 2132 ortum,
367 2075 449 2137 quae
468 2050 632 2119 Gallorum
650 2074 765 2139 agmen
782 2075 823 2117 ex
838 2075 917 2140 rupe
931 2054 1067 2140 Tarpeia

61 2146 170 2213 eiecit’
201 2156 269 2211 tum
286 2148 419 2213 dictator
437 2152 446 2183 ‘
451 2156 552 2212 macte
569 2147 697 2212 virtute'
714 2147 815 2230 inquit
834 2153 885 2213 ‘ac
900 2148 1016 2234 pietate
1033 2149 1067 2213 in
1085 2169 1102 2216 4

61 2251 159 2308 utrem
176 2243 385 2327 patriamque,
404 2242 443 2307 Τ.
457 2241 573 2320 Manli,
592 2251 669 2307 estc.
704 2263 802 2328 perge
819 2252 851 2307 et
868 2264 984 2308 nomen
1000 2242 1067 2308 Ro-

61 2359 168 2402 canum
193 2336 345 2401 invictum
370 2336 550 2402 iuvantibus
578 2336 638 2400 diis
663 2335 808 2421 praesta?
843 2344 965 2400 armant
991 2335 1099 2406 indeo

61 2454 185 2497 irenem
203 2431 363 2515 aequales:
380 2431 525 2516 pedestre
544 2439 668 2495 scutum
686 2429 782 2516 capit,
801 2428 948 2515 Hispano
965 2429 1066 2516 cingi-

61 2550 87 2592 ιι·
103 2525 212 2614 gladio
230 2526 271 2590 ad
287 2526 466 2612 propiorem
477 2525 576 2591 habili
587 2547 742 2611 pugnam;
761 2533 915 2589 armatum
933 2524 1066 2590 adorna-

61 2644 167 2707 tmque
186 2622 336 2687 adversus
356 2618 486 2686 Gallum
504 2620 615 2685 stolide
631 2619 750 2685 laetum
767 2627 799 2684 et
810 2656 853 2668 —
866 2618 1014 2702 quoniam
1031 2618 1066 2683 id

61 2724 164 2801 toque
185 2716 335 2781 memoria
357 2714 488 2802 dignum
510 2713 647 2798 antiquis
669 2714 774 2779 visum
795 2721 844 2779 est
860 2750 903 2762 -
923 2713 1065 2800 linguam

61 2813 132 2876 iam
151 2810 191 2876 ab
208 2811 308 2876 inrisu
325 2818 520 2876 exserentem
537 2808 724 2894 producunt.
759 2808 913 2895 recipiunt
933 2807 1006 2872 inde
1028 2829 1063 2874 se
1082 2827 1097 2876 6

61 2905 281 2983 lstationem;
308 2914 340 2970 et
361 2904 423 2969 duo
444 2904 479 2967 in
500 2902 604 2967 medio
630 2904 741 2968 armati
767 2902 937 2988 spectaculi
962 2901 1064 2989 magis

61 3021 123 3066 ore
151 3021 246 3083 quam
271 2998 342 3086 lege
364 2997 440 3064 belli
462 2997 687 3074 destituuntur,
713 3018 913 3081 nequaquam
933 2996 1005 3062 visu
1027 3018 1066 3063 ao

61 3093 142 3179 pecie
157 3092 394 3158 aestimantibus
408 3114 514 3178 pares:
532 3113 646 3176 corpus
660 3090 749 3154 alteri
766 3091 981 3177 magnitudine
999 3090 1065 3156 exi·
1084 3111 1099 3158 t

61 3186 149 3266 rium,
168 3187 348 3252 versicolori
359 3195 447 3253 veste
461 3185 615 3271 pictisque
629 3193 660 3249 et
673 3205 749 3250 auro
763 3183 889 3250 caelatis
903 3185 1063 3271 refulgens

61 3281 130 3348 unis
137 3307 147 3361 ;
166 3282 270 3347 media
281 3282 315 3346 in
328 3281 424 3347 altero
437 3281 578 3345 militaris
593 3288 713 3346 statura
724 3279 910 3363 modicaque
922 3279 955 3344 in
969 3279 1064 3344 armis

61 3376 195 3444 abilibus
217 3377 319 3464 magis
342 3397 437 3459 quam
460 3375 582 3441 decoris
605 3374 736 3461 species.
771 3396 835 3439 non
853 3382 977 3452 cantus,
1000 3396 1064 3439 non
1082 3392 1098 3442 8

61 3470 188 3536 rultatio
215 3492 433 3554 armorumque
461 3468 590 3556 agitatio
611 3491 707 3546 vana,
735 3468 792 3533 sed
812 3477 923 3555 pectus
945 3468 1065 3533 animo-

61 3588 103 3631 un
121 3564 251 3648 iraeque
269 3565 381 3629 tacitae
397 3563 526 3650 plenum
543 3584 669 3628 omnem
686 3561 836 3628 ferociam
848 3562 883 3627 in
895 3561 1064 3628 discrimen

61 3682 140 3725 sum
155 3659 332 3724 certaminis
347 3657 518 3724 distulerat.
544 3656 601 3723 ubi
612 3657 779 3723 constitere
791 3656 873 3723 inter
885 3656 964 3722 duas
978 3655 1062 3721 acies
1081 3673 1097 3722 9

61 3764 78 3820 t
97 3755 184 3820 circa
197 3754 373 3819 mortalium
387 3752 499 3817 animis
513 3773 569 3838 spe
581 3761 730 3837 metuque
742 3750 966 3838 pendentibus,
985 3746 1063 3814 Gal-

61 3873 81 3916 s
104 3847 196 3915 velut
216 3848 315 3916 moles
335 3870 469 3935 superne
486 3847 642 3913 inminens
660 3847 798 3933 proiecto
816 3846 906 3913 laeva
923 3851 1012 3910 scuto
1027 3842 1062 3906 in

61 3942 230 4009 lvenientis
243 3967 331 4008 arma
341 3943 443 4008 hostis
461 3965 577 4008 vanum
595 3943 712 4008 caesim
730 3964 802 4007 cum
818 3937 938 4027 ingenti
955 3934 1062 4000 sonitu

61 4059 145 4103 rsem
170 4036 297 4104 deiecit:
324 4037 487 4104 Romanus
513 4058 663 4103 mucrone
690 4035 849 4112 subrecto,
877 4052 949 4098 cum
971 4037 1115 4098 scuto10
