2566 4524
313 271 432 326 LIBER
449 271 504 338 VI,
522 271 565 327 37.
577 272 620 328 38.
639 274 678 343 [a.
690 269 790 329 (2369.
803 273 866 342 368]
1041 261 1106 326 343

92 432 123 496 ad
133 430 246 497 curulis
259 429 477 516 magistratus:
496 429 629 513 numqui
641 429 723 496 enim
738 430 899 496 socordius
913 440 968 495 aut
977 431 1106 518 segnius

86 549 144 592 rem
159 523 320 613 publicam
339 524 550 589 administrari
566 532 640 609 post
656 523 753 590 Publi
769 524 877 590 Licini
895 523 987 591 Calvi
1008 525 1108 591 tribu-

85 630 201 698 natum,
228 619 283 703 qui
303 619 425 705 primus
448 641 488 683 ex
508 617 602 704 plebe
625 627 748 684 creatus
771 619 825 698 sit,
853 641 948 704 quam
968 641 1026 706 per
1051 641 1106 685 eos

83 736 176 781 annos
200 724 292 801 gesta
314 713 367 791 sit,
395 712 510 796 quibus
532 721 655 800 praeter
675 713 823 799 patricios
846 736 939 779 nemo
962 713 1106 781 tribunus

82 810 212 876 militum
224 808 338 874 suerit?
354 808 431 893 quin
444 817 552 874 contra
564 808 712 894 patricios
726 809 845 894 aliquot
857 810 1020 875 damnatos
1034 819 1108 895 post

82 905 286 980 tribunatum,
304 901 461 967 neminem
478 901 647 988 plebeium.
683 913 865 987 quaestores
882 925 1008 988 quoque
1027 904 1108 968 sicut
1126 923 1141 972 9

80 998 221 1064 tribunos
234 997 369 1062 militum
381 997 492 1082 paucis
506 1006 579 1062 ante
593 997 682 1061 annis
697 1020 737 1061 ex
749 997 842 1083 plebe
856 1006 982 1084 coeptos
998 998 1107 1077 creari,

80 1115 138 1158 nec
153 1091 249 1156 ullius
268 1113 377 1156 eorum
393 1091 547 1178 populum
559 1091 739 1157 Romanum
755 1092 957 1176 paenituisse.
994 1113 1107 1157 consu·
1127 1112 1159 1160 ιο

80 1188 178 1253 latum
206 1207 371 1272 superesse
395 1185 543 1271 plebeiis;
574 1208 645 1250 eam
667 1206 737 1250 esse
759 1207 862 1250 arcem
883 1184 1049 1263 libertatis,
1076 1185 1110 1251 id

83 1281 235 1347 columen.
271 1281 300 1345 si
321 1302 358 1346 eo
380 1289 566 1366 perventum
589 1280 642 1357 sit,
670 1289 737 1343 tum
759 1278 911 1365 populum
928 1279 1110 1345 Romanum

83 1396 155 1440 vere
176 1383 304 1440 exactos
328 1396 368 1438 ex
388 1373 467 1439 urbe
488 1396 580 1461 reges
604 1382 636 1438 et
657 1373 802 1439 stabilem
823 1372 998 1439 libertatem
1019 1395 1110 1438 suam

81 1469 347 1535 existimaturum:
365 1469 481 1554 quippe
496 1491 536 1534 ex
548 1467 602 1533 illa
615 1468 666 1533 die
678 1468 711 1531 in
720 1467 846 1554 plebem
855 1477 987 1533 ventura
995 1467 1108 1544 omnia,
1129 1487 1161 1535 11

80 1562 196 1648 quibus
205 1563 328 1649 patricii
341 1562 503 1641 excellant,
517 1562 683 1649 imperium
697 1573 790 1646 atque
799 1563 960 1639 honorem,
977 1562 1111 1648 gloriam

80 1659 170 1737 belli,
189 1681 306 1745 genus,
323 1658 532 1737 nobilitatem,
551 1681 667 1745 magna
683 1658 761 1743 ipsis
775 1652 922 1736 fruenda,
941 1658 1060 1721 maiora
1072 1656 1112 1720 li-

81 1753 165 1820 beris
179 1752 393 1836 relinquenda.
415 1752 509 1817 huius
519 1752 642 1839 generis
657 1752 812 1818 umbones
821 1751 877 1816 ubi
885 1751 985 1836 accipi
994 1750 1109 1827 videre,
1130 1769 1163 1816 12

79 1871 198 1914 novam
211 1846 406 1932 rogationem
419 1847 629 1933 promulgant,
646 1855 681 1910 ut
694 1868 751 1930 pro
766 1845 939 1910 duumviris
953 1844 1050 1909 sacris
1064 1844 1112 1908 fa-

83 1941 207 2007 ciundis
224 1940 394 2005 decemviri
411 1949 554 2005 creentur
570 1941 627 2019 ita,
650 1950 686 2005 ut
701 1962 775 2026 pars
794 1962 834 2005 ex
851 1939 957 2025 plebe,
980 1960 1053 2024 pars
1072 1959 1113 2002 ex

80 2034 226 2124 patribus
238 2035 307 2114 fiat,
326 2035 528 2142 omniumque
541 2056 648 2099 earum
660 2034 859 2143 rogationum
873 2033 999 2099 comitia
1011 2033 1045 2097 in
1058 2030 1114 2097 ad-

82 2141 214 2195 ventum
233 2129 300 2194 eius
319 2128 435 2193 exercit
434 2150 473 2192 us
423 2127 639 2193 tdifferunt
627 2138 727 2212 t,qu1
716 2127 881 2194 Velitras
899 2120 1072 2193 obsidebat.

147 2221 355 2289 XXXVIII.
381 2221 475 2286 Prius
495 2221 701 2286 circumactus
721 2231 769 2286 est
786 2243 887 2286 annus
905 2243 1002 2305 quam
1014 2244 1034 2285 a
1045 2219 1112 2286 Ve·
1131 2241 1144 2288 1

81 2318 163 2385 linis
184 2317 370 2382 reducerent
357 2325 408 2379 tur
428 2316 578 2402 legiones.
614 2315 659 2378 ita
681 2337 836 2400 suspensa
857 2315 897 2379 de
918 2313 1043 2400 legibus
1060 2335 1111 2378 res

81 2412 123 2478 ad
151 2432 252 2476 novos
278 2408 420 2475 tribunos
446 2408 580 2473 militum
607 2408 716 2472 dilata:
747 2431 821 2473 nam
846 2406 949 2493 plebis
971 2405 1113 2471 tribunos

82 2504 229 2582 eosdem,
256 2504 336 2568 duos
358 2502 480 2587 utique,
508 2501 583 2587 quia
603 2501 711 2588 legum
732 2501 847 2567 latores
876 2509 977 2578 erant,
1004 2499 1113 2585 plebes

83 2600 253 2668 reficiebat
294 2599 410 2666 tribuni
427 2600 560 2664 militum
577 2600 673 2665 creati
692 2599 731 2664 T.
748 2597 930 2682 Quinctius,
951 2596 1019 2664 Ser.
1035 2595 1147 2662 Cor-a

80 2695 202 2773 aelius,
222 2691 291 2760 Ser.
307 2691 481 2781 Sulpicius,
502 2691 558 2781 sp.
575 2691 742 2773 Servilius,
761 2693 803 2759 L.
817 2693 979 2778 Papirius,
997 2692 1039 2757 L.
1050 2689 1115 2756 Ve-

79 2791 198 2857 turius
223 2789 377 2876 principio
391 2789 497 2854 statim
514 2788 589 2854 anni
606 2790 647 2854 ad
664 2789 807 2854 ultimam
824 2787 1056 2853 dimicationem
1074 2785 1114 2849 de
1133 2802 1147 2850 a

79 2883 212 2972 legibus
229 2893 303 2949 vent
303 2906 372 2963 um;
394 2892 426 2948 et
444 2905 516 2948 cum
532 2883 633 2948 tribus
652 2893 839 2949 vocarentur
855 2904 915 2947 nec
931 2880 1114 2947 intercessio

79 2979 336 3066 collegarumt
291 2976 336 3043 lat
336 2977 443 3044 oribus
458 2976 610 3057 obstaret,
629 2979 742 3064 trepidi
755 2987 860 3063 patres
875 2976 915 3040 ad
929 2976 992 3041 duo
1005 2974 1116 3041 ultima

80 3072 215 3151 auxilia,
234 3095 394 3138 summum
405 3073 572 3159 imperium
586 3092 806 3154 summumque
821 3069 902 3135 ad
876 3092 986 3146 civem,
1005 3071 1115 3135 decur-

83 3174 171 3232 runt.
206 3165 391 3231 dictatorem
408 3166 471 3232 dici
486 3165 599 3251 placet
631 3165 705 3230 dicit
706 3162 804 3228 urM
818 3162 934 3228 Furius
949 3161 1149 3238 Camillus,

81 3259 143 3346 qui
160 3259 348 3347 magistrum
366 3260 452 3346 equit
452 3283 506 3324 um
439 3259 561 3325 tL.
570 3258 743 3324 Aemilium
756 3265 880 3342 coepta
882 3303 889 3320 .
915 3255 1023 3342 legum
1037 3277 1115 3340 quo-

80 3377 149 3441 que
166 3353 283 3419 latores
296 3355 452 3444 adversus
470 3363 591 3419 tantum
610 3360 794 3439 apparatum
811 3350 1062 3416 adversariorum
1084 3358 1116 3414 et

79 3449 150 3539 ipsi
172 3470 303 3514 causam
323 3448 425 3537 plebis
446 3448 627 3536 ingentibus
649 3447 760 3513 animis
783 3454 904 3512 armant
921 3445 1115 3530 concilioque

78 3543 190 3633 plebis
208 3542 326 3610 indicto
343 3543 442 3611 tribus
461 3544 503 3608 ad
524 3542 709 3630 suffragium
730 3549 853 3607 vocant
889 3562 962 3606 eum
983 3540 1150 3608 dictatore

81 3639 225 3726 stipatus
243 3638 369 3726 agmine
385 3638 586 3726 patriciorum
602 3638 714 3724 plenus
732 3636 797 3702 irae
810 3635 1027 3721 minarumque
1041 3656 1116 3701 con-

80 3732 239 3810 sedisset,
257 3742 351 3817 atque
362 3741 507 3821 ageretur
519 3754 570 3798 res
589 3731 680 3797 solito
697 3731 833 3816 primum
851 3730 1019 3795 certamine
1036 3729 1116 3794 inter

81 3849 120 3894 ae
144 3825 344 3892 tribunomm
363 3826 451 3914 plebi
471 3826 637 3893 ferentium
659 3824 763 3934 legem
783 3824 1114 3931 intercedentiumque,

82 3930 131 4000 et,
151 3921 299 4006 quanto
289 3943 357 3988 rure
372 3921 528 4009 potentior
543 3921 725 3986 intercessio
743 3929 822 3999 erat,
841 3927 909 3984 tant
909 3941 964 3983 um
976 3917 1116 3981 vincere·

82 4022 139 4081 tm·
151 4013 263 4081 favore
270 4014 400 4102 legum
389 4038 530 4104 1psarum
538 4014 744 4100 latorumque,
759 4023 790 4081 et
804 4013 864 4078 ‘uti
875 4010 983 4139 rogas'
995 4008 1116 4096 primae
