2566 4524
319 228 438 286 omna
453 228 552 298 vnn,
570 228 612 285 16.
624 228 668 285 ιτ.
687 230 725 298 [a.
735 226 765 284 o.
774 227 838 299 319]
1030 213 1097 285 459

65 413 160 477 quern
179 411 254 455 oum
269 386 467 453 inambulans
486 395 558 452 ante
571 385 808 453 tabernaculum
821 385 927 452 vocari
939 385 1094 468 iussisset,

65 487 209 552 dotorem
227 481 374 570 expedire
392 503 534 547 securem
546 481 647 547 iussit.
674 481 823 565 adquam
836 502 947 546 vooem
959 480 1096 549 exanimi
1114 501 1147 553 18

65 590 168 646 stante
181 576 402 644 Praenestinoz
423 576 587 664 ‘agedum
605 575 705 654 lictor,
724 575 834 641 excide
846 576 984 641 radicem
1001 574 1096 644 hano’

65 675 167 760 nquit
194 671 439 738 ‘incommodum
462 669 718 749 ambulantibus,’
742 669 968 757 perfusumque
995 670 1097 736 ultimi

64 767 216 856 supplicii
232 775 319 832 metu
335 765 435 831 multa
451 764 535 830 diota
552 763 679 831 dimisit
709 764 796 831 haud
808 763 904 832 dubie
915 764 970 831 illa
983 774 1094 843 aetate,
1114 787 1146 836 19

64 888 123 951 qua
143 861 235 929 nulla
250 863 401 928 virtutum
418 860 552 927 feracior
568 861 642 939 fuit,
660 883 753 928 nemo
771 883 853 928 unus
871 871 938 929 erat
955 862 1013 941 vir,
1032 884 1094 947 quo

64 959 167 1048 nugis
185 956 297 1024 innixa
311 979 363 1022 res
380 955 525 1022 Romana
542 963 646 1021 staret
687 954 763 1039 quin
780 977 854 1021 eum
870 977 978 1042 parem
1000 957 1097 1022 desti-

64 1064 141 1120 mnt
158 1052 275 1119 animis
293 1074 408 1140 magno
426 1050 608 1116 Alexandro
627 1049 754 1129 ducem,
777 1050 806 1118 si
821 1073 912 1117 arma
927 1051 1009 1117 Asia
1025 1072 1096 1137 per-

63 1148 185 1214 domita
202 1147 237 1211 in
253 1145 415 1233 Europam
431 1145 585 1212 vertisset.

126 1239 246 1307 XVIL
281 1239 367 1305 Nihil
380 1240 487 1305 minus
505 1240 683 1323 quaesitum
701 1263 720 1304 a
736 1239 889 1326 principio
906 1239 1000 1306 huius
1019 1262 1095 1327 ope·
1113 1260 1127 1307 1

63 1338 101 1403 :is
122 1335 229 1401 videri
245 1343 361 1420 potest,
381 1356 476 1420 quam
493 1333 616 1420 utplus
635 1333 717 1399 iusto
735 1333 775 1399 ab
792 1356 896 1399 rerum
914 1333 1022 1399 ordino
1040 1335 1095 1400 de·

63 1432 218 1497 dinarem
234 1428 499 1513 varietatibusque
517 1428 739 1516 distinguendo
756 1449 850 1515 opere
869 1437 900 1494 et
915 1427 1094 1516 legentibus

63 1527 152 1592 reiut
174 1523 368 1589 devertimrln
389 1546 521 1589 amoena
543 1534 574 1588 et
595 1524 736 1608 requiem
754 1524 858 1591 auimo
875 1547 947 1590 meo
964 1546 1095 1610 quaere-

62 1644 140 1687 rem.
179 1627 287 1684 tamen
312 1617 391 1683 tanti
415 1617 500 1705 regis
526 1640 564 1684 ao
589 1618 678 1684 ducis
705 1618 835 1698 mentio,
863 1618 977 1704 quibus
1000 1637 1129 1705 saepes

62 1712 169 1782 :saitis
203 1711 444 1800 cogitationibus
474 1713 626 1778 volutavit
656 1714 808 1792 animum,
841 1736 894 1780 eas
921 1722 1032 1780 evocat
1061 1715 1096 1780 in

62 1809 223 1885 medium,
254 1816 289 1872 ut
314 1828 462 1891 quaerere
487 1807 596 1884 libeat,
627 1807 756 1891 quinam
787 1816 916 1874 eventus
942 1807 1095 1874 Romanis

62 1904 176 1981 rebus,
205 1901 234 1966 si
256 1923 327 1967 eum
344 1901 527 1968 Alexandro
549 1900 630 1967 foret
651 1901 816 1979 bellatum,
842 1901 967 1967 futurus
990 1901 1095 1967 fuerit.

61 1996 238 2084 plurimum
258 1995 293 2060 in
313 1994 396 2062 bello
416 1995 534 2081 pollere
556 1995 700 2061 videntur
721 1995 855 2062 militum
873 1997 964 2082 eopia
985 2005 1018 2062 et
1033 1997 1130 2066 vir-3

61 2102 131 2171 tus,
158 2089 289 2178 ingenia
313 2089 550 2176 imperatorum,
584 2089 710 2156 fortuna
735 2092 922 2177 peremnia
947 2091 1095 2170 humana,

61 2185 207 2253 maxime
227 2184 260 2250 in
280 2205 331 2251 res
353 2183 480 2251 bellioas
503 2193 624 2270 potens.
660 2207 698 2251 ea
720 2194 751 2250 et
774 2186 898 2272 singula
914 2187 1048 2253 intuenti
1065 2196 1097 2252 et
1114 2205 1131 2253 4

61 2283 217 2348 universa
242 2279 323 2345 siout
348 2278 387 2346 ab
414 2279 483 2344 aliis
508 2277 636 2365 regibus
659 2278 880 2366 gentibusque,
907 2281 952 2345 ita
973 2279 1013 2346 ab
1035 2281 1097 2347 hoo

61 2397 196 2463 quoque
226 2372 318 2440 facile
347 2381 507 2460 praestant
536 2373 689 2439 invictum
713 2373 893 2440 Romanum
918 2375 1094 2461 imperium.

60 2472 127 2538 iam
147 2469 287 2556 primum
302 2477 338 2534 ut
354 2468 457 2535 ordiar
470 2467 510 2534 ab
523 2467 656 2534 duoibus
670 2469 890 2556 oonparandis,
908 2469 995 2535 haud
1008 2470 1097 2554 equi·
1115 2488 1131 2538 ὅ

60 2568 144 2632 dem
168 2562 288 2641 abnuo,
323 2563 485 2652 egregium
511 2564 624 2629 ducem
649 2563 749 2630 firisse
775 2563 1008 2641 Alexandrum,
1040 2565 1097 2631 sed

60 2658 233 2727 elariorem
258 2667 363 2725 tamen
389 2658 573 2738 eumfacit,
600 2659 686 2744 quod
706 2681 788 2726 unus
811 2659 884 2739 fuit,
911 2660 998 2746 quod
1019 2661 1097 2726 adu-

60 2755 192 2824 lescens
213 2753 248 2817 in
271 2753 463 2818 incremento
487 2776 592 2818 rerum
617 2755 757 2821 nondum
783 2755 912 2822 alteram
938 2754 1097 2822 fortunam

59 2857 218 2940 apertus
230 2847 374 2915 deoessit.
401 2858 436 2913 ut
448 2849 525 2916 alios
538 2872 630 2936 reges
648 2851 748 2917 claros
767 2851 926 2938 ducesque
943 2851 1095 2930 omittam,
1115 2867 1130 2918 6

59 2967 186 3035 magna
205 2942 349 3029 exempla
365 2964 496 3009 casuum
512 2942 735 3023 humanorum,
760 2945 894 3032 Cyrum,
917 2969 1012 3032 quem
1029 2971 1097 3012 ma-

59 3045 152 3109 xime
181 3033 297 3104 Graeci
321 3037 467 3104 laudibus
494 3038 665 3116 eelebrent,
700 3040 777 3123 quid
807 3041 868 3106 nisi
898 3041 996 3127 longa
1020 3042 1095 3120 vita,

59 3141 151 3204 siout
165 3131 326 3220 Magnum
342 3133 438 3199 modo
454 3132 656 3220 Pompeium,
679 3135 811 3200 vertenti
832 3134 977 3221 praebuit
998 3134 1098 3199 fortu-

58 3228 148 3299 nae?
180 3247 365 3293 recenseam
394 3226 491 3294 duces
516 3228 692 3306 Romanos,
727 3249 786 3293 neo
815 3248 925 3293 omnes
957 3227 1130 3294 omniumr

58 3323 235 3400 aetatium,
259 3321 316 3386 sed
332 3321 418 3407 ipsos
435 3343 505 3400 eos,
528 3344 600 3388 oum
618 3321 732 3406 quibus
751 3320 932 3387 consulibus
956 3329 1010 3386 aut
1031 3320 1098 3385 dio·

58 3416 224 3488 *osoribus
245 3413 429 3481 Alexandro
454 3416 515 3481 fuit
539 3415 733 3482 bellandum:
760 3416 807 3481 M.
830 3414 994 3482 Valerium
1017 3413 1130 3485 Cor-8

58 3536 158 3592 mm,
189 3506 229 3574 O.
246 3507 404 3575 Marcium
426 3510 582 3587 Rutilum,
611 3509 649 3576 C.
670 3508 859 3597 Sulpicium,
882 3509 921 3575 T.
940 3509 1097 3577 Manlium

58 3608 282 3692 Torquatum,
305 3601 346 3687 Q.
365 3603 537 3670 Publilium
559 3604 739 3682 Philonem,
766 3606 808 3670 L.
830 3604 994 3691 Papirium
1016 3604 1098 3673 Cur-

57 3726 189 3781 sorem,
214 3698 256 3784 Q.
273 3699 408 3766 Fabium
428 3700 622 3780 Maximum,
645 3702 725 3767 duos
746 3701 881 3781 Decios,
903 3702 946 3769 1..
965 3701 1099 3768 Volum-

57 3805 171 3877 nium,
195 3795 252 3863 Μ’.
273 3794 413 3862 Curium.
453 3797 601 3884 deinoeps
627 3797 771 3885 ingentes
799 3808 947 3865 secuntur
968 3798 1040 3875 viri,
1069 3796 1130 3864 sis

57 3894 229 3966 Punicum
250 3891 393 3958 Romano
415 3893 636 3978 praevertisset
657 3893 774 3959 bellum
797 3892 962 3977 seniorque
982 3893 1017 3958 in
1033 3893 1098 3961 Itu-

57 3990 140 4061 liam
165 3987 349 4054 traiecisset.
383 3987 496 4053 horum
521 3989 556 4052 in
580 3987 721 4074 quolibet
741 4012 819 4056 ,oum
840 3987 962 4055 indoles
985 3987 1096 4056 eadem
1114 4007 1148 4058 10
