2566 4524
366 246 791 322 amnemamnem]
1027 239 1091 307 257

79 418 151 487 suut,
170 406 304 486 tribuni,
319 404 450 473 consilia
466 408 585 487 vestra,
607 430 672 475 nou
688 409 814 476 hercule
831 408 996 478 dissimilia
1011 429 1050 478 se
1060 407 1095 480 el

77 504 120 588 qui
140 523 251 590 aegro,
278 503 334 587 qui
355 503 457 568 cinari
479 524 514 568 se
535 502 657 569 sortiter
672 526 787 591 passus
806 506 962 593 extempio
979 524 1095 576 conve*

77 597 180 664 lassare
202 597 318 684 poenit,
345 596 408 662 cibi
429 597 530 684 gratia
550 599 723 684 praesentis
747 610 801 665 aut
816 601 953 686 potionis
970 601 1094 690 longin-

77 712 163 776 quum
180 702 214 756 et
230 692 364 757 forsitan
379 690 587 757 insanabilem
603 692 749 758 morbum
767 694 891 760 effic’mt,

128 785 188 851 VI,
230 783 282 864 Si,
305 807 356 850 me
373 786 445 851 diue
462 786 570 864 fidius,
593 786 711 852 adhoc
728 787 846 852 bellum
863 789 941 853 nihil
958 791 1094 876 pertina-
1112 812 1126 862 1

77 889 126 960 ret,
149 878 193 945 nd
215 880 411 965 disciplinam
428 891 519 945 ‘certe
534 880 662 945 militiae
678 881 848 966 plurimum
865 883 1026 964 intererat,
1046 886 1091 950 in*

77 994 211 1040 marcere
233 972 365 1038 militam
384 986 527 1039 nostrum
548 996 612 1040 non
633 974 735 1038 solum
756 986 847 1061 parta
867 977 996 1043 maaria
1022 979 1093 1060 frtri,

77 1071 134 1147 ted,
154 1068 182 1134 ei
199 1069 295 1133 etiam
312 1087 364 1133 res
376 1068 488 1133 lentior
501 1069 556 1147 sit,
574 1069 640 1154 pati
653 1070 792 1133 taedium
804 1080 836 1134 et
849 1073 993 1154 quemvis
1007 1088 1094 1137 serae
1112 1093 1128 1142 a

77 1165 136 1250 spei
156 1163 276 1228 exitum
298 1175 478 1248 exspectare
500 1172 545 1242 et,
573 1163 600 1228 si
622 1182 684 1228 uon
710 1163 751 1228 sit
776 1174 894 1228 aestate
919 1165 1095 1252 perfeetum

77 1258 198 1335 bellum,
225 1257 361 1320 memma
383 1257 517 1342 opperiri
537 1278 597 1321 nec
620 1257 701 1321 sicut
727 1258 862 1322 aestivas
888 1280 964 1323 aves
990 1261 1095 1324 statim

77 1364 218 1416 autumno
241 1363 324 1414 tecta
344 1371 382 1414 aa
404 1371 563 1414 recessum
585 1350 833 1436 circumspicere.
870 1351 1001 1417 obsecro
1026 1368 1129 1432 roas

77 1442 202 1510 venandi
220 1444 359 1508 studium
377 1465 415 1508 ac
431 1443 576 1530 voluptas
589 1444 731 1509 homines
745 1464 802 1530 per
814 1444 903 1509 nives
917 1469 955 1510 ao
967 1448 1095 1531 pruinas

77 1540 241 1604 hmcntes
258 1537 416 1621 silvasque
427 1538 522 1624 rapit:
541 1537 615 1603 belli
632 1539 871 1605 necessitatibus
889 1560 959 1605 eam
976 1541 1097 1627 patiens

79 1634 142 1698 tiam
159 1654 224 1699 non
241 1631 473 1709 adhibebimus,
492 1654 587 1716 quam
600 1634 652 1697 vel
664 1634 753 1698 lusus
765 1654 804 1698 ac
821 1635 966 1721 voluptas
985 1637 1096 1702 elicere

80 1728 165 1792 solet?
188 1728 310 1792 adeam
328 1727 507 1791 effeminata
524 1748 654 1812 corpora
669 1727 804 1792 militum
825 1744 1003 1794 nostrorum
1026 1750 1131 1802 essee

80 1837 230 1906 putamus,
248 1822 331 1885 adeo*
344 1820 454 1885 molles
473 1821 609 1899 animos,
628 1832 663 1885 ut
676 1822 811 1886 hiemem
825 1845 920 1886 unam
934 1825 1047 1888 durare
1061 1825 1097 1888 in

80 1918 192 1994 eastris,
211 1916 326 1981 abesse
343 1915 383 1980 ab
402 1917 495 1980 domo
513 1917 734 2002 nonpossint?
755 1929 791 1981 ut
807 1928 968 2002 tamquam
985 1919 1096 1985 navale

83 2007 184 2076 bellum
198 2010 437 2095 tempestatibus
451 2011 613 2096 captandis
628 2023 659 2076 et
667 2012 864 2078 observando
873 2026 1016 2100 tempore·
1023 2015 1097 2079 anni

80 2121 190 2189 gerant,
214 2125 278 2169 non
296 2118 416 2182 aestus,
440 2126 504 2170 non
521 2106 639 2192 frigora
659 2108 725 2192 pati
745 2110 886 2193 possint?
911 2108 1129 2176 erubescente

81 2200 223 2282 peracto:
247 2200 363 2282 siquis
382 2200 427 2264 eis
445 2200 524 2264 haec
542 2200 670 2278 obiciat,
694 2201 958 2284 contendantque,
982 2212 1014 2266 et
1031 2204 1098 2266 ani-

79 2294 129 2358 mle
146 2308 177 2358 et
195 2293 377 2379 corporibus
396 2294 461 2358 suis
476 2295 595 2358 virilem
608 2295 788 2379 patientiam
801 2296 905 2360 inesse
919 2307 950 2359 et
964 2317 998 2359 se
1011 2296 1098 2360 iuxta

78 2385 170 2452 herne
188 2401 283 2472 atque
301 2401 419 2453 aestate
437 2389 519 2454 bella
536 2410 644 2474 gerere
662 2411 757 2473 posse
770 2411 828 2453 nec
843 2411 876 2453 se
890 2390 1098 2474 patrocinium

77 2483 219 2547 mollitiae·
229 2483 422 2566 inertiaeque
435 2484 602 2547 mandasse
616 2483 748 2548 tribunis
762 2495 793 2547 et
806 2483 996 2559 meminisse,
1016 2483 1097 2547 hanc

78 2573 169 2660 ipsam
187 2589 375 2662 potestatem
392 2600 455 2641 non
472 2578 506 2641 in
524 2577 633 2641 umbra
650 2599 709 2641 nec
723 2577 858 2641 intectis
873 2577 1006 2640 maiores
1021 2593 1095 2641 suos

77 2689 206 2734 creasse.
246 2671 326 2735 haec
347 2671 460 2736 virtute
482 2672 616 2735 militum
638 2686 827 2749 vestrorum,
854 2671 932 2735 haec
955 2671 1132 2740 Romanos

77 2765 195 2829 nemine
213 2779 288 2829 sunt
304 2765 414 2850 digna,
432 2788 496 2829 nou
509 2764 606 2830 Veios
624 2776 746 2830 tantum
764 2788 822 2830 nec
839 2765 899 2830 hoc
918 2765 1035 2830 bellum
1052 2767 1099 2828 in-

77 2859 162 2936 tueri,
185 2860 272 2942 quod
289 2859 397 2936 instat,
422 2861 479 2923 sed
496 2860 614 2923 famam
631 2862 671 2924 ad
689 2860 751 2924 alia
768 2860 851 2924 bella
868 2871 898 2924 et
916 2861 956 2924 ad
979 2875 1098 2925 ceteros

77 2954 204 3038 populos
230 2954 263 3017 in
289 2969 449 3038 posterum
475 2974 632 3036 quaerere.
677 2978 718 3018 an
748 2955 904 3018 mediocre
931 2954 1099 3018 discrimen
1118 2975 1132 3020 7

77 3049 225 3132 opinionis
244 3063 424 3112 secuturum
442 3069 482 3110 ex
500 3047 559 3112 hac
576 3049 754 3132 reputatis,
773 3064 877 3112 utrum
890 3049 1017 3111 tandem
1031 3049 1100 3111 fini-

77 3142 154 3204 tumi
172 3142 322 3227 populum
340 3142 517 3205 Romanmn
540 3165 613 3206 eum
635 3163 704 3206 esse
728 3154 851 3226 putent,
874 3142 963 3204 cuius
987 3142 1099 3222 siqua

77 3235 149 3300 urbs
168 3239 304 3322 primum
326 3237 414 3300 illum
437 3235 612 3301 brevissimi
635 3237 782 3321 temporis
803 3234 983 3300 sustinuerit
1001 3235 1099 3318 impe-

77 3339 155 3407 tum,
206 3331 284 3394 nihil
297 3331 409 3394 deinde
424 3332 545 3394 timeat:
564 3355 603 3395 an
617 3331 667 3394 hic
682 3332 720 3395 sit
734 3345 832 3394 terror
845 3330 979 3393 nominis
989 3329 1096 3407 nostri,
1115 3346 1131 3395 8

77 3442 104 3490 ut
117 3426 291 3489 exercitum
305 3425 483 3488 Romanum
498 3448 560 3490 non
574 3426 711 3489 taedium
729 3425 918 3510 longinquae
936 3447 1100 3510 oppugua-

77 3521 178 3597 ionis,
197 3541 262 3582 non
280 3519 328 3582 vis
346 3518 457 3582 hiem-is
475 3518 516 3583 ab
535 3519 611 3584 urba
625 3520 831 3583 circumsessa
845 3518 942 3582 semel
955 3540 1100 3582 amovere

77 3617 171 3702 possit
190 3636 248 3678 nec
266 3613 359 3678 finem
378 3614 475 3678 ullum
494 3614 590 3678 alium
609 3613 682 3679 belli
696 3637 789 3697 quam
804 3615 965 3678 victoriam
979 3613 1101 3677 noverit

77 3732 129 3775 nec
146 3711 270 3794 impetu·
285 3709 390 3793 potius
409 3706 490 3772 bella
508 3730 602 3791 quam
625 3710 856 3792 perseverantia
878 3709 985 3794 gerat?
1020 3725 1133 3791 quaet

77 3804 209 3869 inomni
227 3804 355 3886 quidem
372 3825 486 3888 genere
509 3803 651 3879 militiae,
678 3804 814 3868 maxime
836 3804 994 3868 tamenin
1017 3801 1101 3865 obsi-

77 3898 183 3962 dendis
203 3895 335 3962 urbibus
353 3898 530 3962 necessaria
547 3910 608 3975 est,
627 3919 760 3980 quarum
773 3899 937 3984 plerasque
955 3895 1101 3958 munitio·

77 3991 165 4058 nibus
184 4015 222 4058 ac
240 3993 374 4058 naturali
391 3993 453 4057 situ
470 3992 730 4079 inexpugnabiles
748 3994 831 4059 fame
850 3995 963 4075 sitique
976 4004 1100 4072 tempus

125 4111 177 4154 lavi
190 4112 232 4155 nal.
242 4109 260 4154 Ι.
895 4092 926 4143 17
