2566 4524
362 264 480 320 umus
493 265 536 336 11,
555 266 614 320 ua
635 268 672 334 [a.
684 263 713 319 o.
723 263 785 334 509]
1047 256 1086 319 71

77 449 151 494 osse
175 449 195 490 a
217 423 339 489 civibus
362 422 460 487 meis?
485 431 549 487 tam
572 422 635 486 levi
655 431 814 487 momento
836 445 907 488 mea
929 424 1013 511 apud
1030 447 1088 491 vos

77 544 141 586 rma
158 517 296 604 pendet?
313 516 432 580 adeone
451 525 499 580 est
511 515 643 579 fundata
655 514 765 580 leviter
777 515 865 593 fides,
884 525 929 594 ut,
947 516 1003 582 ubi
1017 518 1086 596 sim,

77 638 152 679 uam
170 612 226 695 qui
245 611 313 686 sim,
333 609 435 696 magis
454 608 586 673 referat?
607 630 671 673 non
689 608 858 674 obstabunt
871 608 967 675 Publi
980 610 1088 678 Valeri
1107 634 1138 682 11

77 709 150 772 edes
168 703 306 769 libertati
323 712 455 780 vestrae,
476 700 626 784 Quirites,
645 711 713 767 tuta
730 703 788 767 erit
805 702 895 768 vobis
909 702 1016 771 Velia:
1035 706 1089 772 do-

77 824 157 866 eram
179 821 246 863 non
266 799 299 861 in
319 797 448 883 planum
470 796 565 861 modo
587 796 695 873 aedes,
724 797 781 862 sed
803 797 875 862 colli
897 798 991 862 etiam
1014 799 1090 865 sub-

77 897 163 971 dam,
192 902 228 956 ut
252 913 310 956 vos
338 913 433 975 supra
455 900 637 975 suspectum
659 912 710 954 me
733 891 833 954 civem
859 890 1016 957 habitetis.
1056 893 1090 958 in

77 990 151 1054 felia
168 986 346 1064 aedificent,
375 983 489 1069 quibus
507 984 619 1050 melius
638 1006 733 1068 qnam
750 984 789 1050 P.
807 984 936 1051 Valerio
954 988 1089 1054 creditur

77 1081 207 1150 bertas?
249 1080 353 1145 delata
379 1079 546 1144 confestim
571 1079 701 1143 materia
727 1080 829 1144 omnis
855 1080 938 1145 infra
963 1080 1089 1147 Veliam
1109 1102 1139 1149 12

77 1189 95 1256 t,
114 1176 174 1241 ubi
190 1197 275 1239 nunc
291 1172 391 1239 Vicae
403 1172 503 1238 Potae
522 1182 579 1251 est,
598 1173 711 1237 domus
728 1174 762 1238 in
779 1173 887 1239 infimo
905 1175 986 1241 clivo
1004 1177 1089 1241 aedi-

77 1282 163 1337 cata.

125 1363 218 1429 VIII.
248 1365 352 1428 Latae
361 1362 579 1448 deindeleges,
597 1385 661 1427 non
671 1362 774 1427 solum
787 1385 868 1446 quae
881 1365 972 1451 regni
986 1366 1089 1452 auspi·
1108 1388 1120 1433 1

78 1461 150 1524 ione
168 1457 327 1523 consulem
345 1456 556 1534 absolverent,
581 1457 637 1520 sed
654 1478 735 1540 quae
753 1458 832 1523 adeo
849 1458 882 1522 in
900 1460 1089 1526 contrarium

77 1562 229 1629 erterent,
255 1562 291 1616 ut
311 1551 495 1636 popularem
515 1551 609 1615 etiam
631 1551 778 1616 facerent.
814 1553 887 1617 inde
914 1575 1090 1641 cognomen
1108 1575 1123 1621 a

77 1657 178 1712 sctum
200 1645 384 1710 Publicolae
407 1654 463 1709 est.
500 1654 572 1709 ante
595 1667 703 1710 omnes
726 1645 765 1710 de
791 1648 1012 1731 provocatione
1034 1649 1090 1714 ad-

77 1756 168 1805 orsus
191 1740 393 1826 magistratus
417 1740 457 1803 ad
478 1739 631 1824 populum
657 1740 871 1823 sacrandoque
898 1763 971 1804 cum
997 1741 1088 1808 bonis

77 1835 159 1920 apite
179 1834 257 1910 eius,
277 1834 331 1917 qui
348 1833 438 1918 regni
455 1833 630 1919 occupandi
648 1833 778 1898 consilia
795 1834 915 1912 inisset,
934 1845 1041 1920 gratae
1055 1835 1089 1900 in

77 1929 174 2015 ulgus
196 1927 284 2012 leges
308 1927 404 1991 fuere.
441 1949 520 2010 quas
543 1949 614 1990 cum
638 1927 724 1992 solus
746 1926 939 2012 pertulisset,
966 1938 1003 1992 ut
1029 1950 1122 1997 suas

77 2023 152 2085 mins
169 2021 203 2085 in
221 2021 271 2084 his
290 2021 390 2107 gratia
402 2029 496 2097 esset,
515 2029 582 2084 tum
595 2021 708 2084 deinde
722 2022 847 2086 comitia
861 2021 1000 2108 collegae
1014 2021 1089 2087 sub-

78 2115 199 2201 ognndo
216 2114 337 2179 habuit.
367 2122 488 2178 creatus
509 2111 564 2198 Sp.
578 2114 748 2178 Lucretius
766 2116 885 2192 consul,
904 2116 957 2198 qui
972 2137 1087 2202 magno
1106 2138 1123 2183 4
1239 2102 1247 2121 i

77 2220 144 2288 atu,
162 2233 228 2274 non
248 2207 475 2273 sufficientibus
493 2207 556 2272 iam
574 2206 692 2272 viribus
711 2208 752 2271 ad
770 2209 945 2273 consularia
958 2232 1088 2274 munera

77 2304 214 2381 beunda,
234 2304 315 2367 intra
332 2323 450 2388 paucos
469 2302 536 2366 dies
558 2301 698 2365 moritur.

124 2396 287 2464 Suffectus
300 2397 333 2460 in
342 2396 473 2461 Lucreti
485 2396 590 2461 locum
598 2394 645 2458 M.
655 2395 808 2460 Horatius
818 2394 984 2462 Pulvillus.
1003 2399 1088 2482 apud
1106 2418 1122 2466 5

77 2493 216 2576 tuendam
234 2499 355 2554 veteres
379 2500 521 2554 auctores
544 2511 608 2554 non
624 2488 750 2553 invenio
767 2489 954 2554 Lucretium
976 2513 1089 2555 consu-

77 2604 130 2664 cm,
149 2585 252 2650 Bruto
271 2585 376 2649 statim
393 2582 562 2648 Horatium
580 2593 768 2670 suggerunt3
787 2584 894 2660 credo,
913 2584 987 2667 quia
1003 2584 1089 2649 nulla

77 2690 148 2763 gata
156 2702 208 2745 res
218 2680 375 2765 insignem
384 2678 494 2743 fecerit
502 2677 708 2755 consulatum,
723 2678 874 2742 memoria
882 2678 1087 2743 intercidisse.

125 2769 272 2839 Nondum
296 2772 439 2837 dedicata
460 2781 526 2836 erat
547 2772 579 2835 in
603 2770 760 2856 Capitolio
777 2771 864 2836 lovis
887 2773 995 2849 aedes,
1023 2771 1090 2836 Va·
1108 2794 1122 2841 6

80 2861 153 2934 ltrius
171 2868 389 2951 Horatiusque
407 2866 552 2932 consules
571 2866 684 2942 sortiti,
703 2876 773 2930 uter
790 2866 962 2944 dedicaret3
985 2866 1090 2931 Hora-

82 2957 114 3023 tio
132 2974 209 3028 sorte
232 2962 350 3040 evenit,
376 2960 542 3026 Publicola
564 2961 604 3024 ad
626 2959 805 3024 Veientium
828 2959 945 3024 bellum
967 2960 1090 3044 profec-

86 3057 132 3116 tus.
163 3057 302 3144 aegrius,
329 3078 425 3138 quam
453 3055 585 3141 dignum
607 3065 686 3130 erat,
715 3053 813 3116 tulere
835 3052 955 3117 Valerii
981 3075 1123 3120 neces-7

88 3145 154 3225 rarii,
177 3150 403 3215 dedicationem
431 3159 495 3213 tam
520 3148 618 3212 incliti
644 3146 752 3232 templi
778 3146 913 3210 Horatio
939 3147 1015 3210 dari.
1055 3147 1090 3210 id

89 3242 206 3308 turibus
232 3245 336 3308 modis
367 3243 507 3329 inpedire
534 3243 650 3319 conati,
681 3252 850 3327 postquam
880 3241 942 3305 alia
972 3242 1089 3307 frustra

89 3335 210 3418 temptata
228 3347 330 3415 erant,
357 3337 561 3423 postomium
579 3337 697 3401 tenenti
714 3335 837 3400 consuli
859 3335 986 3400 foedum
1008 3335 1089 3400 inter

91 3431 270 3501 necationem
289 3433 383 3495 deum
400 3431 544 3496 nuntium
556 3431 719 3508 incutiunt,
738 3440 895 3496 mortuum
909 3430 976 3495 eius
989 3429 1089 3493 filium

92 3530 141 3584 ttsc
153 3524 337 3609 funestaque
354 3525 473 3591 familia
490 3525 634 3589 dedicare
652 3547 725 3588 eum
742 3524 894 3608 templum
907 3546 971 3589 non
982 3541 1086 3609 posset

91 3625 135 3676 1¹⁰ss
147 3620 307 3684 crediderit
324 3619 443 3684 factum
460 3643 501 3684 an
519 3628 640 3683 tantum
657 3619 761 3683 animo
774 3615 894 3682 roboris
908 3619 1011 3696 fuerit,
1029 3639 1088 3682 nec
1105 3636 1123 3684 8

90 3707 190 3777 tadtur
207 3723 328 3778 certum
345 3735 404 3778 nec
420 3713 632 3799 interpretatio
651 3722 699 3777 est
716 3711 827 3776 facilis.
855 3712 932 3775 nihil
949 3712 1035 3776 aliud
1047 3712 1088 3775 ad

89 3813 139 3865 tum
153 3807 294 3871 nuntium
312 3830 332 3871 a
343 3808 503 3893 proposito
516 3829 656 3884 aversus,
676 3828 772 3889 quam
785 3815 821 3870 ut
838 3807 971 3870 cadaver
983 3804 1087 3868 efferri

87 3881 193 4056 iiiiii,
225 3910 335 3966 tenens
361 3911 485 3986 postem
514 3901 726 3987 precationem
751 3900 873 3986 peragit
903 3909 934 3964 et
965 3897 1088 3961 dedicat

129 4012 220 4072 pum.
