2566 4524
36 4142 101 4258 ’ἱ

163 258 204 322 18
423 269 586 340 LIBERI,
607 270 648 323 14.
658 270 699 324 15.
720 275 758 340 [a.
767 287 795 324 u.
805 287 829 325 a.
838 271 937 341 1-3r]

160 428 237 495 locis
260 429 344 493 circa
365 429 471 493 densis
494 425 604 492 obsitis
627 428 788 515 virgultis,
811 427 952 494 obscuris
976 428 1140 496 subsidere
1156 431 1188 495 in

160 524 284 589 insidiis
297 525 403 601 iussit,
423 546 495 588 cum
508 533 596 608 parte
614 525 732 588 maiore
749 534 843 608 atque
861 525 947 588 omni
963 524 1107 608 equitatu
1122 546 1188 611 pro

162 617 279 696 fectus,
306 618 341 681 id
363 619 447 701 quod
471 616 654 701 quaerebat,
682 617 875 683 tumultuoso
898 627 930 683 et
945 618 1061 683 minaci
1078 640 1188 705 genere

162 736 289 799 pugnae
307 713 529 796 ¹adequitando
559 713 638 798 ipsis
668 736 767 799 prope
792 713 891 799 portis
917 712 1042 778 hostem
1068 713 1189 779 excivit.

162 808 259 895 fugae
290 829 430 892 quoque,
468 830 548 892 quae
581 808 757 874 simulanda
787 817 868 886 crat,
904 808 1015 872 eadem
1041 808 1189 891 equestris

129 928 144 975 s
161 925 270 989 pugna
288 924 417 968 causam
434 903 538 967 minus
556 902 730 967 mirabilem
748 902 842 967 dedit.
874 912 906 967 et
923 924 994 966 cum
1011 902 1100 967 velut
1116 903 1191 967 inter

160 1016 287 1083 pugnae
305 998 464 1085 fugaeque
482 998 647 1063 consilium
665 998 839 1083 trepidante
853 997 993 1080 equitatu
1004 996 1104 1082 pedes
1118 1012 1190 1081 quo-

161 1111 223 1174 que
245 1092 376 1157 referret
397 1093 545 1178 gradum,
572 1092 673 1178 plenis
690 1102 824 1177 repente
845 1092 944 1176 portis
967 1090 1061 1155 effusi
1086 1090 1189 1156 hostes

163 1186 288 1271 inpulsa
309 1186 454 1254 Romana
471 1190 538 1254 acie
557 1190 661 1254 studio
678 1189 817 1252 instandi
835 1187 1048 1272 sequendique
1065 1185 1189 1252 trabum·

130 1289 144 1336 9
163 1291 214 1346 tur
231 1283 272 1346 ad
289 1283 395 1348 locum
411 1284 606 1348 insidiarum.
633 1285 706 1347 inde
721 1283 824 1348 subito
838 1282 938 1347 exorti
945 1281 1083 1346 Romani
1095 1291 1191 1346 trans-

162 1398 288 1441 versam
309 1377 463 1442 invadunt
485 1379 624 1443 hostium
646 1378 755 1441 aciem.
792 1377 912 1440 addunt
937 1392 1086 1460 pavorem
1112 1384 1190 1441 motu

163 1472 274 1535 castris
294 1471 386 1557 signa
405 1494 527 1550 eorum,
554 1472 664 1556 quiin
685 1471 841 1556 praesidio
863 1469 962 1535 relicti
984 1469 1119 1535 fuerant.
1152 1470 1190 1534 ita
1226 1514 1229 1521 -

163 1563 329 1648 multiplici
360 1575 476 1631 terrore
501 1565 639 1651 perculsi
664 1565 833 1630 Fidenates
860 1565 946 1650 prius
973 1586 1074 1650 paene
1100 1576 1189 1649 quam

163 1656 319 1724 Romulus
337 1660 453 1743 quique
472 1682 544 1724 cum
562 1683 599 1724 eo
618 1660 708 1744 equis
725 1659 826 1724 ierant
839 1660 1086 1745 circumagerent
1098 1658 1189 1724 frenis
1221 1678 1224 1685 ·

113 1767 145 1815 10
164 1772 276 1835 equos,
296 1763 384 1841 terga
397 1765 522 1819 vertunt
539 1755 700 1838 multoque
718 1753 864 1831 effusius,
883 1753 998 1838 quippe
1015 1775 1092 1817 vera
1109 1753 1189 1839 suga,

164 1847 219 1930 qui
237 1848 419 1914 simulantes
441 1850 536 1934 paulo
558 1859 630 1914 ante
653 1850 753 1914 secuti
775 1858 876 1926 erant,
904 1847 1056 1933 oppidum
1076 1856 1190 1934 repete·

114 1958 143 2003 11
164 1939 250 2005 bant.
295 1965 358 2006 non
389 1953 494 2007 tamen
524 1945 665 2029 eripuere
697 1965 730 2007 se
756 1943 854 2008 hosti:
889 1943 1022 2006 haerens
1047 1942 1083 2005 in
1101 1950 1190 2026 tergo

163 2033 343 2114 Romanus,
371 2038 556 2122 priusquam
577 2039 661 2103 fores
688 2048 848 2123 portarum
874 2037 1085 2116 obicerentur,
1112 2036 1189 2101 velut

164 2129 289 2214 agmine
307 2152 371 2195 uno
390 2131 549 2219 inrumpit.

134 2248 146 2293 1
230 2222 309 2287 XV.
328 2224 410 2290 Belli
418 2226 580 2292 Fidenatis
590 2226 776 2313 contagione
785 2226 902 2290 inritati
910 2222 1189 2291 Veientiumanimi

163 2326 195 2380 et
216 2320 487 2406 consanguinitate
505 2361 547 2369 —
564 2346 638 2386 nam
651 2322 821 2386 Fidenates
840 2341 965 2404 quoquc
982 2318 1113 2385 Etrusci
1128 2319 1196 2385 fue·-

162 2422 236 2476 runt
253 2452 295 2462 -
314 2427 345 2479 et
363 2418 448 2500 quod
464 2418 535 2503 ipsa
558 2417 774 2504 propinquitas
797 2416 872 2493 loci,
901 2417 927 2480 si
939 2415 1091 2481 *Romana
1103 2436 1190 2480 arma

163 2507 310 2574 omnibus
327 2510 444 2576 infesta
460 2512 599 2577 finitimis
619 2521 738 2588 essent,
758 2510 948 2575 stimulabat.
982 2509 1018 2574 in
1034 2509 1116 2575 fines
1132 2508 1190 2575 Ro·

164 2625 275 2669 manos
295 2617 538 2671 excucurrerunt
554 2604 771 2693 populabundi
788 2605 890 2692 magis
909 2626 1004 2689 quam
1021 2605 1100 2670 iusti
1112 2623 1190 2669 more

129 2713 144 2759 2
163 2695 247 2761 belli.
283 2699 389 2783 itaque
407 2722 471 2764 non
490 2702 600 2766 castris
617 2701 742 2788 positis,
769 2722 833 2765 non
857 2708 1036 2785 exspectato
1058 2699 1189 2766 hostium

163 2793 317 2869 exercitu,
335 2803 458 2879 raptam
472 2817 512 2859 ex
526 2797 609 2882 agris
623 2797 773 2882 praedam
786 2804 945 2880 portantes
954 2792 1053 2859 Veios
1066 2795 1189 2861 rediere

165 2884 329 2951 Romanus
353 2899 473 2966 contra,
499 2900 668 2975 postquam
690 2891 814 2954 hostem
831 2890 865 2952 in
883 2889 968 2975 agris
986 2910 1051 2953 non
1067 2884 1190 2963 invenit,
1227 2904 1229 2957 f

165 2978 356 3046 dimicationi
373 2983 501 3049 ultimae
510 2985 688 3050 instructus
706 2985 905 3067 intentusque
920 2981 1063 3047 Tiberim
1075 2983 1189 3050 transit

130 3088 145 3133 3
164 3096 258 3158 quem
279 3087 447 3162 postquam
470 3090 571 3145 castra
592 3102 708 3166 ponere
735 3088 766 3143 et
792 3080 833 3142 ad
849 3077 969 3142 ‘urbem
992 3090 1192 3144 'accessurmn

161 3168 311 3237 Veientes
330 3173 491 3251 audivere,
518 3174 643 3239 obviam
662 3173 795 3259 egressi,
818 3182 853 3236 ut
874 3171 978 3257 potius
1001 3171 1069 3236 acie
1092 3173 1194 3238 decer·

163 3275 286 3343 nerent,
314 3287 408 3350 quam
430 3267 544 3332 inclusi
567 3269 605 3330 de
632 3269 722 3332 tectis
748 3264 976 3349 moenibusque
1003 3265 1193 3332 dimicarent

129 3379 146 3425 4
163 3356 209 3422 ibi
225 3360 344 3425 viribus
364 3360 449 3425 nulla
467 3372 531 3426 arte
551 3363 664 3426 adiutis
684 3372 805 3426 tantum
823 3360 1092 3425 veterauirobore
1110 3376 1194 3426 exer·

160 3450 244 3516 uitus
267 3474 323 3516 rex
345 3454 510 3519 Romanus
532 3456 607 3519 vicit
620 3466 875 3540 'persecutusque
898 3454 987 3519 fusos
1010 3454 1051 3518 a'd
1073 3452 1195 3520 moenia

163 3541 272 3631 hostes
297 3545 375 3610 urb'e
394 3547 506 3613 valida
531 3550 629 3613 muris
652 3572 689 3614 ac
712 3551 774 3615 situ
796 3550 865 3635 ipso
887 3548 1008 3612 munita
1030 3547 1193 3622 abstinuit3

162 3660 258 3729 agros
280 3639 404 3705 rediens
428 3652 532 3707 vastat
553 3644 725 3708 ulciscendi
742 3645 844 3730 magis
863 3658 957 3727 quam
975 3640 1112 3727 praedae
1134 3651 1195 3706 stu·

130 3756 146 3802 5
164 3732 226 3797 dic.
262 3754 361 3817 eaque
384 3735 472 3801 clade
486 3737 571 3802 baut
600 3739 704 3802 minus
727 3756 823 3822 quam
837 3737 980 3802 adversa
996 3759 1105 3824 pugna
1120 3734 1195 3802 sub-

164 3827 226 3892 acti
249 3826 401 3894 'Veientes
432 3853 543 3916 pacem
572 3834 706 3919 petitum
732 3844 870 3899 oratores
897 3833 1034 3898 Romam
1050 3832 1195 3897 ¹mittunt.

164 3921 233 4009 agri
248 3933 338 4009 parte
355 3925 494 3992 multatis
512 3928 546 3991 in
564 3939 690 3993 centum
708 3952 807 3994 annos
825 3920 1084 3993 indutiaeda-tae.

130 4035 146 4085 6
228 4016 321 4085 Haec
335 4020 441 4086 ¹ferme
458 4022 595 4088 Romulo
612 4032 765 4110 regnante
782 4024 868 4088 domi
886 4023 1078 4106 militiaeque
1095 4030 1195 4108 gestu,
