2566 4524
349 227 468 283 amna
480 227 508 297 1,
525 225 568 280 ro.
581 225 623 281 a.
643 225 884 321 [sosas-534]
1088 214 1131 279 49

96 387 196 476 genia
216 384 414 451 matrimonio
436 384 651 470 iungerentur,
679 382 804 448 fortuna
826 384 919 449 credo
940 384 1049 470 populi
1066 385 1132 450 Ro-

98 482 200 558 mani,
223 501 287 563 quc
305 477 481 543 diuturnius
501 474 594 543 Servi
609 498 742 563 regnum
761 488 846 542 esset
862 478 1070 562 constituique
1088 479 1133 543 ci·

99 574 205 640 vitatis
215 593 318 637 moras
328 579 466 655 possent.
486 568 660 656 angebatur
668 569 759 635 ferox
768 570 975 649 Tullia,·nihil
982 572 1130 636 materiae
1149 593 1165 642 o

97 671 134 735 in
150 669 218 730 viro
235 685 338 747 neque
351 664 393 728 ad
406 664 608 749 cupiditatem
621 686 723 747 neque
736 664 777 729 ad
791 665 955 730 audaciam
968 687 1048 743 esse,
1066 675 1133 730 tota

96 764 132 826 in
149 759 285 824 alterum
302 780 413 823 aversa
426 757 633 841 Tarquinium
651 781 723 822 eum
742 759 856 836 mirari,
875 781 948 824 eum
965 760 1067 824 virum
1085 759 1133 824 di-

94 876 169 920 cere
193 874 233 917 ac
254 852 341 938 regio
364 851 518 938 sanguine
541 860 657 929 ortum,
685 874 832 937 spernere
854 875 1007 930 sororem,
1035 851 1131 936 quod,

96 949 204 1013 virum
225 955 330 1023 nacta,
357 945 503 1011 muliebri
529 955 666 1009 cessaret
692 946 832 1010 audacia
870 945 1024 1011 contrahit
1050 947 1166 1015 cele-⁷

95 1042 173 1109 riter
197 1039 368 1105 similitudo
392 1061 460 1116 eos,
488 1048 523 1103 ut
545 1036 611 1103 fere
629 1038 665 1102 fit
681 1040 799 1104 malum
816 1040 900 1106 malo
918 1041 1116 1126 aptissimum
1122 1067 1131 1120 ;

96 1136 155 1201 sed
177 1134 304 1199 initium
324 1126 471 1197 turbandi
494 1133 599 1198 omnia
621 1156 640 1198 a
661 1133 779 1197 femina
801 1144 903 1198 ortum
926 1145 984 1200 est.
1021 1157 1059 1200 ea
1081 1157 1132 1200 se-

96 1230 194 1295 cretis
214 1227 274 1291 viri
290 1226 383 1290 alieni
405 1226 588 1290 adsuefacta
609 1226 820 1305 sermonibus,
848 1226 942 1292 nullis
964 1228 1133 1293 verborum

97 1320 301 1388 contumeliis
317 1341 459 1404 parcere,
483 1320 524 1384 de
540 1319 607 1385 viro
625 1321 666 1384 ad
683 1321 826 1398 fratrem,
846 1321 885 1385 de
904 1344 1009 1386 sorore
1026 1323 1068 1385 ad
1086 1316 1133 1386 vi-

96 1441 185 1490 rum,
201 1426 232 1477 et
249 1435 284 1477 se
296 1414 411 1478 rectius
426 1413 553 1478 viduam
568 1423 599 1478 et
611 1414 700 1478 illum
713 1415 864 1479 caelibem
878 1415 1019 1478 futurum
1033 1415 1132 1481 fuisse

94 1508 289 1574 contendere
316 1529 410 1591 quam
432 1529 505 1572 cum
538 1509 638 1593 inpari
659 1508 761 1595 iungi,
788 1519 823 1573 ut
846 1509 1132 1596 elanguescendum

92 1602 201 1668 aliena
220 1602 347 1688 ignavia
365 1611 457 1666 esset.
494 1601 522 1665 si
540 1601 600 1666 sibi
618 1624 699 1679 eum,
718 1624 781 1686 quo
796 1604 892 1689 digna
910 1613 1002 1680 esset,
1022 1603 1066 1667 dii
1078 1604 1133 1669 de-
1150 1622 1166 1671 8

97 1697 223 1762 &ssent
239 1695 350 1773 virum,
370 1695 455 1760 domi
468 1717 503 1760 se
515 1717 614 1781 prope
627 1697 710 1760 diem
723 1697 862 1762 visuram
874 1721 1008 1784 regnum
1022 1698 1131 1775 fuisse,

93 1791 186 1875 ¹quod
214 1790 299 1875 apud
323 1800 445 1874 patrem
470 1789 584 1854 videat.
630 1791 769 1855 celeriter
795 1791 1028 1855 adulescentem
1055 1814 1131 1855 suae

95 1884 285 1949 temeritatis
310 1884 428 1968 implet
472 1883 596 1948 Arruns
619 1884 809 1968 Tarquinius
836 1895 867 1949 et
890 1885 995 1949 Tullia
1018 1883 1164 1971 [maiore

95 1979 187 2042 haud
203 1978 303 2042 multo
321 1987 393 2062 post
405 1977 515 2044 morbo
529 1979 640 2042 eodem
653 1978 785 2057 obeunt3
803 1980 926 2044 Lucius
940 1979 1133 2063 Tarquinius

98 2081 136 2136 et
153 2069 272 2157 Tullia]
296 2072 397 2137 minor
417 2094 515 2158 prope
538 2073 724 2138 continuatis
743 2073 905 2138 funeribus
929 2097 1001 2138 eum
1019 2074 1130 2139 domos

63 2168 67 2219 ἱ
100 2187 220 2230 vacuas
236 2189 319 2229 novo
337 2167 533 2230 matrimonio
550 2166 711 2242 fecissent,
729 2167 902 2253 iunguntur
918 2167 1046 2253 nuptiis,
1065 2191 1133 2232 ma-

98 2261 149 2348 gis
167 2283 233 2324 non
249 2259 434 2344 prohibente
455 2257 565 2324 Servio
584 2282 679 2343 quam
697 2261 898 2344 adprobante.

166 2352 397 2419 XXXXVH.
436 2352 520 2418 Tum
538 2354 663 2418 veroin
685 2354 752 2417 dies
775 2354 918 2418 infestior
935 2351 1021 2418 Tulli
1044 2377 1166 2423 sene-1

63 2448 75 2549 ξ
101 2459 178 2526 ctus,
198 2447 346 2511 infestius
360 2448 462 2533 coepit
474 2470 697 2535 regnumesse.
725 2447 787 2512 iam
803 2448 886 2512 enim
899 2448 939 2513 ab
958 2448 1074 2512 scelere
1092 2449 1133 2512 ad

63 2550 68 2559 '
100 2544 184 2608 aliud
204 2553 347 2627 spectare
365 2543 478 2607 mulier
495 2543 611 2620 scelus,
627 2565 685 2608 nec
702 2554 794 2607 nocte
810 2565 869 2607 nec
881 2542 1017 2607 interdiu
1030 2543 1133 2606 virum

102 2637 323 2722 conquiescere
340 2637 418 2722 pati,
436 2659 477 2701 ne
494 2638 631 2724 gratuita
645 2637 812 2723 praeterita
829 2637 994 2723 parricidia
1011 2646 1131 2702 essent:

63 2794 74 2853 ι
102 2754 163 2796 non
180 2731 243 2796 sibi
261 2731 417 2809 defuisse,
435 2731 487 2796 cui
504 2741 603 2816 nupta
620 2732 774 2796 diceretur
791 2754 849 2796 nec
867 2754 939 2797 cum
956 2754 1019 2815 quo
1038 2730 1133 2795 tacita
1150 2750 1165 2797 2

63 2856 72 2873 ··
104 2826 246 2902 serviret,
268 2825 422 2903 defuisse,
446 2825 502 2909 qui
519 2847 554 2890 se
571 2848 669 2912 regno
687 2826 818 2911 dignum
835 2836 973 2910 putaret,
995 2824 1050 2909 qui
1066 2846 1133 2888 me-

63 2868 71 2973 l
103 2916 255 2996 minisset,
275 2941 310 2983 sc
328 2941 399 2984 esse
416 2918 520 2984 Prisci
533 2918 685 3002 Tarquini
702 2920 812 2996 filium,
830 2921 884 3004 qui
902 2919 1017 2984 habere
1036 2940 1131 3001 quam

64 3062 67 3067 -
102 3035 227 3098 sperare
245 3035 379 3099 regnum
397 3013 513 3077 mallet„
550 3013 593 3078 ‘si
610 3014 689 3077 tuis
708 3036 757 3090 es,
776 3014 826 3078 cui
843 3024 975 3097 nuptam
992 3034 1063 3076 esse
1081 3033 1131 3074 me
1150 3032 1165 3077 3

100 3105 250 3184 arbitror,
275 3117 309 3170 et
324 3105 426 3170 virum
444 3116 477 3170 et
493 3129 601 3193 regem
620 3107 757 3192 appello,
785 3106 834 3170 sin
851 3108 969 3182 minus,
993 3099 1030 3168 eo
1049 3125 1132 3166 nunc

100 3203 193 3288 peius
213 3213 335 3267 mutata
355 3223 406 3265 rea
430 3210 492 3279 est,
518 3203 603 3285 quod
621 3203 690 3266 istic
709 3224 781 3265 oum
798 3201 925 3286 ignavia
947 3209 995 3263 est
1018 3197 1130 3262 scelus

101 3298 178 3380 quin
195 3294 388 3382 accingeris?
412 3319 476 3360 non
495 3295 551 3360 tibi
569 3296 608 3361 ab
628 3295 780 3360 Corintho
801 3317 859 3358 nec
882 3294 922 3358 ab
941 3286 1130 3375 Tarquiniis,
1150 3312 1167 3356 4

101 3400 137 3454 ut
152 3391 234 3476 patri
252 3401 316 3469 tuo,
334 3392 500 3478 peregrina
517 3413 614 3477 regna
631 3391 733 3455 moliri
750 3413 879 3454 necesse
898 3399 959 3466 est,
979 3389 1011 3452 di
1029 3399 1059 3452 tc
1077 3410 1132 3473 pe-

102 3495 189 3549 nates
207 3485 363 3571 patu'ique
381 3495 413 3548 et
428 3484 525 3571 patris
544 3486 649 3570 imago
668 3496 699 3548 et
716 3485 828 3549 domus
846 3484 934 3570 regia
948 3483 1024 3547 etin
1038 3483 1131 3547 domo

101 3578 208 3664 regale
225 3579 340 3643 solium
358 3588 389 3642 et
401 3601 517 3644 nomen
530 3578 735 3661 Tarquinium
750 3588 834 3642 creat
847 3587 1000 3660 vocatque
1014 3598 1130 3661 regem.

99 3683 156 3738 aaa
172 3673 200 3738 si
217 3673 259 3738 ad
275 3672 356 3737 haec
371 3695 484 3758 parum
501 3682 549 3737 est
567 3673 672 3749 animi,
691 3672 767 3755 quid
780 3673 939 3736 frustraris
954 3669 1131 3735 civitatem?
1149 3690 1163 3735 5

97 3768 179 3851 quid
199 3777 232 3832 te
252 3777 288 3831 ut
308 3767 432 3854 regium
453 3768 600 3831 iuvenem
622 3767 761 3852 conspici
784 3767 880 3831 sinis?
910 3767 1032 3830 facesse
1059 3764 1132 3826 hinc

99 3861 292 3946 Tarquinios
319 3871 373 3927 aut
396 3860 597 3939 Corinthum,
625 3860 790 3925 devolvere
816 3873 898 3925 retro
925 3861 966 3924 ad
993 3858 1129 3941 stirpem,

97 3955 208 4021 fratris
226 3955 358 4021 similior
374 3977 470 4040 quam
486 3955 602 4042 patris?
628 3955 677 4019 his
697 3955 828 4038 aliisque
840 3952 1030 4038 increpando
1043 3950 1131 4013 iuve-
1149 3967 1164 4013 e

155 4071 208 4116 tivi
220 4072 289 4117 sold.
943 4052 961 4104 4
