2566 4524
313 252 433 311 urana
450 252 522 324 1111,
540 252 583 308 te.
603 253 844 326 [acum-421]
1030 246 1095 311 233

77 414 145 500 turpi
162 413 242 500 fuga
259 411 434 478 funduntur
450 410 535 476 haud
553 434 669 499 magno
687 413 824 478 consulis
839 414 960 479 decore.
988 417 1093 499 itaque

78 509 239 595 triumphus
254 516 398 594 negatus,
417 517 555 572 ceterum
573 505 613 572 ob
630 504 875 592 Sempronianae
893 508 991 574 cladis
1008 509 1094 575 leva-

81 615 130 668 tam
144 603 352 690 ignominiam
369 614 404 666 ut
422 623 519 666 ovans
537 600 648 667 urbem
665 602 793 667 intraret
810 625 995 668 concessum
1014 614 1071 669 est.
1147 671 1149 674 Α

133 696 408 780 Quemadmodum
425 695 542 760 bellum
561 696 679 761 minore
697 717 793 780 quam
815 698 981 762 timuerant
1003 698 1126 767 dimi-s

86 793 183 857 catione
203 802 271 856 erat
288 790 478 876 perfectum,
506 790 553 854 sic
574 791 608 854 in
630 789 708 855 urbe
727 813 766 854 ex
785 791 951 875 tranquillo
968 792 1095 878 necopi-

86 896 140 952 nata
158 885 259 951 moles
282 885 508 950 discordiarum
533 885 615 949 inter
639 884 765 971 plebem
792 908 829 950 ac
853 896 958 972 patres
987 898 1095 952 exorta

88 992 128 1060 est,
144 992 253 1068 coepta
270 980 311 1046 ab
329 980 516 1066 duplicando
535 989 736 1064 quaestorum
753 1004 893 1046 numero.
921 1005 1016 1065 quam
1028 1005 1094 1047 rem
1112 1002 1130 1048 4

90 1087 247 1162 —praeter
264 1075 344 1139 duos
361 1072 498 1139 urbanos
516 1084 696 1159 quaestores
719 1075 781 1140 duo
800 1086 834 1139 ut
857 1075 1037 1142 consulibus
1055 1077 1097 1141 ad

91 1170 237 1234 ministeria
250 1168 325 1234 belli
341 1178 467 1254 praesto
482 1177 587 1233 essent
600 1207 643 1217 -
655 1192 675 1233 a
688 1169 869 1234 consulibus
884 1170 1013 1235 relatam
1023 1192 1096 1235 eum

93 1273 114 1326 et
126 1275 218 1348 patres
238 1285 364 1327 summa
381 1285 441 1348 ope
459 1262 695 1348 adprobassent,
716 1263 749 1346 (a
766 1264 961 1349 consulibus)
979 1264 1096 1329 tribuni

91 1357 155 1442 plebi
169 1368 327 1423 certamen
344 1357 523 1435 intulerunt,
543 1367 577 1421 ut
594 1380 666 1443 pars
685 1369 887 1442 quaestorum
904 1397 946 1406 —-
963 1382 1038 1423 nam
1055 1359 1097 1423 ad

91 1450 113 1514 id
126 1465 240 1538 tempus
258 1450 382 1536 patricii
400 1451 496 1516 creati
517 1464 665 1516 erant-
683 1452 831 1537 explebe
853 1453 949 1518 fieret.
985 1454 1097 1518 adver·
1114 1473 1130 1521 5

94 1568 133 1612 sus
149 1570 239 1632 quam
262 1546 417 1612 actionem
437 1547 539 1633 primo
566 1556 597 1612 et
619 1547 762 1612 consules
786 1556 816 1612 et
842 1558 946 1633 patres
974 1571 1098 1614 summa

90 1661 134 1726 ope
147 1641 247 1707 adnisi
264 1652 351 1706 sunt:
371 1640 570 1706 concedendo
588 1641 711 1721 deinde,
730 1651 765 1705 ut
782 1643 1047 1726 quemadmodum
1064 1643 1098 1707 in

90 1735 199 1802 tribunis
217 1735 375 1802 consulari
391 1744 546 1822 potestate
563 1737 707 1802 creandis
725 1737 775 1802 usi
794 1748 879 1815 sunt,
906 1738 1046 1822 adaeque
1063 1738 1097 1801 in

89 1830 287 1913 quaestoribus
304 1830 439 1895 liberum
458 1839 542 1895 esset
564 1829 725 1897 arbitrium
743 1831 864 1917 populi,
892 1853 962 1895 cum
984 1854 1096 1916 parum

87 1926 266 2008 proficerent,
295 1935 393 1989 totam
414 1946 480 1990 rem
502 1925 541 1988 de
568 1926 713 2012 augendo
739 1936 940 2010 quaestorum
966 1947 1096 1990 numero

89 2020 223 2085 onitumt.
252 2020 411 2106 excipiunt
428 2018 579 2085 omissam
596 2020 712 2085 tribuni
730 2020 871 2104 aliaeque
890 2020 1031 2097 subinde,
1049 2021 1097 2084 in·
1116 2039 1131 2086 6

88 2122 124 2179 ter
139 2138 215 2200 quas
240 2128 271 2180 et
298 2115 437 2201 agrariae
462 2115 556 2201 legis,
585 2115 752 2180 seditiosae
779 2116 917 2180 actiones
945 2116 1097 2194 existunt3

88 2222 195 2295 propter
211 2232 292 2294 quos
311 2219 414 2273 motus
433 2230 506 2274 cum
525 2219 652 2274 senatus
675 2209 820 2274 eonsules
843 2231 938 2292 quam
956 2209 1096 2274 tribunos

87 2305 167 2368 creari
188 2303 296 2370 mallet
317 2325 420 2388 neque
441 2312 550 2389 posset
571 2326 628 2390 per
650 2303 889 2368 intercessiones
916 2302 1096 2367 tribunicias

89 2410 196 2464 uenatus
215 2398 393 2464 consultum
410 2398 492 2476 fieri,
514 2419 565 2461 res
584 2397 737 2483 (publica)
756 2421 775 2461 a
793 2396 973 2462 consulibus
993 2397 1033 2460 ad
1050 2396 1131 2464 ἱππ-7

88 2500 257 2580 turregum,
275 2513 377 2576 neque
394 2492 428 2556 id
445 2492 550 2578 ipsum
568 2527 610 2540 -
627 2515 700 2556 nam
719 2491 800 2556 coire
818 2491 964 2575 patricios
982 2489 1098 2554 tribuni

89 2586 277 2668 prohibebant
294 2625 336 2635 —
355 2586 422 2652 sine
440 2587 608 2652 certamine
624 2585 754 2672 ingenti,
772 2585 862 2650 redit.

139 2679 217 2745 Cum
239 2703 313 2767 pars
336 2679 435 2745 maior
455 2679 648 2764 insequentis
671 2680 744 2744 anni
762 2702 818 2765 per
835 2701 934 2743 novos
957 2677 1097 2743 tribunos
1116 2698 1132 2748 8

89 2770 159 2858 plebi
182 2785 213 2840 et
238 2775 358 2858 aliquot
383 2775 555 2860 interreges
587 2773 809 2838 certaminibus
841 2783 979 2839 extracta
1005 2781 1099 2850 esset,

91 2869 166 2934 nodo
183 2868 420 2956 prohibentibus
438 2869 572 2934 tribunis
589 2867 736 2954 patricios
755 2867 838 2932 coire
852 2868 892 2932 ad
903 2867 1100 2953 prodendum

90 2958 272 3052 interregem,
291 2963 386 3029 modo
403 2963 591 3050 interregem
608 2962 891 3048 interpellantibus,
914 2985 955 3027 ne
973 2973 1100 3028 senatus

94 3058 247 3124 consultum
267 3060 306 3124 de
325 3058 459 3124 comitiis
482 3057 699 3124 consularibus
722 3057 853 3135 faceret,
881 3068 1039 3142 postremo
1056 3056 1098 3120 L.
1118 3074 1133 3122 9

95 3144 217 3235 Papirius
228 3153 415 3241 Mugilanus
433 3154 575 3240 proditus
592 3152 729 3217 interrex
747 3151 930 3237 castigando
948 3171 1031 3214 nuno
1043 3171 1100 3235 pa

77 3257 143 3315 tres
158 3271 235 3314 nnnc
252 3248 395 3314 tribunos
414 3248 511 3335 plebi,
539 3250 696 3313 desertam
713 3248 924 3330 omissamque
942 3245 982 3310 ab
999 3243 1100 3309 homi-

90 3336 168 3407 uibus
183 3342 439 3430 rempublicam,
467 3344 597 3408 deorum
614 3341 810 3428 providentia
833 3362 968 3424 curaque
987 3361 1101 3426 excep-

91 3438 150 3513 tan,
166 3437 359 3503 memorabat
371 3436 557 3503 Veientibus
575 3437 703 3501 indutiis
718 3446 749 3500 et
762 3435 957 3500 cunctatione
970 3432 1101 3519 Aequo-

88 3544 146 3594 rum
162 3546 252 3598 stare.
286 3533 372 3598 unde
390 3531 418 3598 si
435 3533 511 3617 quid
527 3532 702 3617 increparet
719 3528 859 3607 terroris,
884 3528 951 3594 sine
969 3528 1100 3616 patricio
1118 3546 1150 3596 ιο

90 3625 258 3711 magistratu
274 3626 398 3714 placere
410 3649 477 3691 rem
489 3625 649 3712 publicam
667 3624 818 3710 opprimi?
839 3647 902 3688 non
920 3623 1102 3702 exercitum,

88 3734 142 3782 uon
160 3721 272 3787 ducem
295 3721 460 3787 scribendo
488 3721 637 3785 exercitui
663 3719 753 3784 esse?
778 3742 819 3784 an
845 3718 928 3784 bello
954 3717 1102 3783 intestino

88 3802 190 3880 bellum
208 3826 371 3881 externum
388 3815 644 3903 propulsaturos?
672 3837 753 3898 quae
772 3814 801 3879 si
817 3813 851 3879 in
873 3836 971 3877 unum
989 3831 1102 3877 conve·
1126 3827 1155 3873 11

91 3902 175 3989 uiant,
200 3911 256 3976 vix
273 3911 403 3977 deorum
425 3912 537 3999 opibus
555 3910 632 3996 quin
654 3909 803 3975 obruatur
819 3909 964 3974 Romana
985 3927 1035 3970 res
1052 3922 1102 3965 re·

77 3996 147 4068 siai
161 4027 264 4093 posse.
300 4006 377 4093 qnin
396 4005 442 4071 illi
463 4005 650 4071 remittendo
668 4005 707 4068 de
730 4027 854 4070 summa
875 4002 1008 4088 quisque
1025 3994 1101 4061 iuris
