2566 4524
146 254 212 321 446
399 264 518 320 LIBER
535 263 636 334 VIIII,
653 262 678 319 5.
688 264 713 319 6.
733 260 920 334 [aucus]

113 448 130 497 s
147 423 274 490 foedere
291 445 355 511 pax
370 421 524 502 Caudina,
544 422 601 488 sed
618 443 675 508 per
692 420 895 508 sponsionem
912 418 1001 487 facta
1019 429 1075 487 est
1103 422 1168 507 quid
1208 520 1210 525 Ι

148 518 232 585 enim
249 530 304 584 ant
323 516 527 604 sponsoribus
545 516 579 581 in
595 515 723 581 foedere
741 536 821 602 opus
839 524 927 582 esset
938 524 994 582 aut
1007 514 1165 596 obsidibus,
1207 542 1210 613 ξ

147 612 202 680 ubi
218 612 398 702 precatione
414 635 466 678 res
484 610 677 699 transigitur,
690 633 854 699 perquem
871 610 1029 699 populum
1039 610 1102 693 fiat,
1113 633 1165 699 quc
1206 628 1210 651 ¹

147 709 252 775 minus
278 706 404 795 legibus
427 706 518 773 dictis
546 715 659 786 stetur,
686 714 722 770 ut
743 727 817 772 eum
843 705 888 772 ita
909 705 1056 795 Iuppiter
1078 704 1162 786 feriat,

113 804 414 891 squemadmodum
439 826 459 869 a
484 802 644 868 fetialibus
675 824 791 889 porcus
816 801 958 868 feriatur.
1006 802 1163 890 spoponde-

147 908 221 965 runt
238 897 394 977 consules,
412 897 518 985 legati,
533 907 726 984 quaestores,
740 895 858 963 tribuni
874 896 1024 977 militum,
1041 894 1163 964 nomina·

149 1017 211 1080 que
229 993 369 1059 omniurn
388 992 443 1079 qui
462 992 697 1079 spoponderunt
715 1000 837 1072 extant,
855 991 926 1071 ubi,
950 991 981 1058 si
999 1013 1040 1059 ex
1053 991 1161 1059 foedere

148 1097 218 1156 acta
238 1110 289 1154 res
313 1097 410 1167 esset,
433 1096 654 1175 praeterquam
676 1086 811 1154 duorum
831 1085 989 1153 fetialium
1010 1109 1074 1154 non
1092 1095 1163 1157 exta·

116 1192 229 1254 trent.
267 1192 298 1249 et
319 1192 448 1270 propter
468 1182 679 1249 necessariam
696 1181 834 1249 foederis
853 1181 1038 1248 dilationem
1054 1180 1162 1249 obsides

149 1279 243 1346 etiam
261 1278 397 1345 sescenti
411 1278 533 1365 equites
546 1277 701 1366 imperati,
715 1277 771 1363 qui
784 1278 887 1365 capite
899 1277 1034 1359 luerent,
1050 1278 1163 1365 sipwtc

115 1395 212 1445 cnon
234 1382 376 1440 staretur.
417 1381 542 1460 tempus
563 1373 637 1439 inde
660 1381 813 1440 statutum
833 1372 995 1439 tradendis
1018 1370 1163 1440 obsidibus

149 1468 350 1554 exercituque
367 1467 480 1534 inermi
497 1468 658 1534 mittendo.
694 1467 920 1556 redintegravit
940 1467 1064 1534 luctum
1079 1468 1111 1533 in
1123 1486 1164 1533 ca·

150 1563 222 1629 stris
240 1562 407 1628 consulum
424 1563 588 1643 adventus,
607 1573 642 1629 ut
660 1563 715 1628 vix
732 1561 772 1629 ab
789 1563 829 1630 iis
848 1561 1042 1630 abstinerent
1059 1584 1163 1639 manus,

115 1672 130 1719 t
149 1678 283 1742 quorum
300 1657 475 1724 temeritate
492 1659 526 1723 in
543 1681 616 1724 eum
633 1658 739 1725 locum
757 1657 884 1725 deducti
902 1667 1026 1738 essent,
1049 1678 1164 1744 quorun

148 1753 276 1842 ignavia
293 1750 417 1819 foedius
435 1752 508 1819 inde
526 1775 622 1838 quam
639 1752 798 1820 venissent
816 1750 943 1819 abituri:
961 1752 1027 1819 iilis
1044 1774 1108 1819 nou
1122 1750 1166 1817 du·

150 1871 220 1913 cem
241 1846 397 1925 locorum,
419 1870 483 1914 non
506 1847 735 1934 exploratorem
756 1846 871 1926 fuisse,
893 1845 1064 1915 beluarum
1088 1846 1166 1913 modo

115 1954 262 2008 scaecos
283 1941 317 2006 in
339 1940 466 2007 foveam
489 1941 605 2027 lapsos.
646 1941 700 2008 alii
721 1941 799 2008 alios
824 1941 954 2021 intueri,
979 1933 1166 2031 contemptui

149 2059 238 2102 arma
254 2057 330 2100 mox
343 2034 495 2101 tradenda
508 2046 539 2100 et
551 2035 687 2102 inermes
704 2035 827 2102 futuras
841 2035 970 2103 dextras
985 2036 1167 2123 obnoxiaque

150 2151 282 2217 corpora
302 2128 397 2196 hosti.
431 2151 607 2216 proponere
629 2128 755 2196 sibimet
775 2130 838 2217 ipsi
854 2139 928 2197 ante
945 2131 1057 2199 oculos
1074 2132 1168 2220 iugum

151 2223 266 2292 hostile
289 2232 320 2290 et
341 2223 477 2290 ludibria
498 2224 626 2290 victoris
648 2234 680 2289 et
696 2224 803 2290 vultus
826 2224 982 2314 superbos
1006 2236 1038 2293 et
1059 2248 1115 2314 per
1132 2244 1168 2291 n·

116 2341 130 2390 s
148 2328 251 2386 matos
268 2317 437 2384 inermium
450 2318 518 2397 iter,
532 2318 605 2385 inde
619 2319 706 2384 foedi
723 2319 858 2407 agminis
871 2319 1089 2388 miserabilem
1100 2320 1168 2386 vim

147 2439 205 2504 per
223 2415 379 2481 sociorum
397 2412 501 2494 urbes,
523 2414 659 2480 reditum
676 2414 710 2480 in
727 2415 861 2502 patriam
878 2414 920 2482 ad
941 2425 1169 2503 parentesque

98 2532 130 2582 10
149 2532 244 2598 saepe
265 2509 327 2597 ipsi
349 2509 547 2594 maioresque
565 2532 675 2576 eorum
692 2510 921 2597 triumphantes
939 2511 1113 2578 venissent
1144 2528 1169 2573 sc

150 2606 234 2674 solos
258 2606 326 2671 sine
348 2604 493 2685 uulnere,
517 2605 585 2671 sine
608 2603 706 2684 ferro,
730 2604 797 2670 sine
816 2605 883 2671 acie
900 2605 1020 2686 victos,
1044 2605 1168 2673 sibinen

149 2702 302 2788 stringere
319 2698 448 2766 licuisse
465 2698 599 2786 gladios,
614 2721 679 2766 non
691 2722 821 2764 manum
834 2721 907 2791 cum
925 2699 1021 2768 hoste
1032 2699 1168 2775 confers,

98 2817 129 2866 11
149 2796 210 2864 sibi
228 2794 421 2878 nequiquam
438 2793 560 2860 animos
579 2795 680 2861 datos.
716 2794 795 2861 haec
812 2793 1024 2862 frementibus
1040 2795 1120 2863 hora
1133 2794 1169 2860 fa·

148 2890 219 2956 talis
232 2888 423 2976 ignominiae
437 2888 573 2968 advenit,
584 2889 690 2956 omnia
702 2889 840 2956 tristiora
853 2889 1052 2977 experiundo
1064 2891 1169 2958 factm

98 3007 130 3056 12
149 3006 244 3070 quam
262 3005 344 3068 quae
360 2993 583 3071 praeceperant
601 2984 724 3050 animis.
750 2984 815 3050 iam
826 2984 965 3071 primum
984 3007 1060 3051 curn
1078 2985 1168 3073 singu·

149 3079 189 3145 lis
208 3077 405 3144 vestimentis
426 3078 562 3145 inermes
581 3087 670 3145 extra
686 3078 805 3146 vallum
827 3079 913 3145 exire
933 3078 1018 3146 iussi
1040 3089 1073 3146 et
1093 3074 1168 3167 primi

99 3189 131 3242 1³
151 3174 257 3242 traditi
275 3171 402 3241 obsides
421 3183 516 3260 atque
532 3173 566 3240 in
583 3173 760 3240 custodiam
778 3173 914 3253 abducti,
933 3183 1004 3242 tum
1017 3198 1038 3242 a
1051 3171 1169 3242 consuli·

146 3270 207 3337 bus
226 3268 312 3336 abire
329 3269 453 3335 lictores
474 3269 555 3335 iussi
576 3268 861 3356 paludamentaque
878 3269 1039 3336 detracta:
1066 3277 1168 3337 unua

149 3368 211 3459 [id]
229 3369 311 3435 inter
327 3369 424 3456 ipsos,
443 3368 499 3455 qui
516 3367 622 3455 paullo
641 3377 713 3434 ante
736 3388 791 3434 eos
814 3374 1002 3434 execrantes
1024 3364 1168 3434 dedendos

98 3484 131 3530 14
148 3463 396 3548 lacerandosque
409 3472 604 3542 censuerant,
615 3462 848 3530 miserationem
859 3460 946 3541 iecit,
957 3471 995 3527 ut
1010 3484 1088 3531 snae
1100 3458 1169 3547 quis·

148 3581 210 3645 que
228 3557 422 3626 condicionis
440 3558 557 3627 oblitus
575 3556 616 3626 ab
638 3557 693 3625 illa
710 3557 938 3625 deformatione
959 3567 1070 3625 tantae
1090 3554 1169 3623 rnuic·

148 3653 238 3721 statis
256 3654 343 3721 velut
359 3654 400 3722 ab
417 3654 554 3721 nefando
573 3652 754 3741 spectaculo
774 3663 931 3720 averteret
948 3653 1073 3721 oculos.

115 3769 128 3816 1
213 3747 273 3816 VI.
299 3748 401 3817 Primi
418 3749 566 3817 consules
582 3771 681 3838 prope
700 3747 857 3816 seminudi
875 3746 1069 3837 subiugum
1084 3740 1166 3817 missi

147 3858 214 3913 tum
231 3845 419 3931 utquisque
437 3844 539 3932 gradu
555 3867 729 3931 proxumus
748 3853 829 3923 erat,
851 3844 896 3910 ita
917 3842 1112 3931 ignonriniac
1124 3835 1168 3904 ob·

113 3960 128 4007 2
147 3942 258 4020 iectus,
277 3949 346 4006 tum
363 3937 514 4026 deinceps
530 3938 674 4028 singulae
691 3938 842 4028 legiones.
870 3937 1115 4006 mussabant
1129 3950 1167 3997 st·

146 4035 225 4102 mati
245 4035 355 4102 hostes
378 4032 604 4122 exprobrantes
623 4033 862 4120 eludentesque3
888 4032 991 4123 gladii
1008 4032 1099 4099 etiam
1113 4024 1166 4114 ple·
