2566 4524
200 239 279 306 ,448
438 249 556 305 mssa
573 249 673 321 vnn,
693 249 717 304 r.
730 250 755 305 s.
775 248 1030 322 [andraeam]

182 433 298 479 resse.
334 418 388 475 aut
401 408 546 475 Romana
564 431 598 473 se
615 408 761 495 ignorare
777 407 906 495 ingenia
924 417 979 475 aut
998 408 1218 477 silentiumillul
1260 401 1277 463 ἶ

218 503 413 573 Samnitibus
426 503 547 571 flebiles
560 503 649 570 brevi
661 504 814 570 clamores
827 504 1031 593 gemitusque
1043 505 1221 573 excitaturum

218 600 444 686 Caudinaeque
466 599 553 687 pacis
577 598 738 685 aliquanto
757 597 955 666 Samnitibus
978 621 1079 687 quam
1099 601 1223 669 Romam
1259 590 1277 631 ⁴

183 715 199 763 a
217 697 385 762 tristiorem
407 693 592 760 memmium
613 694 696 761 forez
723 695 840 783 quippe
862 717 938 761 suos
960 716 1123 783 quemque
1143 719 1225 764 eorum

217 791 338 857 animos
351 788 531 855 habiturum
544 788 735 875 ubicumque
749 789 949 878 congressuri
963 791 1030 857 sint
1034 816 1044 872 ;
1060 791 1154 859 saltus
1162 789 1226 858 Cun-
1267 802 1277 879 ζ

216 887 308 951 dinos
326 908 391 951 non
407 883 525 969 ubique
545 882 741 952 Samnitibus
760 886 838 952 fore.
1270 900 1277 971 ζ

184 991 198 1037 6
281 980 352 1047 Iam
368 979 491 1046 Romae
513 979 608 1045 etiam
632 1002 690 1045 sua
710 979 840 1046 infamis
858 978 965 1045 clades
990 989 1070 1047 erat.
1103 979 1229 1048 obsessos
1273 994 1277 1003 '

216 1076 353 1162 primum
371 1074 536 1140 audierunt
541 1099 550 1154 3
568 1074 685 1140 tristior
698 1075 812 1140 deinde
829 1073 1065 1161 ignominiosae
1083 1075 1164 1162 pacis
1178 1098 1231 1140 ma·

184 1189 197 1235 7
216 1171 267 1258 gis
289 1193 386 1255 quam
406 1169 538 1256 periculi
559 1169 687 1236 nuntius
706 1169 776 1236 fuit.
812 1170 854 1236 ad
871 1169 992 1235 famam
1011 1169 1180 1238 obsidionis
1194 1169 1232 1234 di·

214 1265 316 1330 lectus
343 1263 454 1331 haberi
481 1272 611 1351 coeptus
634 1273 721 1343 erat3
748 1264 899 1330 dimissus
922 1264 1039 1331 deinde
1067 1265 1233 1332 auxiliomm

216 1370 400 1449 apparatus,
421 1370 591 1448 postquam
613 1360 804 1427 deditionem
825 1370 890 1426 tam
913 1360 1008 1426 foede
1026 1360 1147 1427 factam
1162 1382 1234 1427 acce·

215 1466 343 1544 perunt,
362 1456 583 1543 extemploque
601 1455 669 1522 sine
687 1455 752 1521 ulla
768 1454 896 1543 publica
913 1455 1105 1523 auctoritate
1122 1477 1235 1523 consen·

137 1598 139 1602 -
181 1565 288 1618 asum
305 1552 338 1617 in
357 1574 483 1618 omnem
504 1551 640 1618 formam
660 1549 764 1617 luctus
787 1560 849 1617 est:
876 1549 1027 1617 tabernae
1047 1551 1133 1617 circa
1149 1550 1235 1617 fomn

216 1647 343 1713 clausae
368 1646 585 1733 iustitiumque
611 1646 646 1712 in
671 1646 741 1713 foro
765 1670 823 1712 sua
849 1655 961 1733 sponte
989 1655 1142 1736 coeptum
1164 1646 1234 1736 prim

183 1757 198 1805 9
216 1764 312 1827 quam
328 1741 495 1821 indictum,
512 1740 569 1807 lati
587 1740 682 1820 clavi,
704 1741 791 1807 anuli
808 1741 895 1807 aurei
911 1741 1023 1829 positi,
1048 1765 1152 1830 paene
1167 1763 1236 1808 mae·

217 1837 293 1903 stior
315 1836 454 1902 exercitu
474 1837 545 1923 ipso
568 1836 677 1902 civitas
701 1859 772 1903 esse
793 1858 853 1901 nec
874 1834 1010 1903 ducibus
1036 1837 1144 1904 solum
1160 1845 1237 1922 atque

216 1931 396 1998 auctoribus
415 1929 684 2018 sponsoribusque
700 1930 788 2017 pacis
802 1929 905 2009 irasci,
920 1931 978 1996 sed
995 1929 1148 1998 innoxios
1160 1930 1237 1997 etiam

167 2042 199 2089 10
216 2026 330 2090 milites
349 2025 455 2092 odisse
472 2035 504 2091 et
526 2048 643 2112 negare
660 2026 738 2093 urbe
757 2025 888 2091 tectisve
905 2025 1124 2113 accipiendos.
1159 2046 1238 2113 quam

217 2120 458 2186 concitationem
480 2120 656 2186 animorum
679 2121 774 2209 fregit
796 2122 950 2186 adventus
974 2123 1139 2190 exercitus
1161 2122 1239 2189 etiam

217 2215 305 2281 iratis
328 2213 526 2281 miserabilis.
562 2238 626 2282 non
648 2216 732 2281 enim
754 2224 917 2300 tamquam
937 2216 973 2280 in
993 2216 1136 2303 patriam
1152 2238 1240 2283 rever·

216 2317 317 2375 tentes
336 2331 376 2375 ex
392 2309 550 2396 insperato
567 2309 751 2389 incolumes,
767 2311 824 2376 sed
841 2318 1006 2395 captorum
1023 2310 1141 2378 habitu
1153 2309 1240 2378 vultu·

166 2424 196 2470 11
216 2427 277 2489 que
299 2405 435 2493 ingressi
458 2405 582 2472 sercin
603 2406 714 2473 urbem
734 2406 779 2470 ita
802 2427 836 2471 sc
858 2406 890 2469 in
913 2405 980 2471 suis
1000 2407 1143 2493 quisque
1164 2405 1238 2473 tectis

216 2499 416 2580 abdiderunt,
439 2509 475 2565 ut
495 2511 621 2588 postero
644 2511 738 2585 atque
759 2499 999 2586 insequentibus
1022 2502 1140 2569 diebus
1163 2522 1239 2568 nemo

166 2606 198 2653 12
217 2618 326 2662 eorum
351 2596 456 2663 forum
482 2606 537 2662 aut
558 2595 720 2683 publicum
743 2596 883 2681 aspicere
906 2594 1012 2661 vellet.
1051 2597 1239 2665 eonsulesin

215 2691 338 2776 privato
361 2690 460 2757 abditi
482 2691 559 2756 nihil
581 2713 639 2776 pro
661 2690 848 2777 magistratu
870 2712 978 2777 agere,
1003 2692 1070 2757 nisi
1094 2695 1180 2779 quod
1198 2712 1239 2757 er-

214 2809 360 2872 pressum
379 2798 507 2853 senatus
522 2789 664 2853 consulto
679 2798 735 2866 est,
749 2796 785 2853 ut
798 2788 983 2853 dictatorem
997 2789 1145 2856 dicerent
1161 2788 1240 2856 comi

166 2891 198 2938 13
216 2881 331 2945 tiorum
344 2903 449 2946 causa.
474 2881 514 2965 Q.
524 2882 660 2949 Fabium
669 2880 865 2947 Ambustum
879 2881 1029 2947 dixerunt
1037 2895 1072 2950 et
1081 2883 1239 2951 P.Aelium

166 2985 199 3032 14
215 2973 353 3040 Paetum
369 2976 556 3064 magistrum
574 2977 725 3062 equitum.
762 2976 878 3061 quibus
897 2976 974 3042 vitio
994 2981 1114 3047 creatis
1134 2976 1239 3047 suffecti

214 3068 263 3135 M.
273 3068 430 3138 Aemilius
444 3072 553 3158 Papus
572 3073 712 3150 dictator,
730 3071 773 3136 L.
782 3071 930 3137 Valerius
943 3071 1088 3141 Flaccus
1107 3073 1239 3164 magister

215 3167 366 3251 equitum.
393 3189 452 3232 nec
464 3190 522 3253 per
539 3189 594 3232 eos
612 3167 739 3232 comitia
755 3164 864 3232 habita
877 3176 917 3245 et,
936 3167 1015 3250 quia
1032 3170 1183 3237 taedebat
1196 3188 1237 3254 po

214 3261 324 3348 pulum
338 3262 477 3329 omnium
491 3261 732 3349 magistratuum
745 3261 813 3326 eius
827 3261 909 3339 anni,
920 3284 971 3327 res
982 3263 1026 3327 ad
1038 3263 1237 3352 interregnum

166 3365 197 3412 15
214 3358 316 3421 rediit.
346 3357 520 3444 interreges
535 3355 576 3440 Q.
585 3356 706 3422 Fabius
715 3355 889 3434 Maximus,
899 3353 947 3420 M.
953 3354 1111 3425 Valerius
1123 3358 1235 3427 corvus

215 3449 243 3513 is
262 3451 407 3517 consules
426 3452 543 3517 creavit
561 3449 602 3534 Q.
611 3450 786 3518 Publilium
797 3449 965 3517 Philonem
986 3460 1019 3517 et
1036 3453 1083 3519 L.
1094 3452 1236 3540 Papirium

135 3625 138 3630 Ι
217 3542 389 3611 Cursorem
405 3545 519 3612 iterum
531 3546 617 3612 haud
631 3546 727 3611 dubio
741 3567 898 3612 consensu
911 3545 1065 3628 civitatis,
1080 3549 1166 3634 quod
1176 3539 1235 3611 nulli

216 3661 254 3704 ea
272 3650 457 3726 tempestate
475 3643 572 3708 duces
591 3641 737 3708 clariores
756 3649 871 3708 essent.

182 3754 196 3800 1
279 3733 375 3800 VIII.
407 3734 480 3819 Quo
499 3737 594 3803 creati
617 3745 691 3804 sunt
712 3736 777 3816 die,
800 3757 898 3803 eo-
917 3735 964 3802 sic
983 3737 1074 3805 enim
1095 3738 1234 3826 placuerat

213 3829 356 3918 patribus
375 3869 417 3879 —
435 3833 656 3919 magistratum
677 3830 812 3898 inierunt
830 3830 1109 3919 sollemnibusque
1127 3839 1232 3900 sensus

181 3943 196 3991 2
215 3926 366 3992 consultis
384 3925 533 4013 perfectis
551 3928 591 3992 de
608 3949 687 4015 pace
702 3925 848 3994 Caudina
864 3925 1068 3995 rettulerunt.
1101 3937 1132 3996 et
1143 3920 1233 3993 Publ'r

213 4018 285 4100 lius,
303 4044 401 4108 penes
420 4043 514 4107 quem
532 4022 638 4088 fasces
657 4029 758 4088 erant}
783 4020 862 4099 ‘dic,
883 4016 943 4106 Sp.
957 4019 1125 4089 Postumi'
1140 4015 1230 4105 inquit
