2566 4524
284 268 402 325 uratur
418 269 518 340 vim,
536 269 578 324 23.
591 268 634 324 24.
654 272 692 338 [a.
702 267 733 324 0.
742 267 801 325 aro.
816 269 879 340 314]
1031 256 1093 323 467

65 432 263 518 direptaque,
285 449 420 513 quorum
440 427 558 514 praeda
576 435 725 492 onustum
747 426 878 493 militem
899 426 933 492 in
949 427 1095 495 Romana

65 535 166 592 castra
185 522 319 589 dictator
333 521 464 601 reducit,
478 521 722 605 haudquaquam
740 529 805 587 tam
817 521 949 588 victoria
965 521 1093 601 laetum,

65 642 158 707 quam
176 617 264 702 quod
280 626 405 704 praeter
422 616 569 704 exiguam
587 614 794 682 deformatam
810 616 955 683 incendio
972 626 1094 704 partem

65 724 166 781 cetera
185 720 294 778 contra
311 733 401 797 spem
420 710 508 776 salva
524 710 653 776 invenit.

120 804 283 872 XXIIII.
313 803 370 870 Ad
389 801 502 871 Soram
523 803 597 869 inde
618 803 768 870 reditum:
794 806 931 892 novique
948 807 1093 873 consides
1113 827 1127 875 1

65 903 102 970 ll.
123 898 305 978 Poetelius,
326 897 365 965 0.
384 895 546 986 Sulpicius
569 897 741 966 exercitum
763 899 803 966 ab
826 901 977 968 dictatore
994 901 1095 969 Fabio

65 996 222 1083 ‚ccipiunt
239 1017 356 1082 magna
372 1003 461 1082 parte
478 1004 621 1060 veterum
637 993 772 1061 militum
789 995 920 1062 dimissa
937 995 1093 1080 novisque

65 1087 716 1177 ohortibusinsupplementumadductis.
739 1098 958 1156 ceterumcum
966 1100 1126 1177 proptera

65 1183 226 1254 liffioilem
242 1183 330 1249 urbis
349 1183 444 1249 situm
461 1207 520 1250 nec
533 1183 737 1272 oppugnandi
755 1183 831 1250 satis
849 1193 934 1251 certa
950 1184 1030 1250 ratio
1047 1185 1095 1249 in-

65 1291 157 1349 retur
163 1288 205 1353 ,et
218 1287 272 1344 aut
285 1287 424 1366 tempore
436 1279 608 1366 longinqua
621 1289 675 1344 aut
686 1301 837 1365 praeceps
850 1279 988 1366 periculo
998 1278 1095 1344 victo-

65 1378 98 1443 la
114 1384 217 1451 esset,
234 1370 375 1440 Soranus
388 1374 553 1461 transfuga
567 1373 647 1438 clam
661 1396 701 1439 ex
714 1374 829 1460 oppido
847 1372 1008 1460 profectus
1022 1397 1094 1439 cum
1113 1393 1128 1439 3

65 1472 92 1537 d
111 1468 235 1555 vigiles
244 1467 406 1534 Romanos
423 1478 626 1554 penetrasset,
646 1468 719 1534 duci
737 1491 771 1534 se
790 1469 946 1555 extemplo
965 1469 1007 1534 ad
1020 1490 1095 1534 con-

65 1566 145 1633 ules
159 1561 250 1643 iubet
262 1563 479 1648 deductusque
491 1564 677 1630 traditurum
690 1563 801 1629 urbem
812 1564 975 1650 promittit.
1005 1564 1093 1628 visus
1111 1579 1128 1625 4

65 1661 143 1738 nde,
158 1680 234 1724 cum
248 1679 385 1743 quonam
398 1659 492 1724 modo
509 1659 542 1723 id
558 1654 773 1744 praestaturus
788 1668 872 1724 esset
888 1667 1095 1746 pereunctan-

65 1779 101 1824 es
122 1754 271 1834 doceret,
294 1752 380 1817 haud
396 1775 479 1818 vana
496 1751 632 1830 adferre,
654 1752 804 1840 perpulit,
827 1775 925 1839 prope
948 1753 1095 1818 adiuncta

65 1847 231 1918 noenibus
249 1847 395 1915 Romana
411 1855 514 1912 castra
530 1857 566 1912 ut
585 1869 642 1912 sex
659 1847 745 1912 milia
762 1846 802 1913 ab
821 1847 937 1934 oppido
954 1867 1095 1911 remove-

65 1953 184 2015 antur:
204 1941 282 2020 sore,
296 1950 331 2005 ut
343 1941 448 2006 minus
464 1940 602 2007 intentae
619 1941 653 2006 in
666 1942 842 2007 custodiam
859 1941 947 2008 urbis
966 1941 1094 2006 diurnae
1113 1957 1128 2004 5

66 2037 216 2107 tationes
229 2043 446 2102 acnoctumae
453 2034 580 2122 vigiliae
595 2046 709 2101 essent.
731 2037 801 2123 ipse
815 2036 991 2121 insequenti
1005 2045 1095 2101 nocte

65 2132 117 2200 ub
132 2129 254 2218 oppido
268 2129 464 2196 silvestribus
481 2129 559 2195 locis
578 2128 759 2217 cohortibus
777 2131 913 2195 insidere
930 2129 1026 2195 iussis
1040 2131 1095 2195 de-

65 2251 128 2296 em
152 2224 278 2290 milites·
293 2223 431 2290 delectos
456 2246 564 2289 secum
585 2245 642 2309 per
664 2224 761 2288 ardua
783 2245 820 2287 ac
842 2245 939 2308 prope
960 2224 1047 2287 invia
1063 2225 1097 2287 in

65 2342 168 2390 reem
186 2318 286 2397 ducit,
308 2317 451 2404 pluribus
469 2340 564 2403 quam
585 2340 643 2404 pro
660 2339 791 2382 numero
808 2317 947 2382 virorum
969 2316 1096 2381 missili-

65 2438 117 2483 ›us
138 2411 216 2479 telis
233 2433 272 2478 eo
290 2412 432 2478 conlatis.
468 2413 509 2477 ad
529 2412 591 2477 hoo
609 2434 687 2477 saxa
704 2420 792 2476 erant
810 2420 841 2475 et
858 2421 974 2476 temere
992 2409 1095 2476 iacen-
1114 2429 1129 2477 e

65 2511 115 2590 ia,
136 2517 176 2574 ut
193 2505 229 2573 fit
245 2506 279 2572 in
297 2508 440 2594 aspretis,
459 2517 491 2572 et
508 2508 547 2571 de
564 2504 718 2571 industria
736 2505 839 2582 etiam,
859 2527 922 2589 quo
939 2504 1028 2570 locus
1046 2515 1096 2568 tu-

65 2605 122 2672 ior
147 2610 246 2679 esset,
270 2599 311 2666 ab
334 2601 498 2688 oppidanis
522 2608 680 2688 congesta.
716 2598 772 2664 ubi
793 2621 865 2664 cum
884 2596 1129 2664 constituissetr

65 2701 228 2770 tomanos
244 2695 451 2780 semitamque
465 2706 632 2784 angustam
646 2705 677 2760 et
690 2694 820 2761 arduam
838 2704 973 2760 erectam
987 2715 1027 2759 ex
1041 2714 1098 2778 op-

65 2795 134 2864 ido
148 2791 187 2856 in
199 2812 303 2857 arcem
316 2790 520 2857 ostendisset:
538 2791 611 2857 ‘hoc
620 2789 746 2876 quidem
759 2788 906 2856 ascensu’
918 2788 1020 2873 inquit
1033 2787 1098 2852 ‘vel

65 2912 119 2958 res
135 2884 254 2952 armati
262 2884 436 2970 quamlibet
448 2884 679 2951 multitudinem
693 2884 861 2950 arcuerint:
876 2907 935 2950 vos
948 2894 978 2950 et
987 2884 1097 2949 decem
1114 2899 1130 2949 8

65 3001 197 3052 nmero
215 2988 256 3057 et,
274 2979 360 3063 quod
376 2978 448 3067 plus
467 2989 524 3059 est,
543 2979 679 3047 Romani
696 2978 974 3062 Romanommque
991 2977 1099 3043 fortis-

65 3077 132 3147 lmi
152 3071 218 3140 viri
234 3072 321 3139 estis.
348 3082 380 3139 et
396 3073 485 3140 locus
503 3096 561 3161 pro
578 3073 668 3140 vobis
687 3082 718 3137 et
735 3095 800 3138 nox
817 3071 884 3149 erit,
898 3093 978 3155 quae
992 3070 1099 3136 omnia

65 3197 92 3242 x
110 3171 244 3238 incerto
261 3168 380 3233 maiora
397 3167 511 3234 territis
530 3176 673 3234 ostentat.
700 3188 760 3253 ego
777 3166 841 3230 iam
858 3174 975 3229 terrore
993 3163 1099 3228 omnia

65 3262 210 3358 aplebo,
226 3283 284 3327 vos
303 3283 408 3328 arcem
428 3262 539 3328 intenti
560 3261 683 3328 tenete?
719 3259 855 3327 decmrit
875 3259 959 3338 inde,
978 3267 1095 3342 quanto
1114 3274 1128 3322 a

65 3358 206 3433 mxime
221 3366 344 3445 poterat
362 3378 434 3422 cum
452 3354 602 3423 tumultu:
621 3357 676 3422 ‘ad
694 3354 794 3422 arma'
812 3365 856 3420 et:
876 3360 948 3440 ‘pro
960 3361 1098 3418 vestram

65 3460 172 3534 dem,
190 3451 298 3530 cives:
315 3452 478 3518 clamitans
498 3458 568 3517 ‘arx
585 3451 625 3518 ab
642 3449 787 3518 hostibus
805 3457 897 3535 capta
914 3458 971 3526 est,
990 3446 1100 3513 defen-

65 3555 134 3631 ita,
150 3544 220 3614 ite?
244 3545 323 3613 haec
331 3546 472 3612 incidens
481 3545 658 3634 principum
669 3544 802 3622 foribus,
811 3544 890 3609 haec
899 3542 1010 3620 obviis,
1020 3541 1099 3606 haec
1118 3559 1149 3606 10

65 3629 307 3719 gom-semibus
323 3639 358 3706 in
374 3639 536 3728 publicum
553 3639 676 3728 pavidis
694 3637 844 3724 increpat.
875 3646 1040 3724 acceptum
1058 3635 1098 3701 ab

65 3764 122 3813 no
137 3756 297 3828 pavorem
308 3735 415 3823 plures
433 3734 613 3823 per-urbem
629 3733 744 3800 femnt
772 3731 884 3820 trepidi
896 3731 1097 3819 magistratus
1117 3746 1148 3794 11

65 3831 173 3908 fissis
191 3829 236 3897 ad
251 3851 357 3898 arcem
369 3829 617 3918 exploratoribus
631 3850 704 3895 oum
721 3826 783 3894 tela
797 3836 829 3892 et
841 3835 976 3894 armatos
993 3833 1098 3890 tenere

65 3922 172 4005 §aem
184 3923 394 4013 multiplicato
406 3947 537 3993 numero
550 3924 703 4004 audirent,
717 3932 863 3990 avertunt
874 3920 995 3987 animos
1008 3939 1028 3983 a
1042 3936 1098 4001 spe

65 4021 303 4114 &reperandae
319 4021 416 4104 arois3
441 4020 521 4110 fuga
537 4029 650 4088 cuncta
667 4017 853 4107 conplentur
868 4023 1039 4102 portaeque
1056 4009 1097 4076 ab
1116 4025 1148 4076 12

875 4112 928 4170 300
