2566 4524
141 239 207 307 400
406 248 526 304 ursan
542 247 628 319 vm,
646 245 712 303 ee.
732 250 770 317 [a
779 262 807 301 u.
818 262 842 303 o.
850 244 915 316 414]

143 410 290 476 adiuncto
309 408 468 495 duplicent
485 407 568 472 vires
587 428 675 484 suas,
695 427 789 490 quem
808 424 972 470 secernere
989 403 1028 470 ab
1045 427 1078 471 se
1092 427 1145 471 cou-

144 505 228 570 sules
243 504 333 570 bellis
346 503 480 590 propriis
494 500 648 588 ponendis
663 499 888 584 sumendisque
905 498 1020 578 nolint,
1039 521 1089 565 cur
1100 521 1147 566 non

109 622 125 670 4
143 600 248 667 omnia
265 599 457 684 aequantur?
483 621 539 662 eur
555 619 620 662 non
637 595 716 662 alter
733 595 773 661 ab
791 595 919 661 Latinis
941 595 1053 661 consul
1071 596 1148 674 datur,

110 718 125 769 a
142 697 199 762 ubi
215 718 288 781 pars
306 695 435 771 virium,
453 692 498 757 ibi
515 701 547 758 et
563 691 687 779 imperii
703 690 862 777 pareest?
879 699 930 757 est
942 689 1150 775 quidemnobis

142 792 204 855 hoc
221 812 277 876 per
295 811 328 853 se
346 788 423 852 haut
436 787 530 852 nimis
545 785 700 873 amplum,
717 786 835 874 quippe
849 785 1153 853 concedentibusRo·

143 906 228 949 mam
246 892 339 968 caput
353 882 441 947 Latii
458 904 542 960 esse,
562 881 619 947 sed
637 889 672 946 ut
690 881 828 967 amplum
847 881 950 946 videri
966 890 1080 968 posset,
1097 881 1155 945 diu·

110 999 126 1048 a
145 988 236 1042 turna
254 977 403 1063 patientia
421 975 564 1041 fecimus.
600 974 688 1060 atqui
705 975 733 1041 si
750 975 877 1059 quando
894 997 1049 1062 umquam
1061 997 1157 1041 conso-

144 1072 248 1138 ciandi
269 1071 405 1158 imperii,
429 1071 628 1156 usurpandae
650 1068 803 1136 libertatis
820 1080 950 1156 tempus
968 1070 1107 1157 optastis,
1125 1091 1157 1134 en

143 1168 205 1233 hoc
231 1176 356 1253 tempus
383 1165 473 1231 adest
495 1176 526 1231 et
548 1165 661 1230 virtute
683 1173 788 1230 vestra
811 1173 843 1229 et
864 1165 962 1230 deum
985 1163 1156 1252 benignitate

110 1284 126 1331 e
144 1262 236 1327 vobis
250 1261 368 1325 datum.
392 1261 568 1346 temptastis
581 1259 764 1346 patientiam
776 1259 925 1345 negando
938 1258 1078 1325 militem.
1101 1255 1154 1343 quis

144 1355 280 1434 dubitat,
313 1355 469 1420 exarsisse
496 1376 565 1433 eos,
592 1376 666 1419 oum
691 1352 763 1439 plus
790 1353 1001 1420 ducentorum
1026 1372 1156 1419 annorum

108 1452 111 1457 ’
144 1473 265 1517 morem
297 1450 513 1517 solveremus?
550 1449 746 1536 pertulerunt
776 1457 880 1514 tamen
912 1449 1001 1515 hunc
1031 1448 1154 1519 dolorem

110 1563 126 1614 8
144 1543 264 1611 bellum
288 1555 397 1610 nostro
422 1545 549 1610 nomine
576 1566 649 1610 cum
670 1543 833 1630 Paelignis
859 1544 1037 1631 gessimus:
1063 1542 1111 1629 qui
1125 1562 1154 1605 ne

144 1650 326 1705 nostrorum
352 1640 479 1724 quidem
506 1639 616 1705 finium
641 1639 735 1705 nobis
756 1661 814 1726 per
834 1661 893 1705 uos
917 1640 1102 1711 tuendorum
1117 1637 1152 1700 ius

110 1755 126 1804 9
145 1744 238 1801 antea
255 1734 384 1813 dabant,
404 1735 481 1800 nihil
498 1736 750 1801 intercesserunt.
789 1731 949 1802 Sidicinos
968 1735 1004 1800 in
1021 1734 1106 1799 fidem
1118 1752 1152 1797 re·

146 1840 268 1916 septos,
293 1830 475 1916 Campanos
498 1829 538 1895 ab
562 1852 596 1895 se
614 1830 655 1894 ad
676 1852 735 1895 nos
758 1828 913 1910 descisse,
942 1829 1093 1895 exercitus
1109 1844 1149 1891 not

145 1948 254 2012 parare
268 1925 420 1990 adversus
436 1923 604 2002 Samnites,
623 1923 801 1993 foederatos
817 1946 901 2002 suos,
921 1924 1147 2000 audiamque

96 2038 127 2085 ιο
145 2029 311 2084 moverunt
324 2041 359 2084 se
372 2018 413 2084 ab
427 2019 513 2084 urbe.
542 2020 639 2098 uude,
657 2020 741 2085 unde
754 2019 833 2085 haec
845 2019 909 2086 illis
924 2028 1014 2085 tauta
1026 2013 1146 2085 motat·

145 2112 207 2178 nisi
224 2137 243 2177 a
261 2113 452 2178 conscientia
468 2113 582 2178 virium
601 2124 632 2179 et
643 2124 821 2179 nostrarum
836 2123 868 2179 et
881 2114 1034 2181 suarum?
1048 2113 1142 2179 idoneet
1166 2140 1172 2187 r

146 2202 288 2274 auctores
306 2207 422 2286 habeo,
447 2208 649 2292 querentibus
672 2209 711 2274 de
734 2208 823 2275 uobis
843 2206 1043 2275 Samnitibus
1062 2208 1098 2271 ita
1111 2222 1140 2268 re
1164 2216 1172 2281 ξι

146 2326 297 2390 sponsum
315 2302 355 2369 ab
374 2314 485 2369 senatu
503 2304 647 2370 Romano
665 2327 750 2384 esse,
772 2313 808 2369 ut
824 2303 919 2370 facile
936 2310 1100 2392 appareret,
1114 2314 1138 2361 ut
1166 2372 1170 2377 ,

144 2399 232 2483 ipsos
250 2398 377 2482 quidem
395 2399 458 2462 iam
476 2399 652 2484 postulare,
676 2409 710 2464 ut
727 2399 859 2464 Latium
877 2397 938 2464 sub
956 2399 1091 2465 Romano
1102 2393 1137 2458 im·
1164 2432 1166 2469 :

145 2493 231 2578 perio
254 2494 304 2559 sit.
348 2503 498 2579 usurpate
520 2495 614 2559 modo
636 2494 824 2580 postulando
843 2517 895 2573 eo,
919 2495 1008 2579 quod
1025 2494 1065 2559 illi
1078 2484 1126 2554 vob'
1164 2528 1172 2564 ·.

96 2605 125 2651 11
146 2589 231 2652 taciti
249 2589 434 2654 concedunt.
476 2590 615 2673 siquem
633 2589 694 2655 hoo
711 2600 813 2654 metus
833 2589 938 2655 dicere
954 2588 1134 2676 prohibeto
1161 2620 1172 2657 :-

146 2705 206 2768 ego
224 2683 306 2769 ipse,
330 2683 476 2747 audiente
494 2706 558 2748 nou
576 2683 693 2769 populo
710 2682 856 2749 Romano
874 2685 971 2751 modo
995 2690 1133 2762 sensuque
1157 2716 1172 2755 ς

146 2777 203 2840 sed
220 2777 297 2841 Iove
319 2776 403 2860 ipso,
426 2778 480 2859 qui
499 2776 692 2862 Capitolium
713 2778 833 2856 incolit,
855 2778 1017 2865 profiteor,
1039 2797 1081 2842 me
1096 2768 1133 2836 dit·
1161 2811 1172 2850 -,

146 2878 264 2947 turum,
284 2878 331 2946 ut,
352 2871 380 2933 si
396 2893 454 2935 uos
472 2872 506 2935 in
523 2872 650 2937 foedere
669 2894 707 2938 ac
725 2873 874 2938 societate
889 2895 961 2940 esse
975 2872 1076 2947 velint,
1090 2884 1133 2931 etl·
1160 2900 1172 2949 ’,-

96 2980 127 3027 12
147 2963 248 3027 sulem
262 2963 394 3028 alterum
407 2965 447 3030 ab
460 2965 551 3031 nobis
567 2976 756 3050 senatusque
770 2977 892 3054 partem
907 2966 1073 3055 accipiant’
1085 2961 1132 3025 hrot
1170 2960 1172 2965 ’

146 3059 292 3125 ferociter
304 3083 369 3126 non
382 3062 526 3126 suadenti
540 3061 657 3141 solum,
677 3063 734 3129 sed
746 3063 907 3148 pollicenti
920 3062 1053 3129 clamore
1067 3067 1091 3124 et
1101 3048 1132 3118 tl·

146 3179 243 3221 seusu
261 3179 369 3223 omnes
387 3157 609 3242 permiserunt,
629 3165 664 3222 ut
677 3167 784 3246 ageret
798 3158 995 3244 diceretque,
1014 3160 1131 3244 quaeelt
1160 3174 1172 3215 t

144 3252 272 3338 publica
289 3252 425 3317 nominis
442 3252 552 3316 Latini
568 3252 693 3337 fideque
712 3276 770 3318 sua
787 3253 979 3319 viderentur.
1157 3247 1172 3313 ὲ

114 3360 127 3406 1
155 3371 157 3375 ’
211 3345 253 3411 V.
289 3347 356 3412 Ubi
375 3355 422 3411 est
438 3346 574 3412 Romam
592 3357 735 3425 ventum,
754 3347 788 3411 iu
807 3346 968 3435 Capitolio
986 3348 1031 3414 eis
1047 3344 1130 3413 semffl
1160 3372 1172 3397 ··

146 3439 238 3503 datus
257 3449 313 3504 est
349 3440 393 3506 ibi
412 3464 484 3506 cum
502 3441 540 3505 Τ.
559 3440 699 3508 Manlius
717 3442 828 3508 consul
846 3443 967 3528 egisset
985 3464 1053 3509 curn
1067 3436 1130 3503 tittl
1160 3496 1165 3509 ,

112 3533 330 3598 tauctoritate
351 3544 490 3619 patrum,
517 3558 557 3601 ne
577 3534 773 3603 Samnitibus
797 3535 969 3605 foederatis
991 3523 1131 3605 belluml*
1163 3597 1165 3605 .

146 3627 276 3706 ferrent,
294 3627 435 3710 Annius,
455 3640 615 3714 tamquam
632 3632 732 3696 victor
749 3631 846 3696 armis
865 3629 1056 3719 Capitolium
1068 3616 1132 3707 oep'*

113 3737 128 3785 3
147 3732 209 3800 set,
231 3745 296 3788 non
316 3724 439 3810 legatus
461 3725 529 3790 iure
551 3725 693 3812 gentium
710 3735 798 3791 tutus
814 3725 1012 3811 loqueretura
1035 3726 1131 3801 ‘tonpffi
1168 3792 1172 3797 .

147 3815 235 3895 erat}
253 3817 354 3903 inquit
373 3820 459 3884 ‘Tite
473 3819 576 3884 Manli
589 3842 709 3904 vosque
723 3830 827 3906 patres
847 3820 1029 3908 conscripti,
1046 3808 1132 3915 Μ

145 3913 210 3977 iam
226 3935 284 3978 vos
302 3912 468 3979 nobiscum
485 3915 563 3978 nihil
579 3937 636 4000 pro
653 3915 785 4001 imperio
804 3938 914 4002 agere,
934 3938 1006 3981 cum
1022 3910 1133 3978 flomtr
1163 3908 1172 3975 l

147 4005 262 4072 simum
293 4007 386 4074 deum
417 4008 609 4096 benignitate
639 4032 723 4076 nunc
749 4011 881 4077 Latium
913 4009 1008 4076 armis
1036 3999 1132 4080 virisqtt
1164 4040 1168 4049 ·
