2566 4524
272 267 391 324 meua
407 265 492 339 vm,
511 268 553 324 12.
567 267 608 324 13.
627 266 866 341 [aceto-mu
1022 257 1086 326 411

65 429 120 495 fuit
131 425 256 505 consul,
276 425 434 492 criminari
446 426 531 512 apud
542 426 695 513 populum
706 436 811 513 patres
830 428 949 494 destitit
964 429 1087 518 collega

65 523 305 607 haudquaquam
326 521 526 599 adversante,
554 521 628 605 quia
643 529 682 588 et
702 521 771 608 ipse
792 522 833 587 de
849 522 941 609 plebe
960 532 1026 589 erat
1043 561 1085 574 —

65 615 223 683 materiam
241 624 347 682 autem
363 613 535 702 praebebat
551 614 732 682 criminibus
751 638 827 702 ager
843 617 877 706 in
893 618 1009 683 Latino
1022 617 1085 684 Fa·
1100 631 1136 689 ‘12

65 712 206 796 lernoque
233 733 310 798 agro
335 709 473 797 maligne
499 709 603 796 plebei
629 710 749 777 divisus
775 748 818 760 -
845 720 889 790 et,
915 722 1085 798 postquam

65 815 186 873 senatus
216 805 306 872 finire
335 805 501 892 imperium
532 805 713 872 consulibus
745 807 875 893 cupiens
901 808 1085 874 dictatorem

65 902 209 967 adversus
227 900 414 967 rebellantes
432 900 566 978 Latinos¹
584 900 647 967 dici
667 901 772 980 iussit,
795 899 966 981 Aemilius,
995 902 1084 970 cuius
1104 920 1136 972 1³

65 1007 125 1060 um
142 994 247 1060 fasces
266 1006 367 1072 erant,
395 994 549 1081 collegam
570 994 754 1061 dictatorem
775 995 868 1075 dixit3
895 996 936 1063 ab
958 1019 996 1063 eo
1018 1020 1086 1063 ma-

65 1090 156 1178 gister
174 1089 315 1174 equitum
332 1089 444 1154 Iunius
461 1088 580 1154 Brutus
599 1089 711 1155 dictus.

119 1184 290 1251 Dictatura
306 1184 466 1271 popularis
484 1195 516 1251 et
532 1185 723 1252 orationibus
741 1185 774 1253 in
786 1195 891 1271 patres
909 1187 1083 1253 criminosis
1103 1207 1136 1256 14

65 1279 121 1345 fuit
137 1290 168 1346 et
186 1280 272 1364 quod
289 1289 352 1345 tres
369 1279 457 1367 leges
476 1280 720 1346 secundissimas
739 1280 843 1367 plebei
860 1282 1009 1348 adversas
1027 1304 1084 1348 no·

65 1373 170 1440 oilitati
188 1373 271 1438 tulitz
288 1396 398 1453 unam,
417 1382 453 1438 ut
464 1373 550 1460 plebi
563 1374 641 1440 scita
654 1397 763 1441 omnes
774 1373 913 1457 Quirites
927 1384 1083 1456 tenerent;

65 1468 197 1546 alteram,
216 1477 251 1532 ut
263 1467 380 1555 legum,
395 1491 475 1553 quae
489 1468 622 1534 comitiis
636 1469 815 1536 centuriatis
829 1469 992 1550 ferrentur,
1011 1479 1083 1537 ante
1102 1490 1135 1540 15
1262 1547 1265 1553 ,

65 1563 169 1629 nitum
183 1561 368 1649 suffragium
381 1572 485 1648 patres
499 1572 643 1629 auctores
658 1562 783 1642 fierent;
802 1564 939 1643 tertiam,
958 1573 993 1629 ut
1006 1564 1084 1631 alter
1102 1583 1134 1634 18

65 1658 165 1742 ntique
179 1656 334 1743 explebe,
354 1679 426 1723 cum
439 1679 477 1723 eo
490 1667 619 1723 ventum
633 1657 683 1736 sit,
702 1667 737 1723 ut
749 1666 916 1742 utrumque
925 1658 1084 1745 plebeium

65 1750 124 1818 ieri
140 1751 262 1830 liceret,
286 1773 397 1818 censor
414 1760 578 1818 crearetur.
622 1752 694 1838 plus
713 1774 751 1817 eo
770 1774 852 1817 anno
871 1752 956 1816 domi
972 1774 1084 1838 accep-
1102 1771 1134 1821 1⁷

65 1869 124 1912 um
150 1845 249 1912 cladis
276 1845 316 1912 ab
343 1845 523 1913 consulibus
546 1868 583 1912 ac
605 1846 754 1912 dictatore
776 1867 871 1930 quam
893 1866 932 1910 ex
953 1844 1084 1910 victoria

65 1961 166 2007 mrum
196 1939 380 2024 bellicisque
408 1938 503 2006 rebus
530 1939 607 2006 foris
634 1949 761 2006 auctum
786 1939 952 2026 imperium
977 1947 1082 2024 patres

65 2033 236 2101 tradebant.
771 2076 774 2081 -

119 2126 222 2194 XIII.
249 2124 346 2192 Anno
358 2127 549 2213 insequenti,
566 2127 608 2192 L.
623 2126 720 2194 Furio
734 2126 879 2207 Camill0,
900 2126 938 2194 Ο.
952 2125 1082 2192 Maenio
1101 2147 1116 2198 1

65 2221 254 2299 consulibus,
278 2243 341 2306 quo
358 2222 537 2309 insignitius
555 2222 673 2288 omissa
688 2244 739 2287 res
757 2219 895 2288 Aemilio
914 2222 1082 2308 superioris
1169 2263 1173 2304 ξ

65 2316 131 2383 mni
148 2315 270 2382 consuli
288 2316 535 2402 exprobraretur,
553 2313 677 2382 Pedum
694 2316 788 2382 armis
801 2316 940 2400 virisque
953 2323 985 2379 et
997 2315 1084 2380 omni
1169 2383 1170 2388 ,

65 2409 357 2496 riexpugnandum
380 2431 418 2476 ac
438 2410 605 2476 delendum
628 2419 755 2476 senatus
777 2409 895 2488 fremit,
922 2408 1083 2492 coactique
1172 2429 1174 2433 ’

65 2504 131 2572 tovi
148 2505 295 2570 consules
313 2504 457 2570 omnibus
480 2527 550 2570 eam
571 2527 638 2569 rem
659 2504 814 2590 praeverti
834 2503 1081 2590 proficiscuntur,

65 2622 119 2666 am
137 2598 235 2665 Latio
257 2599 285 2665 is
308 2607 407 2665 status
430 2608 497 2666 erat
517 2621 635 2677 rerum,
661 2608 697 2664 ut
717 2621 820 2683 neque
841 2597 959 2664 bellum
980 2614 1116 2681 nequas

65 2714 167 2760 racem
184 2692 251 2778 pati
267 2701 405 2778 possent
450 2694 491 2758 ad
507 2692 626 2759 bellum
643 2715 719 2779 opes
742 2693 883 2771 deerant,
909 2713 1020 2778 pacem
1042 2689 1083 2757 ob

65 2788 123 2876 gri
137 2787 277 2873 adempti
290 2786 429 2852 dolorem
442 2787 697 2873 aspernabantur.
721 2788 832 2854 medii‘s
846 2786 983 2855 consiliis
999 2794 1084 2851 stan·
1101 2803 1117 2853 a
1239 2859 1242 2863 ,

65 2883 132 2949 lum
150 2880 330 2959 videbatur,
353 2891 389 2946 ut
405 2882 529 2968 oppidis
548 2905 583 2947 se
601 2891 755 2961 tenerent,
778 2905 819 2949 ne
836 2882 1001 2949 lacessitus
1018 2879 1084 2946 Ro·

65 2999 168 3044 nanus
198 2997 326 3041 causam
351 2975 426 3042 belli
448 2976 576 3042 haberet
598 2985 642 3054 et,
670 2977 809 3042 sicinus
832 2977 940 3063 oppidi
961 2975 1083 3042 obsidio

65 3071 199 3138 tuntiata
217 3081 314 3147 esset,
338 3071 476 3154 undique
494 3093 534 3136 ex
550 3070 697 3137 omnibus
714 3069 839 3156 populis
858 3069 1010 3134 auxilium
1027 3067 1084 3132 ob-

65 3164 155 3232 essis
184 3163 327 3230 ferretur.
371 3186 472 3248 neque
503 3174 608 3230 tamen
639 3163 701 3230 nisi
731 3162 900 3228 admodum
930 3185 949 3226 a
974 3159 1118 3247 paucist

65 3257 183 3348 opulis
192 3257 315 3324 Pedani
328 3258 427 3324 adiuti
441 3269 523 3324 sunt.
551 3258 700 3325 Tiburtes
713 3256 986 3340 Praenestinique,
1005 3276 1084 3339 quo-

65 3379 122 3424 um
141 3375 221 3440 ager
236 3353 364 3440 propior
377 3361 457 3431 erat,
475 3351 599 3419 Pedum
611 3374 795 3440 pervenere3
813 3350 960 3418 Aricinos
971 3350 1118 3417 Lanu-5

65 3453 212 3534 inosque
229 3455 261 3512 et
273 3445 450 3513 Veliternos
463 3446 647 3513 Antiatibus
660 3446 786 3514 Volscis
805 3469 840 3514 se
857 3446 1083 3535 coniungentes

65 3542 250 3612 dAsturae
267 3540 385 3607 flumen
401 3539 550 3607 Maenius
567 3541 727 3627 inproviso
745 3541 874 3608 adortus
891 3540 982 3607 fudit.
1019 3537 1083 3605 Ca·
1101 3555 1116 3604 e

65 3639 159 3706 tillus
180 3636 222 3702 ad
234 3633 358 3701 Pedum
377 3658 449 3701 cum
464 3634 648 3705 Tiburtibus
667 3636 803 3702 maxime
821 3635 926 3701 valido
944 3634 1084 3701 exercitu

65 3734 173 3802 taiore
192 3729 290 3808 mole,
313 3750 505 3815 quamquam
522 3751 622 3814 aeque
644 3751 794 3815 prospero
817 3739 931 3796 eventu
952 3736 1081 3815 pugnat.

65 3827 225 3898 [multum
246 3825 383 3892 maxime
403 3825 567 3911 repentina
587 3823 669 3890 inter
684 3825 838 3910 proelium
855 3824 976 3909 eruptio
994 3819 1083 3904 oppi-
1101 3838 1116 3884 t

65 3943 211 3992 anorum
227 3920 318 3999 fecit,
336 3920 369 3985 in
387 3941 466 4005 quos
484 3929 573 4005 parte
590 3919 744 3986 exercitus
763 3940 914 3987 conversa
928 3913 1081 3982 Camillus
1179 3920 1213 3984 ...ζ

65 4041 114 4087 on
139 4015 287 4103 conpulit
309 4015 412 4082 solum
434 4037 488 4082 eos
510 4015 592 4084 intra
612 4015 750 4092 moenia,
777 4015 834 4081 sed
855 4011 965 4078 eodem
987 4008 1082 4074 etiam
1140 4096 1142 4100 .
