2566 4524
147 244 210 310 112
370 255 489 310 ursas
506 254 549 324 11,
568 252 610 309 so.
622 252 665 308 51.
685 236 961 327 [assare-aral

144 414 267 479 insidiis
286 413 424 479 ferocem
441 413 565 479 hostem
588 413 743 498 captandi.
783 413 922 499 gaudere
944 412 1054 491 etiam,
1080 411 1160 477 multo

111 530 297 579 esuccessu
327 508 436 574 Fabiis
468 506 633 571 audaciam
665 528 818 585 crescere3
854 505 961 591 itaque
999 520 1032 571 et
1065 528 1163 593 pecora

143 603 369 691 praedantibus
392 601 592 686 aliquotiens,
619 601 706 665 velut
728 623 803 666 casu
825 600 1025 679 incidissent,
1054 600 1164 667 obvim

145 710 217 765 aeta
238 709 270 763 et
292 696 463 784 agrestium
484 696 563 783 fuga
584 695 666 760 vasti
688 694 789 759 relicti
805 694 888 781 agri,
915 704 947 760 et
970 694 1113 761 subsidia
1126 716 1165 759 ar-

145 802 302 858 matorum
320 791 361 855 ad
378 789 529 854 arcendas
547 788 765 874 populationes
779 789 878 854 missa
891 789 1019 874 saepius
1034 788 1165 853 simulato

112 908 242 972 5quam
264 908 340 951 vero
361 907 479 971 pavore
500 884 693 970 refugerunt.
735 884 862 967 iamque
884 882 978 949 Fabii
999 884 1081 951 adeo
1107 905 1166 948 con·

146 989 336 1067 tempserunt
353 979 487 1057 hostem,
506 988 542 1043 ut
560 1001 618 1043 sua
634 979 752 1043 invicta
769 1002 857 1044 arma
873 1001 976 1064 neque
993 979 1066 1045 loco
1079 998 1167 1062 nequa

146 1087 286 1162 tempore
308 1073 372 1139 ullo
395 1075 557 1139 crederent
579 1073 726 1138 sustineri
751 1095 857 1158 posse.
901 1072 982 1139 haec
1008 1096 1084 1159 spes
1109 1094 1167 1159 pro-

145 1171 241 1248 vexit,
260 1179 295 1234 ut
312 1170 354 1234 ad
371 1176 540 1254 conspecta
556 1167 667 1252 procul
684 1191 703 1232 a
718 1166 868 1233 Cremera
885 1189 1003 1255 magno
1017 1167 1167 1254 campiin·

146 1265 275 1331 tervallo
292 1285 416 1350 pecora,
435 1284 626 1347 quamquam
639 1285 709 1326 rara
722 1261 860 1326 hostium
873 1262 1072 1348 apparebant
1084 1283 1166 1339 arma,

112 1383 128 1430 e
147 1360 354 1426 decurrerent.
395 1366 518 1422 etcum
534 1356 691 1442 inprovidi
709 1357 810 1422 effuso
829 1379 923 1422 cursu
946 1356 1081 1423 insidias
1095 1356 1167 1423 cira

145 1455 252 1541 ipsum
269 1454 329 1518 iter
345 1453 464 1517 locatas
483 1461 686 1537 superassent
701 1451 860 1537 palatique
877 1451 1000 1537 passim
1021 1474 1119 1539 vaga,
1140 1456 1167 1513 ut

146 1550 182 1614 fit
198 1570 316 1634 pavore
333 1547 457 1624 iniecto,
475 1556 620 1631 raperent
636 1569 765 1632 pecora,
784 1546 888 1613 subito
906 1569 947 1612 ex
963 1546 1090 1615 insidiis
1107 1567 1167 1613 oon·

114 1667 128 1711 r
148 1643 287 1730 surgitur
309 1651 340 1707 et
361 1642 486 1707 adversi
508 1651 540 1706 et
560 1643 699 1726 undique
721 1642 829 1707 hostes
856 1651 954 1708 erant.
991 1643 1097 1728 primo
1117 1640 1167 1707 ds·

146 1761 215 1804 mor
241 1736 439 1802 circumlatus
467 1737 628 1815 exterruit,
656 1737 729 1802 dein
755 1738 817 1802 tela
843 1737 883 1802 ab
906 1739 994 1803 omni
1019 1747 1109 1823 parte
1127 1754 1166 1801 ac-

147 1832 306 1910 cidebant,
334 1829 581 1916 coeuntibusque
602 1831 747 1897 Etruscis
769 1831 834 1896 iam
856 1831 1029 1897 continenti
1055 1830 1165 1919 agmine

148 1936 338 1992 armatorum
360 1924 474 2010 saepti,
502 1947 565 2008 quo
589 1926 690 2012 magis
714 1926 752 1991 se¹
770 1925 870 1990 hostis
888 1925 1061 2005 inferebat,
1088 1944 1165 2011 cogo·

112 2020 262 2090 abantur
282 2019 424 2084 breviore
447 2019 548 2103 spatio
571 2030 602 2084 et
623 2021 685 2106 ipsi
708 2019 816 2086 orbem
839 2021 1002 2107 colligere,
1029 2044 1112 2107 quae
1125 2038 1162 2085 rer

148 2123 179 2180 et
200 2114 389 2200 paucitatem
412 2134 520 2177 eorum
541 2113 698 2200 insignem
720 2124 751 2179 et
773 2115 1007 2180 multitudinem
1028 2114 1163 2181 Etrusco·
1201 2162 1205 2203 ·.

112 2232 217 2280 arum
235 2208 446 2293 multiplicatis
464 2209 497 2273 in
515 2220 581 2274 arto
604 2210 766 2275 ordinibus
788 2211 933 2276 faciebat.
970 2220 1040 2276 tum
1063 2212 1163 2277 omisa
1202 2268 1205 2281 .

146 2327 263 2392 pugna,
282 2327 377 2389 quam
394 2304 428 2368 in
446 2327 554 2370 omnes
572 2306 669 2391 partis
688 2329 796 2390 parem
809 2307 1017 2385 intenderant,
1036 2307 1070 2371 in
1082 2324 1162 2371 unum

147 2399 251 2464 locum
274 2422 309 2464 se
331 2422 440 2464 omnes
462 2400 621 2464 inclinant.
658 2401 779 2464 conisi
802 2400 986 2486 corporibus
1010 2400 1160 2484 armisque,

98 2514 129 2563 10
146 2517 259 2580 rupere
280 2517 380 2560 cuneo
403 2493 497 2559 viam.
538 2493 628 2557 duxit
649 2494 702 2559 via
723 2495 756 2558 in
778 2495 897 2558 editum
921 2493 1036 2561 leniter
1058 2494 1159 2561 collem·

146 2587 219 2654 inde
241 2589 343 2674 primo
364 2588 515 2652 restitere.
551 2610 640 2666 mox,
667 2597 703 2652 ut
724 2589 897 2674 respirandi
925 2588 1070 2673 superior
1089 2589 1159 2653 locu

147 2686 284 2772 spatium
302 2685 389 2749 dedit
405 2684 636 2769 recipiendique
655 2709 675 2749 a
690 2708 807 2771 pavore
830 2694 916 2750 tanto
940 2685 1096 2763 animum,
1119 2702 1159 2769 pt·

145 2780 254 2866 pulcre
276 2779 370 2843 etiam
393 2777 577 2856 subeuntes,
606 2780 812 2863 vincebatque
839 2779 955 2844 auxilio
982 2780 1047 2845 loci
1071 2774 1159 2866 pauci·
1199 2770 1205 2776 ’

147 2881 211 2949 tas,
237 2872 271 2935 ni
288 2871 363 2958 iugo
381 2871 615 2937 circummissus
634 2872 752 2938 Veiens
770 2873 804 2938 in
825 2874 974 2938 verticem
999 2874 1087 2940 collis
1104 2892 1158 2938 era·

97 2986 127 3034 11
148 2965 249 3031 sisset.
287 2965 330 3031 'ta
352 2965 494 3051 superior
514 2989 624 3031 rursus
646 2967 746 3032 hostis
769 2968 882 3032 factus.
917 2967 1014 3034 Fabii
1036 2960 1158 3035 caecini

146 3082 245 3126 unum
266 3083 375 3127 omnes
398 3059 652 3146 praesidiumque
675 3071 900 3149 expugnatum.
937 3071 1094 3129 trecentos
1116 3076 1158 3125 sex

145 3156 265 3242 perisse
284 3156 359 3221 satis
379 3155 537 3233 convenit,
560 3179 658 3219 unum
676 3166 803 3241 propter
823 3155 1024 3241 impuberem
1045 3164 1157 3223 aetatem

144 3250 302 3328 relictum,
336 3250 464 3334 stirpem
490 3250 577 3335 genti
602 3248 721 3315 Fabiae
748 3250 914 3334 dubiisque
945 3250 1044 3317 rebus
1069 3242 1158 3338 populi
1193 3282 1199 3331 '.

145 3343 284 3409 Romani
305 3367 400 3431 saepe
422 3345 508 3409 domi
528 3342 665 3428 bellique
687 3345 738 3409 vel
760 3345 933 3409 maximum
955 3345 1099 3411 futurum
1117 3362 1158 3407 au
1196 3342 1205 3353 '

146 3437 266 3502 xilium.

114 3552 127 3599 1
210 3531 269 3596 LI.
303 3529 386 3597 Cum
403 3533 482 3598 haec
500 3542 628 3619 accepta
646 3533 751 3599 clades
771 3542 827 3613 est,
845 3531 909 3598 iam
924 3532 1159 3601 C.Horatinstl
1199 3536 1205 3546 '

146 3624 186 3691 Τ.
204 3623 372 3692 Menenius
395 3628 538 3693 consules
557 3638 652 3694 erant.
689 3629 857 3694 Menenius
879 3628 1035 3697 adversus
1053 3630 1158 3695 hcm

114 3717 276 3784 evictoria
299 3720 396 3787 elatos
420 3722 585 3787 confestim
606 3722 733 3789 missus.
775 3732 841 3788 tum
864 3744 991 3807 quoque
1014 3724 1097 3791 mals
1113 3738 1159 3807 pu·
1199 3792 1205 3803 ι

145 3822 278 3901 gnatum
303 3823 351 3880 est
376 3824 408 3879 et
428 3816 605 3881 Ianiculum
635 3817 742 3884 hostes
764 3839 959 3902 occupavere
981 3817 1158 3897 obsessaque
1199 3816 1205 3837 ‘

145 3906 221 3973 urbs
244 3908 325 3973 foret
347 3932 441 3994 super
462 3908 580 3976 bellum
602 3935 727 3978 annona
748 3922 969 3998 premente-
987 3908 1157 3979 transiemul

146 4003 229 4068 enim
246 4002 375 4069 Etrusci
392 4004 533 4070 Tiberim
551 4046 607 4087 —,
634 4008 667 4072 ni
685 4007 837 4080 Horatius
856 4006 967 4073 consul
989 4030 1031 4073 ex
1048 3996 1155 4074 Volsci·
1200 4012 1205 4063 ἶ
