2566 4524
146 220 210 287 368
359 231 478 287 LIBER
493 229 560 301 VII,
579 231 677 288 17.1e.
696 234 733 301 [a.
742 248 770 286 u.
781 248 804 287 c.
813 230 966 303 ose-401]

96 411 129 461 12
145 390 266 460 Fabius
283 387 473 457 Ambustus.
508 388 702 454 insecundo
723 388 904 477 interregno
925 397 997 457 orta
1018 390 1158 457 contentio

147 495 208 566 est,
236 484 322 571 quod
343 484 407 551 duo
427 482 550 570 patricii
572 483 718 550 consules
740 484 936 563 creabantur,
959 483 1159 551 intercedenti-

146 579 270 665 busque
291 578 425 646 tribunis
447 578 584 644 interrex
600 578 720 645 Fabius
743 577 860 658 ciebat,
886 579 920 644 in
942 579 1107 649 duodecim
1123 588 1159 645 ta·

47 684 50 690 '
145 674 229 742 bulis
259 674 364 763 legem
393 695 480 752 esse,
513 682 549 738 ut
573 673 794 759 quodcumque
818 674 1016 760 postremum
1041 673 1157 761 populus
1196 750 1198 767 Ι

145 769 305 848 iussisset,
327 769 362 834 id
377 766 428 833 ius
445 775 611 852 ratumque
628 777 727 848 esset3
749 768 872 835 iussum
888 769 999 856 populi
1017 779 1050 836 et
1065 768 1158 837 suffia·

97 879 129 928 18
146 865 200 952 gia
223 885 303 929 esse.
339 885 411 928 cum
433 860 653 927 intercedendo
675 861 794 927 tribuni
814 862 892 927 nihil
915 863 1003 929 eliud
1026 884 1112 949 quam
1129 871 1158 928 ut
1196 866 1198 887 ²

146 957 307 1023 differrent
329 955 456 1023 comitia
476 954 663 1034 valuissent,
690 957 754 1022 duo
775 957 897 1043 patricii
915 958 1064 1025 consides
1080 948 1163 1023 need

146 1062 233 1131 sunt,
254 1050 292 1118 Ο.
308 1048 468 1137 Sulpicius
480 1048 610 1116 Peticus
623 1049 763 1130 tertium,
781 1047 829 1116 M.
838 1049 986 1117 Valerius
1000 1050 1157 1131 Publicola

60 1228 62 1232 Ι
146 1147 320 1230 eodemque
338 1145 389 1211 die
406 1143 625 1231 magistratum
642 1144 788 1210 iniemmt

113 1258 127 1305 1
209 1239 342 1306 XVIII.
379 1237 696 1326 Quadringentesimo
719 1263 801 1305 anno
823 1261 918 1324 quam
937 1239 1014 1306 urbs
1032 1240 1158 1307 Reum

146 1334 272 1401 condita
293 1342 372 1413 erat,
400 1333 508 1417 quinto
530 1332 688 1399 tricesimo
711 1355 806 1418 quam
828 1357 847 1399 a
866 1331 968 1401 Gallis
990 1335 1170 1422 reciperata¹

146 1429 250 1495 ablato
271 1437 345 1515 post
366 1425 567 1492 undecimum
589 1450 707 1494 annum
724 1451 745 1493 a
760 1427 853 1514 plebe
871 1428 1039 1495 consulatu
1054 1425 1158 1516 patricii

146 1522 291 1590 consules
309 1521 402 1589 ambo
421 1544 461 1587 ex
478 1522 656 1608 interregno
674 1522 893 1608 magistratum
910 1523 1024 1590 iniere:
1048 1517 1084 1590 C.
1099 1520 1158 1589 Sul-

111 1618 247 1704 2picius
263 1615 393 1682 Peticus
412 1617 551 1695 tertium,
569 1614 618 1682 M.
627 1615 775 1683 Valerius
788 1615 964 1683 Publicola
1000 1616 1157 1705 Empulum

145 1734 184 1778 eo
206 1734 288 1778 auno
310 1733 352 1777 ex
368 1708 554 1777 Tiburtibus
577 1710 662 1776 haud
684 1712 886 1777 memorando
909 1713 1080 1778 certamine
1099 1732 1158 1796 cap·

145 1817 227 1886 tum,
254 1805 322 1872 sive
344 1806 477 1871 ducrum
499 1804 664 1871 consulum
686 1805 827 1891 auspicio
848 1804 968 1871 bellum
986 1806 1032 1872 ibi
1049 1815 1158 1894 gestum

146 1911 208 1980 est,
235 1909 271 1966 ut
292 1901 445 1987 scripsere
467 1900 609 1985 quidam,
638 1922 695 1966 seu
715 1922 773 1986 per
793 1900 877 1965 idem
896 1911 1024 1988 tempus
1042 1899 1157 1985 Tarqui·

144 1994 302 2059 niensium
328 2016 453 2079 quoque
480 2003 553 2059 sunt
578 1994 692 2060 vastati
718 1995 786 2082 agri
808 1994 847 2061 ab
868 1992 1012 2082 Sulpicio
1035 1994 1156 2073 consule,

145 2110 208 2173 quo
225 2086 373 2154 Valerius
391 2088 542 2154 adversus
560 2087 709 2154 Tiburtes
726 2088 867 2176 legiones
886 2090 987 2156 duxit.

110 2195 127 2243 e
208 2181 308 2248 Domi
324 2181 427 2248 maius
444 2191 602 2248 certamen
619 2182 801 2249 consulibus
819 2206 892 2249 cum
908 2184 1005 2270 plebe
1023 2207 1061 2250 ac
1077 2183 1159 2251 tribu·

143 2277 193 2343 nis
220 2285 295 2343 erat.
334 2276 409 2342 fidei
434 2276 498 2342 iam
524 2299 614 2356 suae,
645 2300 711 2343 non
737 2277 839 2343 solum
865 2279 991 2345 virtutis
1020 2279 1159 2345 ducebmt

145 2394 229 2450 esse,
247 2380 283 2436 ut
300 2371 495 2457 accepissent
512 2370 575 2436 duo
591 2371 714 2457 patricii
732 2372 944 2452 consulatum,
962 2373 1009 2440 ita
1022 2374 1159 2440 ambobus

109 2465 283 2553 epatriciis
305 2466 467 2532 mandare:
496 2466 572 2550 quin
595 2475 649 2531 aut
671 2475 736 2532 toto
760 2467 937 2533 cedendum
955 2491 1043 2548 esse,
1067 2470 1094 2535 si
1108 2468 1162 2555 ple·

143 2559 233 2625 beius
260 2561 323 2625 iam
349 2560 551 2647 magistratus
574 2560 755 2626 consulatus
777 2561 846 2640 fiat,
873 2572 928 2627 aut
951 2572 1056 2628 totum
1076 2561 1161 2650 possi·

143 2654 295 2733 dendum,
322 2677 417 2738 quem
438 2652 672 2740 possessionem
693 2655 849 2742 integram
871 2680 891 2721 a
916 2657 1063 2743 panibus
1088 2678 1163 2723 acce·

109 2748 274 2833 epissent.
309 2746 418 2833 plebes
445 2756 554 2813 contra
579 2747 696 2812 fremit:
729 2749 807 2832 quid
833 2772 868 2814 se
891 2751 1015 2831 vivere,
1044 2751 1164 2839 quidiu

143 2849 231 2924 perte
249 2840 365 2904 civium
383 2841 516 2919 censeri,
541 2841 583 2920 si,
606 2842 691 2927 quod
713 2843 848 2909 duorum
865 2844 1035 2912 homiuum
1053 2847 1163 2924 virtute,

143 2934 186 2998 L.
207 2930 298 2999 Sexti
319 2956 357 3000 ac
380 2933 417 3000 O.
436 2935 557 3014 Licini,
586 2945 712 3022 partum
734 2937 789 3016 sit,
816 2938 850 3002 id
872 2938 1018 3007 obtinere
1041 2937 1164 3007 universi

110 3045 125 3094 6
143 3050 208 3093 non
219 3028 361 3116 possint?
381 3028 432 3094 vel
448 3053 540 3116 reges
558 3030 610 3095 vel
627 3031 822 3097 decemviros
840 3031 892 3098 vel
911 3035 939 3100 si
957 3038 1048 3118 quod
1061 3035 1164 3102 tristius

144 3124 185 3190 sit
208 3124 332 3211 imperii
356 3147 472 3190 nomen
498 3124 681 3210 patiendum
707 3148 779 3192 esse
804 3128 911 3214 potius
939 3151 1041 3214 quam
1069 3130 1163 3197 ambos

110 3218 289 3304 epatricios
316 3218 462 3284 consules
484 3219 624 3297 videant,
661 3241 720 3283 nec
753 3217 889 3286 invicem
910 3235 1066 3308 pareatur
1086 3235 1163 3310 atque

141 3313 325 3398 imperetur,
353 3314 409 3379 sed
430 3336 504 3401 pars
527 3313 626 3379 altera
641 3313 675 3379 in
692 3323 819 3382 aeterno
837 3316 972 3404 imperio
991 3320 1096 3388 locata
1110 3319 1163 3406 ple·

142 3405 216 3471 bem
246 3428 403 3491 nusquam
433 3408 494 3473 alio
524 3417 630 3474 natam
656 3431 753 3493 quam
778 3411 821 3476 ad
846 3412 1055 3483 serviendum
1079 3422 1161 3503 putet·

107 3515 125 3563 8
143 3520 207 3564 non
229 3499 342 3565 desunt
363 3501 480 3567 tribuni
502 3512 645 3569 auctores
663 3503 839 3585 turbarum,
864 3507 923 3572 sed
939 3507 1026 3576 inter
1043 3509 1161 3577 concite·

109 3613 124 3661 9
144 3602 193 3658 tos
213 3616 272 3679 per
293 3616 328 3660 se
350 3619 459 3663 omnes
477 3597 533 3663 vix
549 3598 646 3664 duces
665 3598 813 3665 eminent
850 3601 1044 3686 aliquotiens
1061 3605 1159 3671 finem

142 3687 176 3752 in
193 3709 340 3773 campum
356 3691 545 3758 descensum
562 3714 636 3759 cum
653 3702 738 3760 esset
754 3695 910 3781 multique
927 3719 987 3784 per
1006 3699 1157 3766 seditione·

141 3782 204 3847 acti
225 3783 396 3852 comitiales
419 3786 502 3866 dies,
524 3796 683 3874 postremo
705 3788 790 3856 victa
806 3794 1046 3877 perseverantis
1062 3808 1156 3860 coum·

140 3875 207 3941 lum
227 3876 340 3963 plebis.
376 3902 414 3946 eo
436 3881 525 3948 dolor
546 3884 661 3968 erupit,
684 3891 721 3948 ut
737 3882 897 3965 tribunos,
921 3897 1029 3954 actum
1046 3879 1153 3954 esso&

140 3967 283 4039 libertate
305 3973 513 4043 vociferantes
535 3977 838 4065 relinquendumque
860 4002 926 4048 non
945 4003 1087 4069 campum
1101 3978 1149 4043 im
