2566 4524
132 243 196 311 212
339 251 458 307 LIBER
475 250 548 320 1111,
567 250 609 306 19.
623 249 667 304 20.
688 248 958 319 [auam-319]
1179 334 1183 351 1

97 414 176 485 adii
191 411 315 490 volunt,
336 410 514 496 legatorum
529 407 675 474 manibus
694 405 797 473 dabo!
832 406 1009 473 mombis
1030 405 1140 473 subditis
1180 358 1183 495 l

129 507 251 574 infesta.
263 505 395 592 cuspide
409 505 443 568 in
460 526 557 569 unum
575 503 674 569 fertur
691 501 825 568 bostem.
864 524 962 587 quem
978 524 1051 567 cum
1066 502 1142 568 istun

130 624 212 687 equo
238 600 417 676 deiecisset,
449 597 615 663 confestim
640 608 671 662 et
696 597 765 682 ipse
791 596 887 663 haste.
908 596 1037 663 innixus
1066 619 1097 663 se
1118 596 1143 661 in

97 722 113 768 s
130 697 228 784 pedes
247 694 379 779 excepit.
410 693 634 779 adsurgentem
650 691 695 757 ibi
712 714 824 778 regens
837 689 977 757 umbone
993 692 1141 777 resupinet,

130 789 359 875 repetitumque
381 788 506 873 saepius
529 787 660 873 cuspide
678 787 719 851 ad
736 798 852 851 terram
869 782 990 850 adfixit.
1027 800 1090 851 tnm
1103 808 1142 850 ex·

132 884 247 970 sangui
269 884 409 948 detracta
432 882 546 968 spolia,
573 892 729 967 caputque
747 880 908 946 abscisum
924 880 1028 947 vietor
1045 879 1141 968 spiode

133 1001 248 1066 gerens
265 989 382 1042 terrore
400 977 485 1041 caesi
501 976 585 1063 regis
603 976 711 1040 bcstes
730 975 821 1039 fudit.
856 974 902 1039 ita
923 975 1065 1059 equitum
1084 996 1143 1058 quo·

98 1095 113 1144 a
132 1096 195 1157 que
212 1073 285 1137 fusa
302 1071 400 1148 acies,
418 1092 499 1155 quae
517 1093 581 1135 una
598 1069 715 1134 fecerat
733 1091 854 1154 anceps
868 1079 1041 1134 certamen.
1068 1069 1142 1133 distr·

131 1181 180 1233 tor
191 1165 368 1254 legionibus
386 1165 508 1252 fugatis·
522 1165 619 1229 instat
636 1175 667 1228 et
684 1164 726 1229 ad
743 1176 846 1228 casua
864 1163 1039 1249 conpulsos
1053 1162 1141 1229 caedit

133 1262 335 1328 Fidenatium
359 1261 486 1346 plurimi
506 1260 647 1325 locorum
668 1259 779 1323 notitia
804 1258 946 1344 effugere
971 1259 1009 1323 iu
1032 1272 1141 1325 moues

136 1357 259 1423 Cossus
277 1355 418 1420 Tiberim
436 1378 509 1420 cum
526 1355 666 1439 equitatu
683 1363 880 1418 transvectus
898 1376 940 1418 ex
957 1376 1036 1440 agro
1051 1352 1143 1419 Veien·

98 1476 113 1522 t
131 1468 205 1516 tano
223 1451 383 1535 ingentem
401 1449 511 1513 detulit
528 1449 678 1534 praedem
696 1448 736 1512 ad
754 1446 874 1513 urbem.
910 1448 993 1514 inter
1010 1448 1142 1535 proelium

132 1560 163 1609 et
185 1545 227 1608 ad
248 1558 351 1607 castra
368 1543 513 1607 Romana
533 1555 708 1628 pugnatum
731 1553 780 1606 est
801 1542 959 1608 adversus
974 1560 1093 1628 partem
1107 1562 1145 1607 ce

132 1639 254 1725 piarum
273 1637 312 1702 ab
332 1637 515 1714 Tolumnio,
538 1648 573 1701 ut
591 1649 663 1701 ante
681 1637 799 1701 dictum
817 1649 880 1714 est,
902 1638 944 1702 ad
966 1652 1071 1703 casua
1087 1636 1146 1701 nris·

97 1753 113 1803 8
133 1758 210 1799 sam.
249 1732 368 1798 Fabius
387 1731 564 1797 Vibulanus
588 1754 703 1796 corona
720 1732 856 1817 primum
873 1732 993 1797 vellum
1012 1731 1149 1807 defende

131 1830 271 1894 intentos
287 1828 400 1892 deinde
418 1827 525 1891 hostes
539 1827 572 1891 in
586 1826 704 1891 vallum
718 1849 868 1913 egressus·
879 1828 991 1892 dextra
1004 1824 1150 1914 principsli

133 1949 204 1989 cum
228 1925 341 1988 triariis
363 1935 491 2008 repente
513 1923 642 1988 invadit.
678 1945 741 2006 quo
766 1945 883 2009 pavore
908 1922 1033 1991 iniecto
1055 1922 1151 1989 aeas
1180 1982 1183 2025 Ι

134 2020 244 2094 minor,
264 2019 339 2100 quia
350 2019 515 2103 pauciores
529 2030 631 2095 erant,
650 2017 729 2104 fuga
740 2041 805 2083 non
817 2019 921 2083 minus
936 2020 1064 2105 trepida
1072 2038 1152 2104 quau

133 2112 167 2175 in
184 2114 250 2176 acie
268 2112 337 2176 fuit.

102 2227 114 2273 1
199 2205 285 2270 XX.
319 2205 473 2271 Omnibus
500 2206 578 2272 locis
604 2229 638 2272 re
664 2205 745 2272 bene
767 2218 859 2294 gesta
880 2207 1018 2273 dictator
1039 2218 1153 2275 senatus

100 2321 115 2368 2
134 2301 276 2365 consulto
290 2301 442 2385 iussuque
455 2301 563 2387 populi
576 2302 771 2387 triumphans
785 2302 817 2365 in
830 2301 941 2367 urbem
950 2304 1054 2368 rediit.
1072 2303 1153 2387 louge

133 2398 305 2459 maximum
323 2396 472 2481 triumphi
490 2396 702 2482 spectaculum
721 2397 781 2461 fuit
800 2394 927 2462 Cossus·
943 2399 1051 2483 spolia
1064 2397 1154 2483 epirus

131 2492 215 2576 regis
238 2492 392 2555 interfecti
413 2514 537 2577 gerens.
573 2491 606 2555 in
628 2513 701 2555 eum
719 2491 832 2556 milites
851 2494 992 2558 carmina
1009 2492 1154 2558 incondite

99 2606 114 2652 3
133 2601 302 2669 aequantes
326 2608 399 2650 cum
416 2586 552 2650 Romulo
576 2608 698 2652 canere.
734 2587 835 2672 spolia
852 2587 884 2651 in
903 2589 982 2653 aede
1000 2589 1090 2655 lovis
1104 2588 1153 2652 p„

131 2681 217 2742 retrii
238 2700 335 2764 prope
357 2679 485 2743 Romuli
507 2680 621 2763 spolia,
648 2702 728 2763 quae
751 2682 851 2765 prima
877 2683 984 2767 opima
1012 2683 1153 2769 appellati

133 2773 201 2836 sola
218 2795 255 2835 ee
273 2784 458 2856 tempestate
476 2787 577 2850 erant,
602 2797 674 2839 oum
697 2775 841 2839 sollemni
862 2776 1063 2843 dedicatione
1083 2778 1152 2843 douo

133 2865 210 2927 fixit.
247 2878 461 2949 averteratque
483 2867 516 2930 in
539 2890 573 2932 se
595 2892 619 2933 a.
637 2892 730 2933 curru
748 2871 907 2935 dictatoris
926 2873 1047 2939 civium
1064 2882 1151 2939 orsa

100 2980 117 3026 4
135 2957 323 3023 celebritatis
341 2959 409 3024 eius
428 2960 491 3024 diei
509 2961 649 3026 fructum
663 2986 761 3049 prope
780 2964 867 3030 solus
881 2965 1006 3031 tulerat.
1035 2969 1151 3032 dictator

132 3075 279 3118 coronam
301 3077 430 3118 auream
449 3055 562 3120 libram
578 3057 684 3141 pondo
703 3080 743 3121 ex
760 3058 887 3143 publica
904 3062 1046 3145 pecunia
1059 3056 1149 3149 popul

130 3148 220 3213 iussu
237 3150 271 3213 in
289 3147 446 3235 Capitolio
464 3149 534 3214 lovi
552 3151 669 3214 donum
686 3152 802 3236 posuit.

97 3265 113 3312 e
197 3241 311 3309 Omnis
335 3256 406 3310 ante
429 3268 479 3310 me
502 3256 644 3310 auctores
668 3259 794 3311 secutus
816 3246 859 3311 A.
880 3246 1068 3317 Cornelium
1085 3249 1148 3316 Cot·

132 3360 201 3400 sum
220 3338 380 3402 tribunum
397 3340 531 3403 militum
546 3342 684 3405 secunda
698 3341 800 3425 spolia
812 3343 920 3427 opima
932 3343 1021 3412 lovis
1037 3338 1147 3411 Faeni

99 3451 113 3498 6
132 3431 249 3516 templo
267 3433 408 3498 intulisse
432 3435 574 3520 exposui.
610 3448 762 3513 ceterum,
786 3441 1107 3526 praeterquamquod
1119 3458 1146 3501 es

130 3528 188 3590 rite
207 3527 312 3610 opime
329 3529 430 3612 spolia
447 3529 615 3607 habentur,
641 3554 723 3614 quae
745 3533 810 3595 dux
833 3533 907 3597 duci
929 3535 1078 3614 detraxit,
1102 3550 1145 3599 net

9 3640 14 3653 ·
131 3620 244 3683 ducem
263 3623 407 3687 novimus
426 3624 486 3688 nisi
505 3625 593 3689 cuius
613 3628 753 3711 auspicio
772 3626 890 3691 bellum
907 3630 1037 3714 geritur,
1056 3628 1142 3695 tinto

132 3713 200 3799 ipse
227 3716 334 3799 spoliis
361 3719 528 3805 inscriptus
555 3720 625 3785 illos
652 3744 765 3804 meque
792 3723 910 3808 arguit,
938 3727 1099 3791 consulem
1115 3740 1143 3785 es

133 3807 272 3873 Cossum
291 3811 422 3896 cepisse.

99 3924 113 3970 t
195 3904 269 3970 Hoc
292 3929 351 3992 ego
374 3931 445 3973 cum
467 3909 652 3997 Augustum
672 3910 857 3991 Caesarem,
885 3916 1075 4001 templorum
1091 3930 1140 3977 on·

132 3999 220 4064 nium
238 4002 429 4069 conditorem
449 4029 486 4071 ac
502 4008 728 4086 restitutorem,
746 4008 927 4093 ingressum
944 4012 1056 4077 sedem
1064 4009 1138 4075 see
