2566 4524
426 246 544 303 nmen
561 248 604 319 11,
622 247 664 304 eo.
685 252 723 318 [a.
736 247 838 320 oue]
1084 241 1123 307 91

90 407 213 483 lubres,
241 403 350 487 utique
376 404 484 469 Larcii
508 394 662 490 putabant
689 408 889 487 sententiam,
920 431 1001 492 quae
1028 418 1127 475 totam

90 502 188 566 fidem
214 498 347 564 tolleret.
387 498 527 563 medium
552 498 688 564 maxime
716 511 747 565 et
773 502 968 567 moderatum
994 513 1126 588 utroque

93 594 260 661 eonsilium
286 590 432 678 Verginii
458 592 645 673 habebatur3
674 595 731 660 sed
756 595 893 662 factione
918 607 1160 682 respectuquea

92 712 199 756 rerum
213 688 422 774 privatarum,
449 708 530 771 quae
548 710 672 774 semper
689 689 823 755 offecere
845 690 1046 776 officientque
1068 715 1127 778 pu-

93 783 183 850 blicis
201 781 356 858 consiliis,
374 781 501 866 Appius
519 782 595 847 vicit
612 804 649 847 ac
666 805 763 868 prope
780 782 854 861 fuit,
874 794 908 848 ut
926 785 1058 850 dictator
1074 785 1127 852 ille

93 879 175 943 idem
199 883 372 953 crearetur,
399 896 480 959 quae
501 896 553 940 res
574 876 683 959 utique
706 876 873 942 alienasset
898 877 1022 962 plebem
1045 878 1127 966 peri-
1145 903 1170 949 3.

96 971 294 1039 culosissimo
313 978 461 1054 tempore,
481 990 552 1051 cum
564 967 676 1035 Volsci
689 967 858 1054 Aequique
872 981 903 1035 et
918 968 1029 1037 Sabini
1045 973 1126 1037 forte

94 1092 153 1134 una
170 1089 284 1133 omnes
301 1066 336 1130 in
353 1065 447 1131 armis
470 1074 585 1130 essent.
623 1065 679 1131 sed
697 1088 789 1131 curae
807 1067 868 1130 fuit
890 1067 1072 1133 considibus
1095 1078 1126 1133 et
1144 1088 1160 1133 4

96 1161 270 1230 senioribus
288 1169 426 1247 patrum,
449 1170 488 1226 ut
501 1160 657 1247 inperium
676 1184 734 1226 suo
751 1162 936 1240 vehemens,
960 1172 1125 1227 mansueto

93 1257 324 1345 permitteretur
348 1255 485 1341 ingenio.
525 1253 573 1333 M,
597 1254 759 1319 Valerium
785 1256 983 1334 dictatorem,
1014 1254 1158 1323 Volesi5

94 1351 204 1428 filium,
224 1356 340 1415 creant.
366 1348 475 1434 plebes
494 1349 553 1414 etsi
571 1349 722 1414 adversus
742 1371 775 1413 se
791 1360 930 1414 creatum
942 1350 1126 1415 dictatorem

92 1445 235 1522 uidebat,
262 1455 383 1521 tamen,
410 1465 482 1509 oum
499 1445 753 1529 provocationem
770 1444 875 1509 fratris
893 1445 964 1531 lege
986 1445 1124 1524 haberet,

91 1538 174 1626 pihil
192 1560 233 1605 ex
250 1560 289 1604 ea
306 1533 530 1604 familiatriste
547 1560 606 1604 neo
624 1538 794 1624 superbum
813 1538 951 1604 timebat.
988 1541 1125 1607 edictum
1145 1558 1159 1605 6

92 1633 207 1700 deinde
225 1655 245 1698 a
261 1633 412 1698 dictatore
434 1632 629 1718 propositum
652 1632 847 1712 confirmavit
869 1633 990 1699 animos
1011 1633 1126 1700 Servili

89 1727 156 1793 sere
178 1726 319 1794 consulis
341 1727 443 1791 edicto
466 1728 665 1792 conveniens.
707 1727 764 1792 sed
786 1738 817 1791 et
839 1727 958 1792 homini
982 1737 1013 1792 et
1034 1737 1124 1814 pote-

89 1823 163 1891 stati
180 1822 296 1888 melius
313 1822 372 1887 rati
390 1822 489 1900 credi,
513 1822 630 1888 omisso
648 1823 830 1900 certamine,
850 1823 976 1886 nomina
994 1822 1123 1887 dedere:

86 1926 229 2004 quantus
242 1937 415 2000 numquam
428 1924 500 1981 ante
514 1917 679 1995 exercitus,
697 1915 838 2003 legiones
852 1917 963 1981 decem
977 1916 1123 1994 effectae3
1143 1938 1157 1984 7

86 2021 197 2083 ternae
214 2012 290 2076 inde
307 2012 399 2077 datae
418 2011 608 2090 consulibus,
628 2022 773 2096 quattuor
790 2013 923 2078 dictator
941 2035 1028 2078 usus.

156 2103 295 2171 Neciam
308 2115 430 2191 poterat
443 2105 561 2170 bellum
574 2106 701 2171 differri.
728 2104 835 2191 Aequi
843 2108 997 2172 Latinum
1010 2130 1121 2194 agrum
1140 2126 1155 2173 8

85 2201 280 2271 invaserant.
304 2209 442 2266 oratores
455 2200 644 2266 Latinorum
662 2200 702 2266 ab
721 2212 832 2266 senatu
845 2201 1002 2286 petebant,
1020 2211 1057 2265 ut
1069 2210 1124 2266 aut

85 2298 249 2362 mitterent
267 2295 443 2360 subsidium
461 2303 515 2359 aut
534 2316 568 2360 se
586 2296 672 2381 ipsos
691 2297 879 2361 tuendorum
899 2295 1010 2365 finium
1029 2318 1125 2360 causa

89 2406 201 2477 rapere
220 2410 310 2457 arma
328 2389 473 2455 sinerent.
510 2389 606 2454 tutius
624 2389 729 2455 visum
752 2399 813 2468 est,
838 2389 965 2454 defendi
986 2390 1121 2454 inermes
1141 2409 1155 2456 9

89 2483 224 2558 Latinos
244 2505 341 2566 quam
357 2483 423 2569 pati
440 2491 608 2549 retractare
625 2507 721 2548 arma.
749 2483 901 2549 Vetusius
921 2483 1030 2549 consul
1047 2483 1123 2546 mis-

94 2601 142 2645 sus
161 2588 222 2645 est.
259 2578 289 2642 is
306 2577 378 2643 finis
395 2577 651 2664 populationibus
669 2579 739 2643 fuit.
776 2600 899 2642 cessere
916 2575 1023 2661 Aequi
1041 2597 1126 2640 oam-

93 2675 146 2759 pis,
164 2674 304 2756 locoque
321 2673 422 2759 magis
440 2694 536 2757 quam
549 2672 644 2738 armis
658 2673 730 2738 freti
744 2672 875 2738 summis
891 2694 925 2737 se
938 2671 1021 2758 iugis
1036 2691 1125 2736 mon-

96 2767 166 2833 tium
185 2766 380 2832 tutabantur.

151 2862 249 2927 Alter
266 2861 377 2926 consul
398 2861 432 2926 in
449 2860 584 2928 Volscos
602 2861 777 2948 profectus,
804 2884 844 2927 ne
868 2870 899 2926 et
919 2861 989 2947 ipse
1011 2868 1124 2926 tereret
1144 2878 1175 2926 10

99 2965 231 3041 tempus,
258 2956 421 3021 vastandis
448 2957 585 3022 maxime
607 2957 691 3044 agris
718 2957 843 3022 hostem
868 2956 910 3021 ad
936 2954 1125 3021 conferenda

97 3051 221 3136 propius
244 3059 348 3116 castra
369 3050 643 3136 dimicandumque
667 3052 733 3117 acie
757 3052 881 3116 excivit.
917 3050 1021 3114 medio
1043 3050 1125 3112 inter
1143 3067 1174 3114 11

99 3153 200 3208 castra
221 3167 331 3231 campo
353 3153 426 3210 ante
449 3166 541 3211 suum
567 3145 701 3229 quisque
728 3144 847 3210 vallum
872 3143 996 3207 infestis
1025 3141 1124 3226 signis

98 3239 272 3304 consistere.
318 3238 516 3306 multitudine
551 3240 745 3325 aliquantum
775 3238 885 3304 Volsci
920 3234 1124 3320 superabant:

98 3330 196 3418 itaque
220 3333 314 3398 effusi
341 3342 372 3398 et
399 3334 601 3420 contemptim
627 3357 768 3421 pugnam
794 3333 881 3398 inire.
927 3328 1038 3395 consul
1059 3327 1174 3394 lto-12

97 3448 203 3493 manus
226 3449 286 3492 nec
306 3428 464 3512 promovit
485 3429 585 3493 aciem
611 3450 671 3493 nec
698 3428 866 3493 clamorem
888 3425 976 3491 reddi
998 3444 1123 3509 passus,

97 3520 202 3593 defixis
229 3520 304 3608 pilis
330 3530 414 3586 stare
441 3543 515 3586 suos
542 3522 647 3586 iussit:
678 3521 734 3586 ubi
760 3522 801 3586 ad
826 3543 956 3585 manum
988 3518 1125 3583 venisset

96 3612 205 3693 hostis,
233 3624 304 3680 tum
325 3625 448 3685 coortos
475 3624 541 3681 tota
566 3617 598 3680 vi
623 3615 737 3701 gladiis
764 3638 830 3680 rem
856 3636 974 3701 gerere.
1015 3609 1126 3677 Volsci
1144 3630 1175 3677 13

95 3729 186 3775 cursu
204 3718 237 3775 et
255 3709 391 3776 clamore
409 3709 487 3776 fessi
504 3732 576 3775 oum
595 3731 629 3774 se
647 3709 734 3774 velut
756 3708 953 3795 stupentibus
972 3715 1059 3771 metu
1077 3704 1126 3769 in·

95 3803 238 3870 tulissent
264 3802 432 3883 Romanis,
468 3813 636 3890 postquam
666 3804 895 3890 inpressionem
926 3823 1052 3868 sensere
1084 3822 1125 3864 ex

94 3896 227 3963 adverso
245 3895 362 3963 factam
380 3908 412 3964 et
429 3907 502 3964 ante
519 3897 626 3964 oculos
641 3898 756 3963 micare
769 3899 902 3985 gladios,
922 3895 1007 3961 haud
1021 3914 1123 3968 secus,

96 4010 188 4073 quam
206 3991 236 4057 si
253 3990 384 4069 insidias
401 3992 599 4072 incidissent,
626 3993 742 4058 turbati
759 4002 885 4058 vertunt
906 4000 1008 4078 terga,
1036 3996 1124 4051 etue
