2566 4524
323 264 443 320 amsa
459 265 532 333 ΠΗ,
550 264 661 320 17-19.
682 267 907 340 [cessaret]
1067 259 1131 327 211

95 427 308 495 Etruseorum
325 446 383 510 pro
405 423 568 489 moenibus
587 423 777 490 Fidenarum
799 426 912 512 posita.
948 436 979 492 et
1001 428 1134 494 dictator

95 522 263 588 Romanus
278 521 354 584 haut
367 519 477 604 procul
493 519 567 583 inde
585 519 626 583 ad
644 521 828 584 confluentis
847 522 988 586 consedit
1005 523 1039 587 in
1057 524 1134 589 utri-

94 639 197 700 usque
227 615 303 700 ripis
330 613 446 691 amnis,
474 636 537 696 qua
560 614 649 695 sequi
671 616 865 680 munimento
885 626 1024 702 poterat,
1049 617 1132 683 vallo

94 709 294 794 interposito.
330 719 456 793 postero
474 707 524 770 die
541 707 575 771 in
593 708 692 771 aciem
710 709 828 774 eduxit.
884 758 887 765 .

160 802 297 868 XVHl.
324 801 412 867 luter
424 801 531 866 hostes
546 802 650 866 variae
663 802 752 866 fuere
766 805 949 871 sententiae.
976 804 1131 884 Faliscus,
1152 829 1166 875 1

94 899 208 987 procul
222 897 265 962 ab
278 897 372 961 domo
385 896 527 961 militiam
542 919 635 982 aegre
645 898 777 981 patiens,
794 900 933 982 satisque
946 901 1046 965 fidens
1061 900 1131 978 sibi,

94 1014 229 1080 poscere
244 1014 398 1078 pugnam:
417 990 542 1055 Veienti
552 991 757 1074 Fidenatique
772 993 843 1076 plus
858 995 926 1077 spei
938 995 972 1058 in
981 995 1133 1059 trahendo

97 1087 180 1154 bello
198 1108 281 1151 esse.
318 1085 520 1161 Tolumnius,
545 1107 737 1168 quamquam
760 1110 886 1151 suorum
910 1088 1011 1174 magis
1029 1090 1167 1173 place-2

99 1181 172 1248 bant
190 1179 338 1256 consilia,
356 1201 396 1244 ne
413 1179 617 1265 longinquam
636 1180 778 1243 militiam
795 1204 859 1245 non
877 1194 1055 1266 paterentur
1072 1182 1100 1246 F
1101 1206 1135 1247 a

100 1276 182 1354 lisci,
204 1287 333 1361 postero
351 1274 401 1338 die
420 1297 454 1338 se
472 1291 684 1359 pugnaturum
708 1275 810 1338 edicit.
848 1276 991 1340 dictatori
1013 1299 1050 1340 ao
1067 1277 1133 1341 Ro-
1152 1297 1167 1344 3

101 1371 215 1448 manis,
236 1370 322 1453 qued
339 1369 544 1433 detrectasset
561 1391 700 1453 pugnam
715 1369 829 1447 hostis,
849 1371 944 1433 animi
958 1393 1133 1448 accessere3

101 1479 290 1552 posteroque
308 1464 373 1540 die,
395 1464 459 1526 iam
477 1462 628 1527 militibus
647 1474 749 1527 castra
768 1464 940 1547 urbemque
959 1487 993 1528 se
1011 1488 1134 1549 oppug-

103 1572 229 1624 naturos
248 1556 468 1633 frementibus,
487 1556 519 1620 ni
537 1558 628 1641 copia
644 1579 772 1644 pugnae
790 1559 858 1636 fiat,
878 1559 1035 1642 utrimque
1049 1559 1132 1623 acies

101 1653 179 1718 inter
204 1652 281 1717 bina
297 1661 410 1716 'castra
434 1651 469 1714 in
494 1652 632 1717 medium
656 1653 759 1737 campi
780 1655 962 1736 procedunt.
1003 1653 1132 1731 Veiens,
1151 1674 1168 1720 4

100 1747 299 1812 multitudine
316 1744 496 1822 abundans,
520 1746 573 1829 qui
590 1746 671 1809 inter
693 1746 923 1811 dimicationem
947 1759 1050 1810 castra
1067 1748 1134 1812 Ro-

99 1864 193 1907 mana
210 1841 457 1926 adgrederentur
474 1850 546 1925 post
567 1852 689 1904 montes
712 1841 928 1905 circummisit.
962 1842 1055 1904 trium
1077 1863 1135 1925 po-

99 1937 246 2023 pulorum
269 1935 423 1999 exercitus
445 1935 489 1999 ita
511 1935 597 1998 stetit
613 1936 798 2011 instructus,
823 1949 855 1998 ut
875 1937 1018 1999 dextrum
1037 1958 1134 1999 cornu

101 2030 261 2107 Velentes,
276 2031 436 2094 sinistrum
445 2030 563 2094 Falisci
572 2043 721 2108 tenerent,
736 2032 830 2095 medii
839 2032 1008 2095 Fidenates
1019 2045 1132 2095 essent.

103 2125 233 2190 dictator
259 2125 369 2190 dextro
395 2147 493 2189 cornu
520 2126 670 2189 adversus
693 2127 849 2202 Faliscos,
877 2127 1003 2191 sinistro
1026 2141 1167 2191 contras

104 2219 269 2287 Veientem
280 2219 478 2305 Capitolinus
490 2220 657 2303 Quinctius
671 2222 774 2284 intulit
789 2223 893 2306 signa,
913 2239 984 2286 ante
998 2222 1133 2285 mediam

67 2366 69 2373 .
101 2317 202 2382 aciem
216 2338 290 2380 oum
304 2316 443 2398 equitatu
458 2317 609 2402 magister
622 2316 761 2398 equitum
776 2316 939 2400 processit.
966 2337 1134 2400 parumper
1153 2334 1167 2381 6

101 2411 261 2477 silentium
279 2422 310 2475 et
327 2411 416 2492 quies
435 2410 495 2474 suit
512 2434 571 2475 nec
588 2410 747 2487 Etruscis,
771 2410 832 2473 nisi
850 2424 1036 2494 cogerentur
1053 2432 1135 2494 pug-

100 2528 174 2571 nam
192 2505 315 2569 inituris
334 2514 365 2569 et
383 2504 532 2569 dictatore
551 2528 656 2570 arcem
673 2505 849 2569 Romanam
868 2518 1076 2588 respectante‚
1101 2515 1135 2565 ut

70 2612 73 2617 '
103 2599 143 2665 ab
162 2598 354 2685 auguribus,
378 2599 471 2663 simul
493 2622 568 2663 aves
592 2599 649 2663 rite
673 2599 887 2675 admisissent,
911 2620 950 2661 ex
973 2596 1135 2680 conposito

103 2694 263 2760 tolleretur
288 2694 424 2778 signum..
464 2693 551 2776 quod
576 2693 699 2775 (simul)
726 2692 780 2757 ubi
808 2692 986 2778 conspexit,
1017 2691 1168 2776 primos?

101 2790 224 2873 equites
244 2787 380 2852 elamore
399 2787 523 2853 sublato
541 2787 574 2850 in
592 2787 714 2851 hostem
733 2788 846 2851 emisit.
875 2803 982 2850 secuta
995 2786 1135 2870 peditum

103 2883 187 2948 acies
209 2883 331 2969 ingenti
353 2882 386 2945 vi
408 2882 557 2946 conflixit.
597 2882 684 2945 nulla
705 2897 793 2966 parte
816 2882 956 2967 legiones
981 2880 1134 2945 Etruscae
1153 2896 1169 2943 8

103 2978 281 3044 sustinuere
307 2977 459 3062 impetum
478 2977 708 3041 Romanorum:
732 2999 827 3059 eques
847 2999 993 3039 maxume
1011 2976 1136 3038 resiste-

103 3070 176 3148 bat3
194 3072 393 3156 equitumque
411 3072 505 3158 longe
523 3072 713 3135 fortissimus
732 3073 799 3155 ipse
817 3094 872 3133 rex
892 3069 931 3134 ab
951 3070 1035 3133 omni
1049 3081 1136 3152 parte

108 3163 209 3232 effuse
225 3165 427 3249 sequentibus
446 3165 631 3248 obequitans
646 3166 798 3229 Romanis
814 3163 954 3226 trahebat
969 3177 1135 3225 certamen.

167 3258 318 3325 XVHII.
353 3259 434 3325 Erat
455 3273 520 3325 tum
543 3261 624 3324 inter
642 3261 762 3342 equites
781 3259 923 3322 tribunus
943 3257 1074 3318 militurn
1093 3255 1135 3319 A.
1156 3273 1169 3320 1

105 3351 271 3420 Cornelius
287 3354 425 3431 Cossus,
444 3354 558 3418 eximia
568 3354 797 3439 pulchritudine
812 3353 960 3436 corporis,
981 3350 1085 3413 animo
1099 3371 1137 3413 ae

103 3448 223 3514 viribus
242 3471 300 3534 par
316 3471 497 3532 memorque
516 3450 654 3535 generis,
674 3449 759 3530 quod
777 3447 1006 3531 amplissimum
1026 3467 1137 3528 accep

104 3553 170 3610 tum
189 3545 292 3609 maius
311 3546 496 3627 auctiusque
514 3544 639 3627 reliquit
657 3545 801 3628 posteris.
838 3543 864 3605 is
888 3542 959 3604 curn
979 3540 1019 3603 ad
1038 3542 1136 3622 impe·
1156 3558 1170 3603 a

105 3648 170 3703 tum
193 3638 355 3705 Tolumnii
377 3661 577 3722 quacumque
601 3661 635 3702 se
657 3638 843 3701 intendisset
866 3636 1048 3720 trepidantis
1071 3633 1137 3696 tto-
1236 3656 1241 3669 ·

104 3732 215 3799 manas
233 3735 353 3800 videret
370 3749 488 3798 turmas
506 3735 726 3819 insignemque
744 3755 815 3795 eum
833 3731 920 3815 regio
939 3730 1048 3793 habitu
1062 3728 1139 3790 voli-

106 3838 224 3895 tantem
251 3839 317 3894 tota
342 3830 408 3894 acie
436 3841 617 3915 cognosset,
651 3829 767 3891 ‘hicine
795 3827 854 3890 est’
886 3825 985 3907 inquit
1018 3832 1171 3904 ‘ruptore

108 3920 242 3989 foederis
260 3923 389 3988 humani
407 3925 600 4006 violatorque
618 3923 759 4009 gentium
778 3922 873 3984 iuris?
899 3922 960 3983 iarn
981 3941 1038 4001 ego
1057 3918 1145 3981 hanc.

108 4031 276 4085 maenam
288 4019 457 4097 victimam,
478 4019 612 4084 simodo
627 4018 726 4082 sancti
736 4017 903 4100 quicquam
918 4017 949 4077 in
964 4011 1052 4075 terris
1067 4029 1137 4072 esse

919 4114 967 4164 14*
