2566 4524
146 235 212 303 312
419 241 538 297 LIBER
554 240 610 311 VI,
628 240 704 295 6-s
725 242 800 309 [au.
810 239 909 311 asos]

147 428 244 492 quam
262 403 441 491 opinionem
459 402 499 466 de
517 400 609 466 unico
626 399 827 486 imperatore,
846 421 917 466 earn
936 423 1027 489 spem
1043 401 1155 472 dehelo

147 500 308 568 haberent.
345 520 380 563 se
402 518 477 562 vero
499 496 579 563 bene
602 517 727 581 sperare
748 503 854 582 patres
876 505 909 561 et
930 496 970 562 de
991 495 1073 565 bello
1088 488 1202 566 etta}

98 617 130 670 18
148 618 227 685 pace
248 594 459 677 universaque
480 614 514 656 re
539 590 667 677 publica
693 591 787 656 erecti
813 591 932 702 gaudio
956 591 1094 659 fremunt
1115 615 1202 689 ncc3
1198 590 1202 637 t

148 692 300 758 dictatore
316 710 467 772 umquam
485 709 566 773 opus
583 685 652 751 fore
668 708 715 750 rer
705 684 886 771 publicae,
906 709 934 752 sr
923 686 1074 754 tales
1045 710 1122 756 uros
1134 688 1202 753 in·

148 787 336 874 magistratu
347 781 472 860 habeat,
491 795 556 846 tam
570 781 799 847 concordibus
790 789 913 848 iunctos
927 783 1053 863 animis,
1070 806 1202 871 perere¹
1198 744 1202 833 l

147 891 243 967 atque
264 881 418 967 imperare
440 879 528 943 iuxta
548 887 676 963 paratos
697 876 886 964 laudemque
908 878 1104 947 conferentes
1115 882 1202 968 po}

148 977 212 1044 tius
229 976 264 1041 in
282 975 422 1039 medium
439 996 534 1059 quam
552 995 593 1038 ex
610 995 770 1039 commum
759 972 828 1039 ad
846 995 881 1039 se
897 973 1069 1042 trahentes.
1199 970 1202 1063 i

115 1092 130 1143 1
213 1069 291 1136 VH.
326 1068 452 1134 Iustitia
464 1067 587 1137 indicto
605 1068 783 1153 dilectuque
800 1067 908 1134 habito
924 1067 1043 1137 Furius
1061 1092 1098 1137 ac
1110 1067 1202 1137 Va·
1199 1128 1202 1159 ;

147 1165 244 1234 lerius
271 1167 313 1231 ad
335 1163 494 1232 Satricum
520 1163 667 1250 protecti,
694 1184 758 1248 quo
783 1185 849 1228 non
869 1162 1062 1230 Volscorum
1085 1165 1162 1232 modo

148 1262 344 1329 iuventutem
352 1258 501 1326 Antiates
514 1282 555 1325 ex
567 1281 651 1325 nova
669 1256 780 1324 subole
797 1257 926 1338 lectam,
946 1260 1004 1325 sed
1020 1261 1161 1348 ingentem

148 1356 338 1424 Latinorum
368 1355 643 1438 Hernicorumque
673 1353 872 1419 conciverant
901 1376 942 1419 ex
971 1354 1162 1443 integerrimis

149 1452 271 1518 diutina
292 1473 371 1538 pace
392 1450 528 1537 populis.
563 1449 669 1533 itaque
689 1471 792 1514 novus
814 1448 914 1515 hostis
936 1449 1037 1515 veteri
1053 1450 1163 1516 adinnc

113 1568 131 1619 ι
150 1556 202 1613 tus
220 1546 391 1613 commovit
407 1547 529 1611 animos
544 1543 651 1609 militis
664 1542 810 1610 Romani.
838 1542 924 1629 quod
935 1543 992 1610 ubi
1004 1544 1162 1611 aciemism

148 1641 316 1709 instruenti
325 1639 461 1706 Camillo
474 1639 672 1705 centuriones
685 1639 950 1718 renuntiaverunt,
969 1638 1108 1706 turbatas
1118 1637 1163 1704 mi-

148 1736 239 1803 litum
262 1744 383 1802 mentes
402 1757 488 1814 esse,
512 1734 649 1822 segniter
666 1757 754 1800 anna
770 1743 863 1820 capta
880 1733 1163 1820 cunctabundosque

149 1840 181 1898 et
205 1831 390 1898 resistentes
416 1853 562 1920 egressos
586 1830 696 1896 castris
719 1853 803 1910 esse,
830 1830 907 1915 quin
933 1853 1029 1898 voces
1056 1852 1164 1917 quoquo

148 1927 288 2005 auditas,
321 1948 394 1992 cum
420 1925 560 1991 centenis
587 1925 731 1992 hostibus
759 1925 900 2013 singulos
926 1932 1164 2014 pugnaturoset

149 2042 244 2107 aegre
270 2020 422 2085 inermem
449 2029 568 2084 tantam
597 2019 844 2100 multitudinem,
879 2021 998 2086 nedum
1029 2030 1165 2087 armaten

114 2134 131 2186 8
151 2115 298 2181 sustineri
310 2137 420 2201 posse,
439 2115 472 2180 in
485 2136 600 2200 equum
613 2115 711 2182 insilit
728 2125 849 2182 stante
867 2117 959 2204 signa
977 2115 1166 2183 obversusin

149 2210 264 2289 aciem,
282 2210 407 2276 ordines
420 2209 658 2296 interequitans:
678 2216 774 2296 ‘quae
787 2211 925 2291 tristitia,
943 2212 1074 2291 milites,
1090 2211 1166 2288 haec,

148 2327 230 2391 quae
247 2305 374 2391 insolita
392 2306 549 2372 cunctatio
567 2306 635 2372 est?
655 2305 780 2372 hostem
792 2329 834 2373 an
850 2328 902 2371 me
920 2330 961 2371 an
979 2328 1038 2373 vos
1056 2307 1166 2394 ignora·

148 2402 208 2467 tis?
234 2402 334 2469 hostis
358 2410 406 2468 est
425 2400 503 2487 quid
525 2401 611 2466 aliud
628 2424 723 2487 quam
740 2413 891 2488 perpetua
907 2402 1041 2467 materia
1057 2399 1166 2467 virtutis

113 2517 131 2565 4
147 2497 330 2586 gloriaeque
343 2496 486 2563 vestrae?
503 2519 560 2562 vos
576 2511 684 2562 contra
697 2518 748 2560 me
762 2497 852 2575 duce,
871 2506 906 2561 ut
914 2496 1058 2563 Falerios
1067 2495 1167 2564 Veios

147 2614 209 2678 que
236 2603 347 2681 captos
375 2592 461 2658 etin
483 2601 575 2679 capta
596 2593 698 2678 patria
720 2589 885 2657 Gallorum
907 2590 1050 2679 legiones
1072 2611 1166 2658 caesas

147 2698 283 2767 taceam,
311 2689 406 2753 modo
431 2686 615 2773 trigeminae
636 2686 785 2752 victoriae
807 2686 960 2773 triplicem
987 2687 1167 2774 triumphum

112 2798 130 2851 ι
148 2804 189 2848 ex
210 2782 260 2847 his
282 2781 362 2867 ipsis
380 2779 506 2846 Volscis
530 2789 560 2845 et
577 2779 701 2864 Aequis
724 2789 755 2846 et
777 2803 817 2846 cx
833 2780 962 2846 Etruria
984 2781 1105 2869 egistis.
1135 2800 1167 2846 au

145 2897 213 2954 me,
237 2876 323 2960 quod
345 2896 409 2940 non
431 2875 563 2940 dictator
584 2875 690 2954 vobis,
715 2875 771 2940 sed
789 2874 933 2940 tribunus
952 2875 1081 2963 signum
1097 2873 1167 2951 dedi,

149 2991 215 3036 non
233 2968 405 3057 agnoscitis
419 2970 552 3035 ducem?
568 2991 672 3053 neque
690 2992 750 3057 ego
768 2970 906 3035 maxima
923 2970 1057 3057 imperia
1073 2971 1166 3036 invoa

147 3064 293 3131 desidero
316 3074 347 3130 et
368 3088 425 3131 vos
447 3065 481 3129 in
498 3087 549 3129 me
567 3064 645 3129 nihil
662 3074 785 3150 praeter
801 3087 853 3130 me
870 3065 976 3151 ipsum
993 3064 1108 3132 intueri
1124 3064 1166 3130 de·

147 3168 212 3241 cet,
234 3182 338 3245 neque
357 3160 442 3226 enim
459 3159 613 3225 dictatura
630 3160 707 3224 mihi
724 3182 875 3244 umquam
893 3159 1016 3226 animos
1034 3160 1122 3240 fecit,
1139 3164 1166 3223 nt

112 3274 187 3324 sne
205 3255 334 3320 exilium
353 3255 481 3339 quidem
499 3254 625 3320 ademit.
652 3255 749 3319 iidem
762 3255 859 3342 igitur
875 3276 986 3321 omnes
1005 3277 1128 3334 sumus,
1143 3264 1166 3318 et

148 3371 221 3416 cum
248 3350 359 3414 eadem
386 3349 491 3414 omnia
516 3350 549 3413 in
575 3348 637 3415 hoc
662 3348 779 3415 bellum
806 3348 1002 3428 adferamus,
1039 3346 1166 3435 quaein

146 3444 251 3530 priora
269 3443 445 3522 attulimus,
470 3443 605 3510 eundem
622 3453 770 3510 eventum
787 3443 862 3510 belli
880 3453 1110 3530 exspectemus.
1135 3441 1167 3508 si·

147 3538 213 3603 mul
236 3537 468 3616 concurreritis,
491 3539 577 3624 quod
594 3539 728 3623 quisque
746 3538 854 3604 didicit
871 3560 908 3604 ac
931 3540 1110 3621 consuevit,
1129 3536 1166 3604 ts

148 3633 222 3697 ciet:
245 3655 303 3697 vos
322 3632 468 3713 vincetis,
487 3634 533 3698 illi
550 3634 693 3721 fugient!

114 3748 127 3796 1
211 3726 306 3793 VIII.
333 3728 419 3794 Dato
434 3729 546 3795 deinde
565 3730 656 3816 signo
674 3751 714 3795 ex
732 3751 813 3814 equo
831 3728 935 3794 desilit
952 3737 985 3795 et
1001 3728 1167 3815 proximum

147 3821 332 3911 signiferum
354 3847 451 3889 manu
472 3832 631 3910 arreptum
652 3846 760 3890 secum
781 3823 815 3888 in
831 3823 956 3890 hostem
972 3824 1056 3911 rapit
1074 3820 1166 3896 ‘intes

112 3936 128 3985 ι
146 3919 236 3984 miles
241 3917 260 3998 ,³
279 3919 444 3985 clamitans
464 3918 624 4005 ‘signum'
650 3920 736 4005 quod
752 3918 808 3985 ubi
820 3919 927 3984 videre
939 3918 1046 4006 ipsum
1060 3913 1167 3983 camit-

145 4011 212 4077 lum
228 4014 292 4079 iam
311 4013 351 4078 ad
368 4035 500 4079 munera
518 4013 657 4102 corporis
675 4022 803 4081 senecta
819 4012 994 4080 invalidum
1011 4012 1166 4079 vadentem
