2566 4524
143 253 209 319 412
349 261 467 318 nisan
482 258 685 333 v111,13.14.
705 264 780 330 [au.
792 258 885 316 aare.
898 260 965 332 uu]

146 423 210 501 die,
242 445 315 488 cum
340 421 427 508 ipsos
454 420 630 502 auxiliaque
657 441 766 484 eorum
791 419 991 503 perculisset,
1020 420 1143 507 oppidum

110 537 129 590 8
147 517 240 586 scalis
262 515 353 603 cepit.
398 515 516 601 placuit
544 515 617 578 inde
642 513 706 578 iam
728 513 846 578 maiore
869 524 985 579 conatu
1005 515 1143 598 animoque

147 612 187 680 ab
214 612 307 677 unius
334 609 564 696 expugnatione
590 607 676 674 urbis
703 608 745 672 ad
769 607 1021 694 perdomandum
1039 609 1144 674 Latium
1187 648 1190 655 ·

145 706 296 772 victorem
308 703 540 769 circumducere
554 702 734 768 exercitum.
757 723 816 767 nec
830 701 978 786 quievere
991 711 1061 769 ante
1072 724 1142 787 qmn
1188 762 1190 777 ,

146 799 356 886 expugnando
377 798 486 862 autin
507 797 697 862 deditionem
718 795 899 882 accipiendo
918 796 1058 883 singulas
1072 796 1144 863 urbes
1188 798 1190 869 ζ

111 894 277 965 aLatium
304 914 396 958 omne
422 890 593 957 subiecere.
637 890 802 976 praesidiis
828 890 901 955 inde
929 891 1082 977 dispositis
1099 911 1144 976 per
1187 878 1190 907 ¹

145 995 271 1072 recepta
293 987 408 1072 oppida
424 985 559 1051 Romam
582 985 624 1050 ad
645 984 836 1050 destinatum
858 985 1000 1050 omnium
1017 1005 1142 1051 conane

146 1079 337 1166 triumphum
356 1102 523 1144 secessere.
551 1078 675 1145 additus
692 1078 851 1165 triumpho
868 1078 983 1158 honos,
1002 1087 1144 1147 utsuua

96 1196 130 1248 10
147 1185 307 1259 equestres
318 1174 372 1251 eis,
386 1197 457 1238 rara
469 1172 523 1238 illa
536 1181 637 1238 aetate
649 1194 710 1251 res,
724 1173 757 1238 in
770 1172 839 1239 foro
851 1184 1051 1259 ponerentur.
1066 1174 1143 1260 piius·

146 1293 242 1358 quam
264 1270 396 1336 comitiis
419 1270 452 1333 in
473 1269 691 1352 insequentem
712 1291 830 1333 annum
851 1268 998 1334 consules
1015 1276 1145 1356 rogarent,

148 1364 301 1434 Camillus
319 1364 359 1428 de
376 1363 502 1428 Latinis
519 1362 644 1448 populis
662 1363 704 1428 ad
722 1371 865 1427 senatum
881 1363 1002 1428 rettulit
1018 1372 1103 1447 atque
1114 1361 1147 1425 ita

96 1482 128 1533 11
147 1459 307 1526 disseruit:
328 1464 446 1544 ‘patres
464 1457 647 1542 conscripti,
666 1457 751 1541 quod
763 1456 846 1522 bello
860 1457 1020 1540 armisque
1032 1454 1145 1541 inlatio

147 1555 306 1642 agendum
318 1554 392 1631 fuit,
411 1554 444 1618 id
456 1554 520 1618 iam
533 1553 629 1618 deum
641 1551 833 1639 benignitate
850 1574 889 1617 ac
905 1553 1021 1618 virtute
1038 1552 1147 1617 militum

96 1668 129 1720 12
147 1649 189 1715 ad
205 1648 300 1713 finem
317 1647 412 1713 venit.
457 1648 541 1713 caesi
558 1647 600 1712 ad
616 1644 741 1712 Pedum
757 1645 974 1731 Asturamque
992 1658 1066 1713 sunt
1080 1667 1147 1712 exer·

146 1742 228 1808 citus
245 1740 397 1820 hostium,
416 1741 532 1827 oppida
544 1743 661 1808 Latina
678 1741 786 1806 omnia
800 1749 832 1805 et
843 1739 980 1805 Antium
993 1763 1035 1807 ex
1045 1738 1145 1807 Volscis

146 1849 201 1905 aut
218 1838 251 1902 vi
269 1848 360 1923 capta
377 1847 432 1902 aut
448 1846 573 1923 recepta
589 1837 622 1900 in
640 1836 828 1901 deditionem
845 1837 1011 1922 praesidiis
1029 1843 1148 1929 tenente

97 1951 130 2001 18
146 1933 269 1997 vestris.
313 1931 433 2014 reliqua
451 1931 639 1997 consultatio
657 1940 719 2008 est,
738 1930 886 2014 quoniam
903 1930 1082 1997 rebellando
1097 1950 1147 1995 sae

145 2025 219 2110 pius
240 2047 298 2090 nos
317 2024 497 2102 sollicitant,
521 2046 657 2108 quonam
674 2024 768 2090 modo
784 2033 937 2111 perpetua
953 2047 1033 2111 pace
1049 2025 1147 2110 quietos

97 2139 130 2188 14
147 2118 353 2185 obtineamus.
394 2118 426 2182 di
444 2119 623 2184 inmortales
641 2121 685 2184 ita
701 2142 759 2185 vos
776 2129 920 2205 potentes
938 2121 1034 2187 huius
1051 2117 1148 2186 conell

146 2212 302 2291 fecerunt,
320 2222 369 2291 ut,
389 2213 429 2278 sit
437 2213 569 2279 Latium
582 2214 695 2279 deinde
709 2236 749 2278 an
761 2236 824 2278 non
839 2215 892 2292 sit,
911 2215 947 2280 in
957 2225 1064 2281 vestra
1075 2233 1148 2279 mauu

145 2309 316 2395 posuerint.
360 2309 465 2392 itaque
482 2330 594 2394 paoem
610 2308 715 2387 vobis,
738 2310 823 2393 quod
840 2310 882 2374 ad
897 2310 1035 2377 Latinos
1053 2310 1145 2382 stura

145 2424 255 2488 parare
271 2404 305 2467 in
317 2413 504 2490 perpetuum
515 2403 567 2468 vel
581 2403 748 2469 saeviendo
761 2403 811 2468 vel
824 2404 1019 2490 ignoscendo
1031 2401 1146 2491 potestis.

97 2516 129 2564 15
147 2496 241 2562 vultis
260 2498 426 2563 crudeliter
444 2498 606 2563 consulere
624 2499 657 2562 in
675 2498 797 2563 deditos
819 2499 998 2584 victosque:
1024 2500 1092 2565 licet
1109 2496 1146 2560 de

145 2591 209 2657 lere
232 2614 323 2657 omne
341 2593 485 2671 Latium,
512 2601 619 2657 vastas
641 2592 714 2656 inde
738 2591 921 2658 solitudines
944 2593 1062 2672 facere,
1084 2589 1147 2656 unde

148 2686 255 2750 sociali
277 2687 404 2773 egregio
427 2687 566 2751 exercitu
588 2709 644 2772 per
665 2685 765 2751 multa
782 2685 864 2751 bella
881 2709 1060 2774 magnaque
1076 2702 1147 2768 saepe
1188 2710 1190 2717 ⁴

97 2797 129 2845 re
146 2780 197 2843 usi
215 2779 304 2857 estis3
327 2779 422 2844 vultis
441 2780 584 2866 exemplo
602 2781 754 2845 maiorum
772 2803 888 2868 augere
909 2804 978 2847 rem
996 2781 1147 2848 Romano

147 2871 246 2936 victos
276 2872 310 2935 in
341 2872 498 2938 civitatem
529 2868 728 2961 accipiendo:
764 2877 895 2940 materia
926 2877 1085 2942 crescendi
1108 2891 1148 2958 per

148 2987 303 3029 summam
321 2965 453 3053 gloriam
471 2970 657 3055 suppeditat.
695 2979 777 3035 certe
794 2970 826 3034 id
844 2970 1062 3037 firmissimum
1076 2970 1147 3051 longe

97 3079 128 3127 1⁷
147 3057 313 3143 imperium
340 3070 401 3138 est,
433 3084 496 3145 quo
523 3063 722 3128 oboedientes
749 3064 896 3150 gaudent
935 3067 993 3130 sed
1019 3070 1147 3130 maruno

147 3174 227 3238 opus
245 3164 306 3232 est,
325 3155 478 3239 quidquid
492 3164 626 3221 statuere
639 3157 751 3242 placet.
779 3166 824 3222 tot
836 3158 972 3243 populos
985 3159 1066 3224 inter
1081 3173 1148 3243 spem

147 3256 328 3331 metumque
347 3271 518 3335 suspensos
536 3250 632 3314 animi
648 3249 785 3329 habetis,
805 3259 836 3315 et
852 3261 995 3318 vestram
1012 3246 1148 3336 itaquede

147 3340 193 3404 eis
216 3363 323 3407 curam
341 3365 435 3427 quam
453 3345 588 3429 primum
606 3343 728 3410 absolvi
746 3355 777 3409 et
793 3345 919 3410 illorum
937 3346 1073 3426 animos,
1093 3344 1148 3408 dun

148 3437 380 3519 exspectatione
403 3447 542 3525 stupent,
567 3461 623 3503 seu
640 3461 742 3525 poena
760 3462 817 3505 seu
833 3439 989 3506 beneficio
1005 3456 1148 3528 prosectu·

96 3545 128 3594 18
146 3527 214 3612 pan'
242 3539 372 3615 oportet.
416 3542 557 3598 nostrum
584 3533 644 3598 suit
671 3533 808 3612 efficere,
840 3543 876 3598 ut
903 3536 1046 3601 omnium
1068 3547 1149 3601 renttss

147 3619 237 3684 vobis
256 3623 297 3686 ad
315 3626 540 3691 consulendum
559 3637 697 3712 potestas
716 3637 813 3706 esset,
835 3637 980 3694 vestrum
1003 3640 1051 3696 est
1067 3630 1149 3694 deca

148 3737 221 3780 nere
240 3717 325 3800 quod
343 3720 496 3804 optimum
514 3721 604 3787 vobis
622 3723 729 3807 reique
747 3722 891 3808 publicae
911 3723 972 3788 sit'

113 3826 127 3876 1
210 3810 327 3878 ΧΠΠ.
354 3811 517 3901 Principes
527 3825 654 3881 senatus
662 3816 844 3882 relationem
852 3819 993 3884 constrlis
1003 3820 1043 3886 de
1051 3830 1148 3885 summ·

145 3925 250 3970 rerum
267 3906 408 3986 laudare,
430 3911 498 3988 sed,
519 3932 590 3975 cum
609 3911 740 3975 aliorum
759 3933 857 3977 causa
870 3912 933 3978 alia
947 3923 1045 3992 esset,
1061 3913 1100 3978 ita
1109 3926 1149 3970 ex·

146 3998 246 4081 pediri
271 4024 366 4088 posse
394 4005 557 4070 consilium
584 4005 701 4084 dicere,
737 4015 772 4070 ut
797 4028 855 4094 pro
882 4007 995 4074 merito
1022 4007 1148 4084 cuiusque
