2566 4524
272 240 391 297 mnan
408 240 507 313 vrur,
525 240 568 298 aa.
580 239 623 297 su
642 244 681 312 [a
692 240 724 297 c.
734 241 794 298 311.
803 239 910 310 310109]
1067 231 1130 298 tu
1263 261 1268 268 ·

100 403 202 487 magis
225 421 322 485 quam
343 397 461 471 iustam
481 399 595 464 necin
615 398 731 488 vulgus
754 421 850 484 quam
875 399 994 488 optimc
1016 402 1130 488 cuique

98 494 279 583 gratiorem.
318 493 444 561 iseum
468 493 640 562 identidem
664 493 769 583 legem
790 492 961 562 Aemiliam
986 495 1164 568 recitarets

98 598 324 675 auctoremque
341 588 409 656 cius
421 586 621 655 Mamercum
637 587 812 657 Aemilium
828 591 1013 658 dictatorem
1029 591 1132 659 laudi-

97 682 160 752 bus
182 683 293 765 ferret,
314 683 371 770 qui
391 682 657 770 quinquennalem
677 693 751 752 ants
772 707 937 752 censuram
955 695 987 752 et
1007 686 1132 774 longin-

97 779 220 866 quitate
236 788 426 868 potestatem
443 779 658 847 dominantem
674 780 757 847 intra
774 803 831 848 sex
843 804 989 849 mensum
1006 792 1039 848 et
1055 781 1130 848 anni

97 873 259 964 coegisset
285 874 441 963 spatium:
473 873 539 941 ‘dic
564 871 725 963 agedum,’
750 875 852 962 inquit
878 875 981 964 ‘Appi
1003 876 1128 957 Claudi,
1148 894 1165 944 t

96 969 252 1055 quidnam
269 968 410 1036 facturus
426 968 536 1049 fueris,
555 969 584 1037 si
601 992 639 1036 eo
657 978 806 1058 tempore,
824 993 888 1057 quo
907 970 945 1038 O.
963 971 1080 1038 Furius
1099 981 1130 1037 et

97 1063 147 1130 Μ.
173 1061 338 1152 Geganius
364 1086 511 1133 censores
537 1062 678 1145 fuerunt,
705 1087 817 1133 censor
837 1064 974 1134 fuisses!
1013 1083 1164 1156 negares

97 1158 229 1248 Appius
249 1157 528 1248 interrogationem
550 1160 667 1227 tribuni
688 1183 804 1249 magno
826 1182 920 1249 opere
938 1161 980 1227 ad
1001 1183 1131 1229 causam

97 1254 257 1342 pertinere
274 1277 379 1323 suam:
405 1278 481 1322 nam
503 1263 535 1322 et
556 1255 585 1321 si
606 1256 739 1323 tenuerit
759 1255 813 1323 lex
828 1255 968 1323 Aemilia
985 1277 1040 1323 eos
1058 1278 1133 1324 cen·

97 1370 202 1429 sores,
229 1370 364 1435 quorum
385 1349 419 1416 in
441 1350 628 1439 magistratu
652 1349 717 1417 lata
742 1360 840 1431 esset,
868 1350 943 1436 quis
966 1358 1039 1439 post
1059 1350 1165 1419 illosa

97 1466 249 1512 censores
274 1454 397 1512 creatos
423 1467 494 1512 eam
519 1446 624 1533 legem
649 1445 786 1533 populus
811 1445 957 1513 iussisset
981 1446 1130 1532 quodque

96 1547 295 1627 postremum
319 1537 479 1620 iussisset,
505 1539 539 1606 id
560 1540 610 1607 ius
632 1549 797 1626 ratumque
819 1549 917 1620 esset,
939 1562 1004 1607 non
1025 1549 1132 1607 tamen

96 1642 154 1699 aut
172 1654 208 1700 se
226 1642 280 1698 aut
297 1654 405 1699 eorum
423 1656 628 1719 quemquam,
650 1634 706 1720 qui
726 1644 799 1721 post
821 1656 892 1702 eam
912 1634 1018 1724 legem
1034 1631 1132 1702 latam

97 1727 197 1794 creati
214 1745 362 1794 censores
378 1738 494 1808 essent,
513 1728 613 1796 teneri
630 1750 668 1795 ea
684 1729 755 1817 lege
772 1730 923 1817 potuisse.
1218 1740 1220 1745 ’

162 1820 357 1889 ΧΧΧΙΠΙ.
388 1821 481 1889 Haec
507 1823 575 1890 sine
601 1823 695 1890 ullius
718 1823 857 1890 adsensu
877 1823 1043 1891 cavillante
1059 1821 1164 1911 Ap-l

95 1917 171 2005 pio:
199 1915 286 1996 ‘est,’
311 1917 413 2003 inquit
440 1915 609 2001 ‘Quiritem
631 1918 716 1985 illius
737 1917 838 2005 Appii
863 1916 1045 2008 progenies,
1075 1913 1151 2004 quix
1177 1966 1184 1974 ,

96 2010 259 2092 decemvir
279 2009 313 2079 in
335 2033 453 2077 annum
475 2022 598 2079 creatus
624 2013 722 2080 altero
749 2035 831 2079 anno
853 2013 979 2101 seipse
1001 2012 1128 2093 creavit,

96 2104 191 2172 tertio
216 2124 276 2170 nec
300 2104 341 2171 ab
366 2127 400 2172 se
422 2127 481 2171 nec
502 2105 543 2172 ab
565 2105 629 2172 ullo
656 2116 779 2174 creatus
804 2106 946 2195 privatus
972 2106 1077 2175 fasces
1099 2116 1132 2175 at

95 2198 266 2288 imperium
279 2198 413 2266 obtinuit
424 2222 484 2265 neo
497 2208 569 2266 ante
583 2199 792 2265 continuando
807 2200 928 2266 abstitit
945 2201 1131 2289 magistratu
1147 2217 1165 2270 s
1261 2232 1268 2243 ·

96 2316 196 2380 quam
214 2291 382 2370 obruerent
399 2316 473 2360 eum
489 2293 572 2358 male
588 2302 687 2381 parta,
702 2293 784 2360 male
796 2303 898 2382 gesta,
912 2292 994 2360 male
1010 2302 1132 2360 retenta

96 2386 241 2476 imperia.
275 2386 355 2454 haec
373 2397 422 2455 est
440 2389 550 2454 endem
568 2387 696 2467 familia,
711 2385 862 2471 Quirites,
881 2386 970 2454 cuius
987 2386 1021 2453 vi
1038 2397 1132 2473 atque
1149 2407 1165 2455 u

95 2481 221 2548 iniuriis
241 2481 384 2571 conpulsi
406 2488 545 2549 extorres
566 2481 668 2569 patria
689 2503 813 2548 sacrum
834 2474 974 2547 montem
991 2481 1129 2569 cepistis,

96 2575 191 2656 haec,
214 2571 367 2644 aduersus
390 2599 487 2663 quam
508 2576 709 2644 tribunicium
732 2576 884 2643 auxilium
905 2573 998 2644 vobis
1014 2597 1132 2663 conpa-

96 2669 203 2750 rastis,
222 2669 310 2751 haec,
327 2680 568 2760 propterquam
585 2671 648 2739 duo
666 2671 821 2738 exercitus
834 2670 1030 2738 Aventinum
1048 2671 1166 2736 inse-s

96 2764 206 2843 distis,
231 2763 324 2846 haec,
347 2788 428 2851 quae
450 2765 616 2834 faenebres
638 2766 741 2854 leges,
766 2765 860 2846 haec,
888 2787 969 2852 quae
991 2763 1131 2854 agrarias

97 2880 226 2946 semper
240 2857 437 2948 inpugnavit
473 2861 551 2926 haec
570 2860 705 2928 conubia
724 2870 851 2948 patrum
869 2868 901 2927 et
916 2858 1019 2949 plebis
1035 2860 1166 2931 inter-t

95 2953 197 3044 rupit,
223 2951 303 3020 haec
327 2953 413 3042 plebi
435 2955 476 3022 ad
502 2955 625 3020 curules
652 2954 857 3042 magistratus
878 2955 939 3022 iter
959 2953 1131 3043 obsaepsit.

94 3049 160 3118 hoc
174 3060 224 3116 ost
236 3072 353 3117 nomen
369 3048 469 3116 multo
483 3072 578 3134 quam
587 3048 830 3134 Tarquiniorum
846 3046 994 3114 infestius
1007 3048 1133 3116 restrae

96 3143 245 3214 libertati.
275 3145 360 3212 itane
377 3145 515 3224 tandem,
527 3143 617 3232 Appi
626 3142 750 3222 Claudi,
769 3165 841 3209 oum
860 3144 1050 3210 centesimus
1067 3141 1166 3210 iamo

96 3263 202 3308 annus
220 3239 263 3306 sit
279 3238 320 3306 ab
332 3237 434 3307 Mem.
442 3238 582 3306 Aemilio
599 3239 759 3319 dictatore,
777 3247 824 3306 tot
840 3257 987 3306 censores
1003 3232 1131 3316 fuerint,

95 3333 288 3402 nobilissimi
308 3333 534 3421 fortissimique
555 3332 629 3415 viri,
651 3357 745 3402 nemo
767 3355 876 3401 eorum
896 3329 1064 3402 duodecim
1084 3340 1133 3399 ta·

96 3427 191 3498 bulas
209 3429 306 3518 legit?
324 3452 418 3497 nemo
435 3429 469 3496 id
485 3429 536 3496 ius
549 3451 620 3496 esse
633 3429 719 3515 quod
735 3439 894 3517 postremo
910 3426 1049 3516 populus
1065 3426 1134 3495 ius-

98 3523 196 3592 sisset
217 3523 307 3593 sciit?
331 3523 429 3590 immo
445 3545 521 3590 vero
538 3522 641 3591 omnis
660 3521 818 3590 sciverunt
834 3531 866 3590 et
885 3521 958 3591 ideo
974 3520 1132 3592 Aemiliae
1149 3541 1165 3592 ⁷

96 3618 206 3711 potius
222 3617 287 3709 legi
302 3628 473 3707 pmsrunt
484 3641 581 3704 quarn
597 3618 644 3684 illi
660 3617 817 3704 antiquae,
830 3640 894 3705 qua
909 3617 1047 3710 primum
1059 3641 1133 3686 cen·

98 3735 188 3783 sores
207 3715 303 3782 creati
319 3724 422 3795 erant,
443 3715 519 3801 quia
533 3713 616 3781 hanc
635 3722 829 3802 postremam
844 3712 980 3784 iusserat
994 3711 1131 3804 populus

98 3819 132 3876 et
149 3807 238 3896 quia,
260 3807 316 3878 ubi
333 3810 414 3878 dnae
432 3810 605 3878 contrariae
621 3809 711 3899 leges
728 3818 817 3891 sunt,
839 3831 965 3899 semper
983 3809 1131 3892 antiquas

98 3903 236 3994 obrogat
251 3926 344 3974 nova
375 3929 417 3973 an
429 3904 490 3975 hoc
503 3906 592 3987 dicis,
605 3904 704 3995 Appi,
718 3927 784 3974 non
799 3907 899 3975 teneri
905 3902 1044 3972 Aemilia
1059 3900 1131 3992 lege
1148 3921 1165 3973 8

97 3999 277 4090 populum?
310 4022 352 4068 an
371 4000 525 4090 populum
551 4002 662 4082 teneri,
690 4012 722 4069 te
747 4023 846 4068 unum
870 3997 1015 4087 exlegem
1041 3995 1134 4066 ossei
