2566 4524
213 246 277 312 134
442 257 560 312 LIBER
576 257 635 328 111,
653 258 734 312 9.10.
753 260 829 327 [au.
841 258 933 312 enea
946 256 1011 328 293]

162 440 193 486 10
211 418 284 495 bus,
304 438 437 500 quorum
454 414 488 479 in
502 414 639 499 aliquem
653 415 807 480 saevitum
821 414 881 480 sit?
896 436 961 480 non
974 415 1066 479 illum
1083 414 1226 481 consulare

211 511 390 597 imperium,
415 509 472 575 sed
489 508 688 574 tribuniciam
709 519 898 594 potestatem
919 509 1058 575 invisam
1079 509 1228 575 intoleran-

212 608 347 689 damque
365 604 483 681 facere,
506 626 602 685 quam
619 603 775 689 placatam
792 602 1088 688 reconciliatamque
1106 603 1229 690 patribus

211 703 251 765 de
268 702 390 784 integro
408 698 442 761 in
459 697 587 780 antiqua
604 697 705 783 redigi
722 697 814 762 mala.
855 719 957 780 neque
975 697 1065 761 illum
1084 720 1122 763 se
1140 699 1232 784 depre-

161 816 192 862 11
212 795 289 871 cari,
313 816 375 876 quo
394 792 497 856 minus
515 801 627 877 pergat
648 803 684 854 ut
706 791 856 876 coeperit:
885 791 980 869 ‘vos,'
1006 792 1113 875 inquit
1129 792 1233 859 Fabius

213 888 322 952 ‘ceteri
340 886 469 962 tribuni,
489 907 628 963 oramus,
648 895 684 949 ut
700 887 836 971 primum
855 885 995 951 omnium
1013 887 1176 972 cogitetis,
1190 908 1236 971 po-

212 990 357 1046 testatem
374 981 466 1045 istam
485 980 526 1044 ad
544 979 739 1066 singulorum
757 980 921 1057 auxilium,
940 1002 1003 1044 non
1021 980 1064 1044 ad
1077 981 1236 1065 perniciem
1266 1032 1269 1037 .

211 1076 429 1141 universorum
452 1086 664 1160 comparatam
687 1097 771 1152 esse,
799 1074 941 1140 tribunos
962 1073 1066 1161 plebis
1084 1097 1146 1140 vos
1164 1097 1237 1141 cres·

163 1189 194 1236 12
214 1179 272 1248 tos,
291 1193 354 1234 non
368 1169 474 1235 hostes
488 1168 638 1255 patribus.
666 1167 757 1234 nobis
771 1169 930 1246 miserum,
949 1167 1146 1233 invidiosum
1158 1169 1237 1235 vobis

214 1275 276 1341 est,
296 1263 451 1329 desertam
469 1285 536 1326 rem
553 1262 712 1347 publicam
730 1262 846 1327 invadi.
874 1262 1000 1327 nonius
1014 1272 1173 1342 vestrum,
1191 1263 1237 1329 sed

212 1358 363 1422 invidiam
381 1356 564 1420 minueritis.
602 1355 685 1441 agite
704 1378 775 1420 cum
794 1355 928 1442 collega,
952 1366 988 1419 ut
1004 1376 1074 1420 rem
1091 1357 1237 1444 integram

213 1452 246 1515 in
255 1453 424 1516 adventum
436 1451 601 1516 consulum
611 1449 743 1514 differat.
766 1472 805 1513 ne
815 1447 922 1534 Aequi
934 1449 1065 1533 quidem
1077 1472 1119 1515 ac
1128 1449 1236 1526 Volsci,

212 1545 322 1610 morbo
340 1545 515 1629 absumptis
534 1544 636 1629 priore
650 1566 731 1608 anno
746 1543 941 1622 consulibus,
961 1543 1083 1609 enrdeli
1097 1543 1238 1631 superbo

162 1660 193 1707 13
212 1661 273 1723 que
294 1639 386 1704 nobis
408 1638 491 1704 bello
512 1637 671 1702 institere’
706 1648 805 1724 agunt
829 1661 902 1702 cum
925 1638 1099 1704 Terentilio
1122 1636 1235 1715 tribuni,

212 1736 369 1818 dilataque
391 1734 425 1797 in
448 1734 585 1819 speciem
608 1731 728 1797 actione
746 1755 781 1797 re
798 1733 868 1818 ipsa
885 1730 1009 1798 sublata
1026 1733 1176 1799 consules
1191 1754 1237 1798 ex·

212 1830 330 1914 templo
349 1828 498 1893 arcessiti.

180 1942 193 1987 1
277 1922 323 1986 X.
360 1922 529 1986 Lucretius
548 1943 620 1985 cum
637 1921 757 2007 ingenti
774 1921 904 2005 praeda,
923 1921 1042 1985 maiore
1059 1921 1161 1993 multo
1177 1919 1235 2008 glo·

211 2017 259 2080 riu
280 2015 380 2079 rediit.
422 2025 453 2078 ct
475 2025 569 2099 auget
590 2014 723 2100 gloriam
745 2015 916 2079 adveniens
938 2015 1084 2099 exposita
1107 2014 1190 2081 omni
1208 2012 1234 2077 in

213 2131 325 2193 campo
343 2107 460 2172 Martio
483 2109 612 2193 praeda,
636 2119 671 2172 ut
694 2131 786 2173 suum
808 2109 941 2192 quisque
959 2131 1015 2194 per
1033 2108 1175 2174 triduum
1190 2128 1232 2173 oo·

212 2205 335 2291 gnitum
353 2203 530 2267 abduceret.
557 2204 677 2286 reliqua
690 2204 829 2281 vendita,
849 2203 963 2288 quibus
978 2203 1177 2269 domininon
1188 2224 1233 2269 ex·

179 2314 199 2360 2r
213 2299 311 2363 titere.
353 2297 524 2363 debebatur
549 2299 689 2362 omnium
720 2320 876 2362 consensu
903 2296 1023 2361 consuli
1055 2296 1230 2385 triumphus

215 2393 270 2456 sed
297 2393 393 2457 dilata
418 2415 469 2456 res
497 2401 544 2457 est
571 2392 696 2456 tribuno
723 2393 762 2456 de
783 2392 854 2477 lege
877 2400 1003 2477 agente:
1030 2391 1065 2455 id
1087 2389 1231 2475 antiquius

179 2501 194 2548 3
212 2488 333 2552 consuli
354 2487 425 2551 fuit.
462 2487 577 2552 iactata
597 2509 654 2572 per
676 2486 793 2568 aliquot
815 2486 882 2550 dies
906 2508 978 2549 cum
999 2485 1033 2548 in
1061 2498 1173 2551 senatu
1191 2504 1230 2549 ret

211 2592 279 2646 tum
297 2584 381 2667 apud
397 2583 549 2668 populum
568 2593 625 2646 est.
663 2582 757 2645 cessit
775 2582 816 2644 ad
832 2580 977 2644 ultimum
995 2581 1156 2645 maiestati
1171 2600 1230 2645 cou-

212 2677 289 2741 sulis
305 2676 447 2740 tribrmus
462 2685 493 2740 et
507 2675 634 2739 destitit.
658 2684 724 2738 tum
732 2674 912 2759 imperatori
922 2674 1138 2758 exercituique
1146 2674 1228 2739 hono

178 2785 195 2832 4
213 2791 289 2835 suus
312 2770 466 2833 redditust
489 2768 693 2853 triumphavit
711 2771 750 2833 de
768 2769 894 2834 Volscis
911 2767 1115 2853 Aequisque,
1139 2768 1229 2833 trium·

210 2865 361 2949 phantem
383 2874 509 2927 secutae
533 2874 605 2926 sunt
625 2863 776 2950 legiones.
814 2865 903 2929 alteri
920 2863 1042 2928 consuli
1061 2865 1183 2941 datum,
1203 2864 1228 2923 ut

211 2980 309 3023 ovans
329 2959 395 3022 sine
413 2957 564 3023 militibus
582 2960 693 3024 urbem
710 2961 810 3023 iniret.

178 3066 194 3113 5
275 3052 371 3117 Anno
394 3053 506 3118 dende
528 3054 705 3138 insequenti
726 3055 779 3118 lex
803 3054 973 3119 Terentilia
995 3053 1036 3119 ab
1060 3063 1128 3119 toto
1149 3051 1227 3119 relelt

210 3147 342 3235 collegio
364 3171 463 3214 novos
487 3149 639 3236 adgressa
660 3150 804 3215 consules
829 3158 886 3214 est
923 3159 1012 3213 erant
1034 3148 1181 3214 consules
1199 3140 1225 3209 P·

176 3263 192 3310 6
209 3241 414 3321 Volumnius,
435 3241 503 3309 Ser.
521 3242 690 3330 Srdpicius.
718 3266 755 3308 eo
769 3265 852 3308 anno
866 3243 988 3308 caelum
1001 3243 1113 3308 ardere
1131 3243 1225 3313 visum,
1265 3308 1273 3315 .

210 3344 292 3400 terra
309 3337 430 3423 ingenti
448 3360 601 3402 concussa
619 3347 706 3403 motu
724 3347 785 3415 est,
809 3337 923 3402 bovem
944 3337 1102 3416 moutam,
1127 3328 1226 3402 cuirei

209 3429 312 3517 priore
330 3453 412 3495 anno
429 3432 508 3497 fides
527 3454 590 3496 non
603 3432 718 3509 fuerat,
738 3433 899 3496 creditum.
928 3432 1011 3496 inter
1023 3431 1088 3497 alia
1099 3424 1226 3519 prodigit

210 3534 241 3588 et
254 3547 346 3589 carne
358 3525 447 3609 pluit,
466 3548 560 3608 quem
573 3527 705 3590 imbrem
723 3526 834 3613 ingens
852 3548 1002 3591 numerus
1022 3527 1133 3592 avium
1147 3527 1225 3591 iuter·

209 3617 368 3683 volitando
389 3621 531 3704 rapuisse
549 3619 656 3698 fertur,
680 3621 765 3704 quod
786 3619 942 3685 intercidit
965 3643 1114 3706 sparsum
1135 3619 1178 3686 ita
1190 3614 1224 3681 is·

177 3711 314 3779 acuisse
335 3734 392 3798 per
413 3714 532 3797 aliquot
553 3715 634 3792 dies,
664 3725 697 3779 ut
719 3715 797 3779 nihil
819 3715 896 3780 odor
914 3723 1060 3779 mutaret.
1096 3713 1168 3781 libri
1181 3724 1224 3797 ptr

210 3807 392 3873 duumviros
416 3831 574 3874 sacrorum
596 3811 685 3874 aditi:
712 3810 852 3896 pericula
873 3834 893 3874 a
915 3819 1073 3875 conventu
1090 3806 1223 3892 alienige·

208 3924 320 3966 narum
345 3902 517 3988 praedicta,
548 3926 588 3968 ne
615 3905 668 3989 qni
694 3905 727 3968 in
753 3905 823 3968 loca
840 3926 964 3969 summa
989 3903 1078 3969 urbis
1104 3903 1222 3987 impetu
1266 3946 1273 3971 ι

209 3996 384 4081 caedesque
400 3995 474 4063 inde
491 3997 610 4065 fierent.
645 3999 726 4064 inter
748 4007 851 4063 cetera
868 3997 1036 4076 monitum,
1060 4006 1095 4061 ut
1113 3990 1221 4061 seditio·
