2566 4524
142 251 209 317 408
388 254 927 326 LIBERVIII‚10.11.[a..ua414]
1001 289 1006 298 ·
1049 346 1052 355 Α

143 420 271 509 pilaria,
294 418 430 484 clamme
453 416 577 483 sublato
599 416 752 503 principia
768 414 960 480 Latinorum
980 413 1144 500 perturbant

110 517 306 598 chastisque
330 536 387 580 ora
408 512 564 578 fodientes
585 511 686 598 primo
708 509 819 576 robore
843 508 985 575 virorum
1005 531 1090 575 caeso
1106 530 1146 596 pu

145 611 223 677 alios
241 607 417 694 manipulos
436 606 548 672 velut
538 628 674 672 mermes
692 626 791 691 prope
807 605 920 670 intacti
933 626 1059 671 evasere
1070 613 1147 670 lautae

145 728 207 790 que
225 703 320 770 caede
337 722 507 788 perrupere
529 722 660 779 cuneos,
687 709 723 765 ut
743 700 799 765 vix
820 709 967 784 quartam
989 707 1102 785 partem
1113 721 1147 764 ιι-

112 825 126 874 ι
144 800 321 882 linquerent
333 795 481 860 hostium.
510 792 669 860 Samnites
687 815 813 878 quoque
831 793 893 859 sub·
903 794 1066 866 ‘radicibus
1082 815 1149 858 mon·

145 893 186 956 tis
203 889 313 976 procul
330 888 474 956 instructi
495 889 667 975 praebuere
689 898 839 955 terrorem
855 889 994 954 Latinis.
1038 897 1149 954 ceterum

146 984 228 1052 inter
257 1006 367 1051 omnes
398 983 483 1049 cives
515 984 680 1067 sociosque
710 982 880 1068 praecipua
909 982 982 1048 laus
1010 982 1071 1048 eius
1090 978 1149 1047 belli

144 1101 243 1166 penes
266 1077 411 1144 consules
433 1078 507 1156 fuit,
530 1098 665 1163 quorum
686 1078 765 1143 alter
782 1078 883 1143 omnis
901 1078 1007 1144 minas
1024 1076 1151 1164 pericula-

111 1198 128 1250 8
145 1197 208 1259 que
225 1172 266 1240 ab
284 1173 352 1240 deis
371 1172 493 1260 superis
510 1172 682 1257 inferisque
698 1173 732 1237 in
750 1195 784 1237 se
801 1195 899 1238 unum
917 1173 1025 1251 vertit,
1043 1173 1112 1238 alter
1125 1193 1153 1234 ea

146 1270 260 1335 virtute
284 1289 384 1353 eoque
402 1267 532 1334 consilio
549 1267 584 1332 in
600 1267 719 1353 proelio
736 1267 809 1346 fuit,
831 1275 868 1332 ut
884 1267 980 1333 facile
998 1265 1153 1333 convenerit

145 1365 227 1430 inter
247 1364 409 1429 Romanos
430 1363 642 1447 Latinosque,
669 1363 723 1447 qui
745 1363 812 1428 eius
838 1385 967 1449 pugnae
993 1361 1154 1428 memoriam

146 1468 219 1569 post
207 1459 281 1524 teris
299 1458 506 1536 tradiderunt,
525 1457 626 1522 utrius
643 1457 795 1542 partisT.
809 1455 951 1522 Manlius
971 1457 1036 1522 dux
1052 1455 1154 1529 suaset

12 1592 14 1597 ·
113 1554 215 1625 acius
232 1552 371 1616 futuram
388 1551 474 1618 haud
491 1505 586 1618 dubie
604 1550 751 1618 fuisse
721 1561 785 1616 vrct
786 1552 893 1617 oriam.
921 1550 1154 1635 Latiniexsugu

148 1645 378 1712 seMentmnas
391 1645 597 1711 contulerunt
616 1655 684 1712 cast
684 1669 719 1711 ra
671 1646 906 1712 tsecundum
918 1645 1072 1754 proelium
1083 1652 1155 1729 eapte

77 1816 80 1823 Ι
147 1740 301 1824 multique
327 1740 474 1806 mortales
501 1740 546 1807 ibi
573 1740 638 1805 vivi
664 1740 821 1826 oppressi,
848 1741 987 1805 maxime
1011 1735 1154 1826 campan

96 1855 130 1906 ιο
145 1834 241 1901 Decii
266 1857 381 1921 corpus
402 1857 443 1899 ne
466 1857 503 1900 eo
526 1834 577 1900 die
598 1835 798 1912 inveniretur,
825 1856 889 1899 nox
910 1843 1096 1943 quaerentes
1114 1853 1154 1917 op·

147 1929 276 2014 pressit;
311 1936 438 2013 postero
469 1928 519 1993 die
548 1928 711 1993 inventum
736 1928 818 1994 inter
841 1929 1015 1994 maximam
1039 1925 1155 1994 hostium

148 2033 287 2108 stragem
305 2031 487 2108 coopertum
505 2022 589 2100 telis,
607 2022 766 2107 funusque
779 2024 809 2088 ei
821 2046 879 2109 par
892 2024 988 2089 morti
1001 2022 1156 2090 celebrante

46 2200 50 2207 1
97 2139 128 2188 ιι
149 2117 270 2202 collega
286 2113 406 2182 factum
423 2125 481 2181 est
524 2116 603 2182 illud
621 2118 820 2184 adiciendum
837 2118 972 2197 videtur,
991 2118 1084 2186 licere
1099 2138 1155 2183 con·

148 2211 210 2278 suli
227 2211 432 2296 dictatorique
451 2221 482 2276 et
498 2213 648 2298 praetori,
672 2235 744 2277 cum
761 2213 902 2300 legiones
920 2213 1061 2280 hostium
1080 2213 1156 2278 dero·

147 2315 233 2384 reat,
256 2329 320 2372 non
337 2306 512 2391 utiquese,
536 2307 593 2371 sed
614 2328 709 2391 quem
729 2307 806 2371 velit
828 2330 868 2373 ex
888 2307 1025 2394 legione·
1033 2308 1155 2374 Romus

98 2400 266 2485 rescripta
292 2401 394 2465 civem
421 2400 585 2465 devovere.
631 2401 658 2465 si
683 2402 711 2467 is
738 2401 847 2479 homo,
876 2403 931 2485 qui
957 2403 1091 2468 devotus
1114 2407 1155 2473 est,

147 2495 292 2574 moritur,
319 2494 417 2580 probe
444 2494 564 2560 factum
589 2496 702 2574 videri3
729 2497 762 2560 ni
783 2497 927 2575 moritur,
954 2511 1025 2562 tum
1052 2498 1156 2584 signum

59 2603 61 2609 '
148 2599 270 2675 septem
290 2589 388 2674 pedes
406 2590 505 2654 altum
523 2599 577 2654 aut
594 2590 696 2657 maius
714 2589 747 2655 in
765 2601 878 2656 terram
896 2590 1005 2656 defodi
1023 2602 1054 2657 et
1069 2591 1157 2678 piacu-

148 2683 254 2748 culum
271 2683 375 2748 hostia
397 2684 500 2761 caedi3
527 2682 582 2749 ubi
604 2683 681 2748 illud
704 2683 830 2771 signum
852 2684 1019 2750 defossum
1041 2686 1109 2763 erit,
1131 2702 1157 2747 eo

98 2797 129 2845 13
147 2776 366 2862 magistratum
375 2776 554 2841 Romanum
568 2777 735 2842 escendere
749 2778 799 2843 fas
817 2801 881 2843 non
899 2801 980 2844 esse.
1010 2780 1059 2845 sin
1072 2786 1157 2845 auten

149 2890 219 2934 sese
237 2869 391 2935 devovere
405 2870 502 2949 volet,
522 2870 743 2937 sicutiDecius
757 2872 898 2951 devovit,
917 2873 950 2937 ni
963 2875 1103 2951 moritur,
1119 2891 1158 2936 ne·

148 2984 210 3047 que
234 2985 326 3028 suum
348 2985 450 3048 neque
472 2965 635 3052 publicum
657 2966 797 3031 divinum
819 2989 897 3052 pure
920 2967 1017 3033 faciet
1005 2969 1089 3053 tqui
1105 2983 1157 3031 sese

147 3057 316 3123 devoverit.
361 3054 505 3125 Vulcano
528 3083 623 3125 arma
638 3061 704 3127 sive
727 3084 778 3126 cur
768 3061 848 3126 alii
866 3062 940 3127 divo
958 3085 1075 3128 vovere
1093 3059 1157 3126 volet

97 3174 130 3223 14
148 3152 215 3219 sive
234 3153 316 3218 host
294 3163 338 3218 tra
356 3154 423 3219 sive
441 3177 504 3239 quo
523 3155 583 3220 alio
601 3155 710 3220 volet
672 3165 751 3222 trus
770 3166 827 3222 est.
873 3156 950 3235 telo,
975 3179 1072 3244 super
1091 3149 1157 3241 quod

148 3260 234 3316 stans
254 3251 365 3316 consul
386 3260 494 3337 preest
494 3273 531 3315 us
555 3260 616 3329 est,
644 3252 767 3317 hostem
788 3251 882 3338 potiri
902 3251 953 3323 fas
977 3275 1043 3319 non
1064 3260 1157 3330 est;⁸¹

146 3346 293 3429 potiatur,
312 3344 410 3411 Marti
429 3345 692 3411 suovetaurilibus
709 3346 869 3432 piaculum
886 3345 965 3412 fieri.

114 3457 128 3505 1
211 3438 276 3501 ΧΙ.
311 3438 417 3518 Haec,
445 3441 505 3506 etsi
527 3441 628 3506 omnis
651 3441 748 3505 divini
769 3441 962 3526 humanique
990 3441 1087 3508 moris
1110 3456 1159 3504 me·

147 3531 247 3595 moria
265 3530 402 3597 abolevit
418 3556 503 3599 nova
519 3535 746 3622 peregrinaque
764 3535 869 3600 omnia
884 3536 1002 3621 priscis
1021 3558 1059 3602 ac
1069 3529 1158 3622 patriis

147 3623 368 3709 praeferendo,
392 3627 478 3694 haud
496 3627 535 3694 ab
553 3651 587 3693 re
606 3630 682 3693 duxi
699 3627 803 3695 verbis
822 3650 949 3714 quoque
967 3631 1048 3717 ipsis
1066 3638 1099 3695 ut
1113 3636 1159 3691 tra·

147 3717 213 3784 dita
230 3730 472 3805 nuncupataque
490 3732 564 3788 sunt
581 3722 707 3788 referre.

112 3833 129 3883 ι
210 3812 364 3879 Romanis
385 3825 459 3900 post
478 3817 633 3903 proelium
655 3818 782 3883 demum
805 3816 926 3883 factum
945 3815 1105 3885 Samnites
1120 3833 1160 3878 vt·

146 3910 232 3976 nisse
256 3909 397 3976 subsidio
420 3922 600 3999 exspectato
623 3904 738 3979 eventu
754 3935 895 4001 pugnae,
919 3914 1008 4000 apud
1025 3910 1161 3999 quosdam

113 4015 290 4074 cauctores
313 4005 449 4074 invenio.
493 4007 620 4074 Latinis
643 4029 769 4092 quoque
791 4006 831 4074 ab
853 4009 996 4076 Lavinio
1019 4007 1162 4079 auxilium,
