2566 4524
161 230 223 330 l98
448 275 565 330 LIBER
583 276 655 346 1111,
673 275 698 329 4.
719 275 902 345 [a.u.c.309]

157 437 241 522 apud
260 443 364 521 patres
383 456 453 498 esse
468 432 579 518 coepit.
606 432 722 497 tribuni
737 431 835 517 plebi,
855 431 987 510 aediles,
1007 443 1170 516 quaestores

157 530 234 594 nulli
253 540 354 594 erant:
377 528 556 591 institutum
574 537 635 603 est,
654 537 690 590 ut
707 526 825 590 fierent.
855 527 1050 592 decemviros
1067 527 1172 614 legibus

60 642 72 649 “
158 624 331 689 scribendis
354 624 436 686 intra
458 622 567 685 decem
589 620 647 685 hos
671 643 770 685 annos
796 630 828 684 et
853 621 1031 686 creavimus
1057 632 1090 687 et
1111 645 1129 687 e
1150 642 1174 686 ro

123 741 140 786 4
156 718 283 804 publica
302 716 496 782 sustulimus.
533 716 604 799 quis
627 715 763 793 dubitat,
787 715 864 799 quin
880 716 914 780 in
932 728 1096 781 aeternum
1112 716 1175 782 urbo

156 813 294 888 condita,
313 813 346 874 in
359 812 536 875 inmensum
551 820 723 887 crescente,
742 831 825 874 nova
837 809 984 895 imperia,
1004 811 1174 888 sacerdotia,

124 908 226 977 oiura
251 906 393 991 gentium
420 905 644 988 hominumque
671 904 891 968 instituantur?
920 904 982 969 hoo
1003 905 1123 990 ipsum,
1148 924 1175 969 no

157 1001 327 1067 conubium
350 1001 491 1086 patribus
514 1023 586 1064 cum
609 999 701 1084 plebe
719 1010 817 1077 esset,
840 1023 904 1064 non
922 1001 1095 1065 decemviri
1112 1000 1176 1065 tule-

155 1107 227 1160 runt
258 1095 368 1180 paucis
398 1095 447 1157 his
480 1094 570 1157 annis
596 1094 735 1178 pessimo
762 1093 935 1178 (exemplo)
961 1093 1092 1179 publico
1118 1116 1177 1158 cunr

157 1214 280 1255 sumrna
302 1189 415 1252 iniuria
437 1188 558 1273 plebis?
592 1211 633 1251 an
655 1209 727 1250 esse
744 1187 808 1251 ulla
825 1188 925 1252 maior
941 1200 996 1252 aut
1014 1188 1177 1274 insignitior

156 1285 345 1349 contumelia
363 1296 466 1369 potest
488 1305 582 1365 quam
601 1294 721 1366 partem
739 1282 874 1346 civitatis
893 1281 978 1346 velut
996 1284 1177 1348 contamina·

121 1401 136 1448 6
154 1395 217 1444 tarn
231 1381 393 1464 indignam
408 1377 542 1442 conubio
556 1376 683 1441 haberi?
700 1377 776 1460 quid
789 1388 837 1441 est
850 1377 936 1441 aliud
947 1399 1045 1460 quam
1059 1378 1175 1443 exilium

155 1475 235 1538 intra
253 1475 364 1537 eadem
382 1473 519 1548 moenia,
543 1494 639 1554 quam
656 1471 881 1557 relegationem
903 1472 988 1557 pati?
1014 1494 1056 1536 ne
1079 1471 1175 1537 adfini·

155 1568 286 1644 tatibus,
310 1590 350 1630 ne
368 1566 651 1651 propinquitatibus
670 1566 905 1642 inmisceamur,
929 1576 1057 1644 cavent,
1080 1590 1120 1632 ne
1136 1588 1175 1630 so·

123 1664 257 1731 scietur
284 1662 422 1746 sanguis.
467 1660 561 1743 quid?
592 1660 652 1724 hoc
679 1661 706 1724 si
731 1661 843 1745 polluit
868 1659 1065 1726 nobilitatem
1095 1663 1172 1727 istam

155 1772 304 1833 vestr-arn,
337 1777 432 1838 quam
458 1755 598 1839 plerique
625 1755 747 1818 oriundi
775 1777 814 1819 ex
836 1754 971 1820 Albanis
999 1767 1032 1820 et
1060 1754 1173 1823 Sabinis

152 1874 214 1914 non
233 1873 347 1936 genere
366 1872 424 1914 nec
443 1849 610 1934 sanguine,
634 1850 690 1912 sed
707 1871 764 1933 per
782 1850 1013 1934 cooptationem
1030 1850 1064 1914 in
1082 1863 1172 1937 patres

153 1945 275 2009 haberis
299 1958 353 2008 aut
375 1945 415 2008 ab
438 1943 566 2029 regibus
589 1944 660 2008 lecti
678 1956 733 2008 aut
750 1957 822 2030 post
838 1968 929 2033 reges
948 1959 1079 2012 exactos
1098 1950 1173 2012 iussu

153 2039 274 2124 populi,
303 2038 456 2101 sinceram
480 2060 605 2101 servare
627 2039 755 2123 privatis
782 2041 920 2105 consiliis
945 2064 1010 2106 non
1035 2042 1171 2128 poteratis

109 2208 112 2215 Ι
154 2156 211 2197 nec
230 2134 372 2196 ducendo
391 2156 431 2196 ex
449 2133 540 2218 plebe
558 2156 659 2217 neque
678 2145 797 2200 vestras
813 2136 899 2200 filias·
908 2160 1095 2223 sororesque
1108 2160 1171 2203 enu-

121 2248 136 2295 8
156 2228 229 2291 bere
248 2228 378 2291 sinendo
397 2250 414 2292 e
432 2227 593 2312 patribus?
619 2251 711 2292 nemo
733 2229 875 2314 plebeius
897 2232 1048 2316 patriciae
1071 2228 1170 2319 virgini

153 2322 217 2384 rinr
241 2322 390 2385 adferret:
417 2323 618 2407 patriciorum
640 2323 701 2386 ista
718 2323 826 2389 lubido
844 2336 901 2389 est.
937 2348 1032 2391 nemo
1050 2327 1168 2391 invitum

118 2437 132 2482 o
151 2418 327 2502 pactionem
351 2416 521 2502 nuptialem
540 2439 730 2499 quemquam
748 2418 852 2482 facere
871 2421 1038 2506 coegisset
1074 2442 1167 2486 verum

150 2512 232 2574 enirn
256 2535 330 2575 vero
352 2512 422 2597 lege
445 2513 477 2575 id
500 2510 664 2596 prohibere
683 2524 714 2575 et
732 2514 901 2578 conubium
919 2515 985 2578 tolli
1003 2530 1126 2601 patrum
1141 2534 1167 2578 ao

149 2605 264 2689 plebis,
283 2606 315 2668 id
334 2607 460 2668 demum
479 2606 739 2670 contumeliosum
758 2608 842 2691 plebi
860 2619 916 2673 est.
944 2632 1001 2674 cur
1019 2611 1102 2675 enim
1118 2630 1166 2674 non

101 2720 131 2783 ro
149 2700 311 2773 confertis,
335 2722 374 2762 ne
393 2700 433 2762 sit
452 2700 621 2764 conubium
639 2701 788 2766 divitibus
806 2725 843 2766 ac
861 2703 1072 2788 pauperibus?
1098 2700 1166 2789 quod

148 2796 341 2878 privatorum
364 2794 564 2857 consiliorum
588 2795 703 2878 ubique
727 2819 851 2881 semper
872 2796 946 2875 fuit,
973 2811 1009 2863 ut
1032 2801 1066 2865 iu
1087 2819 1165 2883 quam

148 2890 262 2972 cuique
276 2889 412 2952 feminae
426 2890 624 2954 convenisset
637 2891 766 2955 domum
780 2892 920 2970 nuberet,
939 2916 1057 2978 exque
1070 2907 1164 2981 paetus

152 2998 235 3046 esset
254 2985 302 3046 vir
320 2983 413 3047 domo
431 2984 463 3047 in
482 2987 713 3049 matrimonium
732 2987 872 3064 duceret,
895 2988 928 3052 id
945 3011 1003 3054 vos
1023 2990 1082 3055 sub
1100 2987 1163 3074 legis

148 3077 403 3162 superbissumae
421 3080 548 3143 vincula
565 3081 720 3158 conicitis,
745 3104 808 3164 qua
826 3082 978 3147 dirimatis
997 3085 1163 3150 societatem

98 3194 124 3239 11
145 3173 268 3238 civilem
292 3175 433 3258 duasque
455 3198 494 3239 ex
516 3199 579 3239 una
601 3176 743 3240 ciritates
766 3177 898 3243 faciatis.
934 3200 992 3242 eur
1017 3203 1081 3245 non
1106 3200 1163 3243 sao·

145 3270 229 3346 citis,
257 3293 296 3333 ne
318 3271 439 3334 vicinus
463 3271 592 3355 patricio
616 3270 656 3334 sit
677 3270 819 3356 plebeius
846 3294 904 3336 neo
930 3274 1043 3339 eodem
1070 3275 1162 3339 itinero
1207 3336 1210 3343 .

145 3375 211 3438 eat,
230 3385 270 3425 ne
288 3364 372 3427 idem
390 3365 568 3428 convivium
586 3366 683 3442 ineat,
702 3389 742 3429 ne
755 3367 788 3429 in
801 3367 870 3431 soro
883 3369 994 3433 eodem
1009 3361 1163 3434 consistat?

144 3456 220 3540 quid
243 3457 326 3519 enirn
348 3457 382 3520 in
403 3480 437 3521 re
460 3469 507 3522 est
529 3459 627 3536 aliud,
652 3461 679 3524 si
696 3460 852 3545 plebeiam
869 3462 1019 3546 patricius
1043 3461 1160 3532 durem
1208 3512 1210 3537 ;

146 3549 174 3612 si
204 3551 367 3635 patriciam
399 3552 560 3637 plebeius?
594 3554 671 3636 quid
700 3555 777 3619 iuris
808 3557 935 3620 tandem
970 3549 1162 3623 immutatur?
1208 3552 1210 3605 ἶ

96 3664 127 3712 12
145 3666 260 3728 nempe
277 3657 398 3729 patrem
417 3659 565 3711 secuntur
581 3647 680 3712 liberi.
717 3671 775 3714 nec
797 3652 883 3733 quod
904 3673 963 3716 nos
982 3674 1023 3717 ex
1042 3648 1160 3718 conubio
1208 3692 1210 3719 ;

142 3750 247 3803 vestro
269 3750 412 3823 petamus
435 3742 603 3825 quicquam
625 3756 674 3807 est
696 3758 915 3829 praeterquam
941 3756 976 3810 ut
1002 3746 1158 3818 hominum,
1205 3732 1210 3813 l

142 3843 178 3896 ut
203 3833 320 3897 cirrum
346 3858 476 3900 numero
499 3837 613 3915 simus;
639 3861 788 3916 necros,
816 3840 877 3904 nisi
898 3841 933 3903 in
953 3841 1159 3906 contumeliam
1205 3824 1210 3913 l

141 3927 407 4015 ignominiamque
433 3943 573 3997 nostram
600 3944 717 3999 certare
739 3935 841 4012 iuvat,
869 3935 954 4020 quod
978 3931 1159 4001 contendatis
1207 3956 1210 3973 ¹

143 4023 312 4108 quicquam
330 4036 387 4092 est.
