2566 4524
98 216 101 221 ’
145 243 209 309 536
415 251 534 307 urana
550 251 593 322 x,
611 249 653 306 ss.
666 249 708 304 aa
728 251 804 319 [au.
817 248 914 320 suar]

111 435 129 486 a
145 411 275 480 iubebat
292 410 525 477 nobilissimum
542 430 700 494 quemque
718 429 834 497 genere
855 407 1025 492 factisque.
1066 409 1180 496 singuli

146 505 433 574 introducebantur.
470 513 537 570 erat
553 526 626 570 oum
644 503 724 569 alius
742 512 913 589 apparatus
932 503 1025 582 sacri,
1043 504 1100 588 qui
1112 526 1181 592 per-

146 604 279 670 fundere
296 602 449 689 religione
466 599 607 665 animum
623 609 746 686 posset,
769 609 838 664 tum
854 599 889 664 in
905 599 978 665 loco
996 600 1082 667 ciros
1100 598 1180 666 omui

147 706 290 764 contecto
312 718 385 761 arae
406 694 440 760 in
461 695 565 760 medio
588 695 797 778 victimaeque
824 694 907 760 circa
929 713 1044 761 caesae
1067 705 1100 760 et
1125 694 1180 760 cir-

111 800 339 866 acumstantes
361 789 560 857 centuriones
584 789 699 857 strictis
721 788 845 877 gladiis.
886 789 1120 857 admovebatur
1140 791 1181 856 al-

147 886 266 954 taribus
288 885 391 975 magis
413 894 449 950 ut
471 884 599 951 victima
621 906 717 970 quam
738 893 774 950 ut
790 882 871 950 sacri
891 886 1054 973 particeps
1077 886 1180 974 adige·

147 982 302 1067 baturque
327 980 395 1046 iure
421 978 568 1059 iurando,
595 1001 677 1065 quae
703 979 773 1046 visa
797 979 967 1064 auditaque
994 979 1029 1045 in
1051 1003 1093 1047 eo
1116 980 1180 1046 loco

97 1097 131 1149 ιο
149 1085 254 1144 essent
294 1096 359 1140 non
376 1075 620 1141 enuntiatarum.
655 1074 760 1140 iurare
777 1073 935 1162 cogebant
956 1074 1027 1141 diro
1045 1075 1179 1162 quodam

16 1276 20 1283 '
147 1266 264 1353 posito,
286 1264 348 1330 nisi
364 1262 442 1330 isset
459 1263 494 1329 iu
509 1263 677 1350 proelium²
699 1285 763 1348 quo
779 1264 986 1350 imperatores
1009 1265 1179 1342 duxissent,

149 1369 181 1426 et
198 1358 227 1424 si
244 1369 299 1424 aut
315 1357 385 1444 ipse
403 1379 444 1424 ex
461 1356 529 1423 acie
546 1357 683 1445 fugisset
700 1366 755 1423 aut
777 1357 918 1442 siquem
940 1357 1121 1446 fugientem
1136 1359 1178 1424 vi·

97 1474 130 1527 21
150 1453 249 1520 disset
264 1475 330 1518 non
347 1451 505 1538 extemplo
523 1452 699 1518 occidisset.
725 1452 760 1517 id
775 1452 878 1538 primo
896 1452 1028 1536 quidam
1045 1452 1179 1520 abnuen-

148 1558 197 1614 tes
213 1546 369 1614 iuraturos
388 1569 423 1613 se
441 1545 618 1613 obtruncati
636 1546 719 1613 circa
736 1545 847 1612 altaria
864 1557 952 1627 sunt3
970 1547 1114 1615 iacentes
1131 1549 1178 1614 de-

148 1641 222 1708 inde
242 1641 323 1708 inter
349 1650 488 1730 stragem
509 1642 707 1707 victimarum
732 1642 921 1708 documento
948 1643 1065 1709 ceteris
1087 1643 1176 1719 fuere,

97 1757 131 1808 ta
148 1759 189 1802 ue
206 1735 389 1803 abnuerent.
423 1735 613 1824 primoribus
633 1733 823 1804 Samnitium
846 1757 884 1802 ea
901 1736 1114 1805 detestatione
1131 1736 1177 1804 ob

149 1830 265 1897 strictis
288 1830 398 1897 decem
420 1830 574 1897 nominati
595 1839 670 1898 sunt
691 1830 732 1897 ab
754 1831 957 1917 imperatore·
985 1831 1033 1898 eis
1057 1832 1175 1909 dictum,

148 1935 186 1992 ut
209 1925 259 1991 vir
280 1925 383 1991 virum
405 1925 559 2014 legerent,
587 1925 688 1992 donec
714 1925 852 1992 sedecim
873 1926 998 1992 milium
1018 1949 1175 1995 numerum

149 2019 369 2086 confecissent.
405 2041 443 2085 ea
459 2019 544 2108 legio
561 2019 691 2087 linteata
707 2018 817 2087 abt
770 2043 805 2086 m
804 2029 990 2108 tegumento
1012 2020 1175 2109 consaepti,

149 2136 212 2198 quo
230 2122 351 2179 sacrata
367 2112 515 2181 nobilitas
534 2123 611 2194 erat,
629 2115 786 2202 appellata
797 2125 856 2182 est.
881 2115 932 2182 bis
945 2139 1039 2183 arma
1050 2114 1176 2206 insignia

97 2228 132 2280 18
149 2209 223 2275 data
239 2216 272 2274 et
288 2207 433 2275 cristatae
450 2208 571 2297 galeae,
588 2219 624 2274 ut
639 2209 722 2275 inter
738 2219 858 2276 ceteros
876 2210 1063 2278 eminerent.
1093 2209 1176 2318 paulo

148 2302 220 2390 plus
234 2302 346 2391 viginti
359 2302 481 2369 milium
493 2303 574 2370 alius
588 2304 744 2372 exercitus
756 2303 818 2370 fuit
829 2325 889 2371 nec
898 2327 1070 2392 corporum
1081 2302 1175 2393 specie

148 2419 209 2464 nec
225 2397 327 2485 gloria
344 2397 419 2464 belli
435 2420 495 2465 neo
512 2408 667 2485 apparatu
682 2398 830 2465 linteatae
847 2399 968 2486 legioni
986 2400 1107 2488 dispar.
1136 2398 1176 2464 hio

149 2492 313 2559 hominum
324 2516 473 2560 numerus
488 2492 588 2579 (quod
600 2493 721 2561 roboris
736 2495 815 2580 erat)
833 2495 874 2560 ad
887 2494 1100 2581 Aquiloniam
1113 2517 1174 2562 oon·

152 2588 242 2655 sedit.

118 2701 131 2750 1
214 2680 438 2748 XXXVHII.
463 2680 621 2748 Consules
634 2681 768 2767 profecti
776 2682 817 2748 ab
831 2682 922 2749 urbe:
940 2684 1030 2769 prior
1040 2683 1099 2772 Sp.
1110 2683 1176 2750 Car·

149 2777 257 2854 vilius,
285 2776 336 2841 oui
362 2786 483 2841 veteres
509 2777 665 2864 legiones,
693 2797 774 2860 quas
795 2776 844 2843 M.
865 2776 988 2844 Atilius
1015 2776 1175 2866 superioris

150 2870 224 2934 anni
241 2868 351 2934 consul
368 2869 402 2933 in
418 2893 495 2957 agro
508 2870 713 2937 Interamnati
728 2871 907 2957 reliquerat,
926 2873 1077 2940 decretae
1090 2879 1174 2940 erunt·

115 2983 132 3034 a
150 2985 223 3027 cum
240 2962 286 3029 eis
303 2962 337 3028 in
351 2960 516 3030 Samnium
533 2965 704 3052 profectus,
722 2965 799 3031 dum
815 2967 923 3032 hostes
937 2969 1064 3054 operati
1081 2988 1176 3054 super·

151 3056 328 3124 stitionibus
346 3059 478 3125 concilia
495 3070 616 3126 secreta
633 3071 741 3148 agunt,
759 3060 962 3126 Amiternum
980 3064 1133 3150 oppidum
1143 3059 1175 3124 de

115 3170 132 3220 a
151 3150 346 3220 Samnitibus
365 3153 398 3219 vi
415 3155 507 3241 cepit.
544 3177 637 3221 caesa
652 3155 698 3222 ibi
715 3154 801 3221 milia
817 3155 983 3222 hominum
1005 3159 1072 3225 duo
1090 3158 1176 3224 ferme

150 3256 244 3332 atque
263 3248 442 3335 octingenti,
462 3259 554 3336 capta
571 3259 719 3334 quattuor
731 3248 818 3315 milia
831 3250 959 3316 ducenti
973 3252 1174 3340 septuaginta

115 3341 297 3428 ePapirius
323 3365 406 3409 novo
432 3344 572 3409 exercitu
597 3381 639 3392 -
665 3343 711 3409 ita
741 3344 825 3409 enim
855 3344 1021 3409 decretum
1054 3355 1121 3412 erat
1142 3377 1176 3392 -

151 3437 267 3521 scripto
279 3434 457 3503 Duroniam
472 3437 581 3503 urbem
596 3438 798 3525 expugnavit.
825 3437 930 3503 minus
949 3460 1051 3523 quam
1069 3440 1176 3525 collega

150 3529 238 3614 oepit
255 3528 431 3610 hominum,
458 3532 530 3619 plus
553 3532 712 3616 aliquanto
734 3531 856 3597 oceidit.
896 3534 1018 3618 praeda
1041 3534 1175 3622 opulenta

117 3622 319 3707 sutrubique
341 3635 390 3690 est
415 3636 513 3711 parta.
549 3627 622 3691 inde
647 3626 810 3713 pervagati
833 3623 1003 3693 Samnium
1032 3627 1174 3701 consules,

150 3718 287 3784 maxime
305 3719 494 3806 depopulato
507 3719 637 3786 Atinate
650 3744 738 3808 agro,
758 3719 916 3787 Carvilius
935 3722 979 3788 ad
994 3721 1173 3796 Cominium,

149 3812 296 3899 Papirius
314 3815 356 3880 ad
372 3814 592 3900 Aquiloniam,
618 3814 675 3881 ubi
692 3816 879 3881 summersi
898 3813 1094 3883 Samnitium
1111 3822 1173 3889 erat,

116 3909 301 3994 epsrvenit.
336 3910 382 3976 ibi
404 3910 597 3996 aliquamdiu
617 3932 677 3978 nec
699 3920 859 3977 cessatum
880 3910 922 3978 ab
945 3911 1046 3979 armis
1068 3922 1115 3979 est
1129 3929 1175 3976 ne·

150 4023 212 4086 que
232 4003 355 4072 naviter
374 4014 564 4093 pugnatum
590 4005 775 4073 lacessendo
801 4005 940 4092 quietos,
968 4004 1173 4075 resistentibus
