2566 4524
228 249 292 316 222
433 258 552 314 LIBER
568 257 642 329 1111,
659 257 702 312 30.
714 256 759 312 31.
778 259 817 327 [a.
825 272 854 310 u.
865 273 888 311 c.
898 256 1051 327 326-828]

228 419 362 488 torridos
380 417 484 485 fontes
501 418 650 500 rivosque
668 425 806 505 stragem
823 414 876 481 siti
892 436 1046 501 pecorum
1062 414 1235 483 morientium
1274 468 1279 475 .

228 517 328 595 dedit3
347 513 453 579 scabie
466 513 527 577 alia
544 511 721 596 absumpta.
748 510 931 598 volgatique
944 519 1095 575 contactu
1111 508 1145 574 in
1160 508 1236 575 homi·
1270 546 1279 569 .-

195 633 210 681 s
228 633 286 676 nes
296 608 407 674 morbi.
427 616 458 672 et
466 606 567 693 primo
576 606 610 669 in
619 614 759 692 agrestes
773 605 955 692 ingruerant
969 603 1166 691 servitiaque.
1180 602 1250 689 urbi,

229 705 342 771 deinde
360 703 504 788 inpletur.
540 724 599 766 nec
616 724 748 787 corpora
764 703 859 767 modo
877 700 1002 767 adlecta
1018 699 1105 779 tabo,
1124 700 1177 768 sed
1189 699 1237 765 ani·
1267 734 1279 758 ι

228 822 297 864 mos
317 819 442 882 quoque
459 796 623 882 multiplex
640 797 750 883 religio
769 805 800 862 et
820 797 971 883 pleraque
992 804 1125 862 externa
1139 793 1237 872 aaut,

228 917 328 960 novos
346 894 424 958 ritus
444 892 640 957 sacrificandi
657 892 857 957 vaticinando
874 890 1083 958 inferentibus
1097 891 1132 957 in
1143 892 1238 969 domos,
1276 908 1279 913 '

179 1011 211 1059 ιο
229 989 345 1075 quibus
363 988 508 1073 quaestui
526 996 599 1053 sunt
616 975 701 1073 capti
718 988 939 1074 superstitione
957 988 1070 1066 animi,
1089 987 1185 1053 donec
1196 1006 1240 1072 pu·

229 1085 330 1150 blicus
347 1085 411 1148 iam
428 1085 531 1170 pudor
548 1084 589 1148 ad
605 1083 758 1169 primores
777 1082 912 1148 civitatis
929 1082 1083 1169 pervenit,
1102 1090 1240 1149 amenta

227 1180 261 1244 in
279 1179 425 1245 omnibus
444 1179 523 1243 vicis
542 1178 728 1261 sacellisque
749 1178 916 1265 peregrina
937 1187 1034 1262 atque
1056 1174 1242 1262 insolitapis·

179 1295 209 1342 11
229 1274 301 1340 cula
317 1274 405 1360 pacis
424 1274 518 1337 deum
542 1273 770 1358 exposcendae.
807 1274 916 1337 datum
936 1272 1011 1337 inde
1033 1273 1191 1359 negotium
1203 1290 1242 1336 ac·

228 1368 359 1447 dilibus,
387 1377 422 1432 ut
440 1367 736 1445 animadverterent,
763 1389 805 1432 ne
826 1367 881 1451 qui
902 1367 966 1432 nisi
981 1366 1122 1433 Romani
1143 1366 1184 1432 dii
1196 1370 1258 1430 ιιι

229 1485 293 1548 quo
310 1464 372 1528 alio
389 1486 476 1528 more
494 1485 589 1546 quam
606 1462 708 1549 patrio
727 1462 912 1528 colerentur.

179 1577 211 1624 ιι
293 1557 364 1621 Irae
383 1558 535 1622 adversus
549 1555 698 1622 Veientes
717 1557 750 1621 in
763 1556 980 1641 insequentem
997 1578 1129 1635 annum,
1149 1552 1246 1622 Gaium

233 1648 402 1716 Servilium
420 1650 573 1730 Ahalam,
592 1652 634 1716 L.
654 1651 816 1738 Papirium
834 1651 1038 1738 Mugilanum
1055 1650 1193 1717 consides
1207 1646 1247 1711 (li-

180 1745 312 1814 relatae
331 1756 414 1811 sunt.
451 1757 526 1813 tune
544 1769 678 1831 quoque,
697 1770 737 1811 ne
755 1747 922 1812 confestim
941 1746 1060 1811 bellum
1077 1746 1248 1811 indiceretis

228 1863 310 1906 neve
332 1841 487 1906 exercitus
510 1842 721 1919 mitterentur,
748 1841 858 1928 religio
881 1840 1016 1906 obstitit:
1043 1840 1161 1906 fetialis
1175 1835 1248 1927 prius

180 1956 213 2004 14
230 1937 399 2000 mittendos
424 1937 465 2000 ad
490 1958 541 2000 res
568 1937 754 2021 repetendas
782 1958 942 2002 censuere.
983 1957 1057 2000 cum
1078 1932 1248 2002 Veientibus

228 2052 330 2114 nuper
347 2029 414 2093 acie
432 2029 614 2093 dimicatum
632 2031 674 2095 ad
686 2031 878 2097 Nomentum
896 2041 928 2096 et
939 2029 1081 2096 Fidenas
1099 2030 1200 2096 fuerat
1212 2027 1250 2093 iu·

230 2123 398 2206 dutiaeque
416 2122 504 2201 inde,
527 2145 590 2189 non
607 2148 670 2211 pax
687 2125 785 2204 sacta,
813 2148 945 2210 quarum
963 2135 996 2189 et
1012 2125 1084 2191 dies
1102 2125 1251 2191 exieratet

230 2228 302 2282 ante
321 2217 405 2281 diem
421 2217 662 2298 rebellaverant3
681 2220 770 2285 missi
788 2230 895 2284 tamen
912 2218 1046 2284 fetiales.
1073 2242 1137 2285 nec
1149 2234 1248 2295 eorum.¹

230 2334 304 2376 cum
321 2334 407 2376 more
425 2324 550 2398 patrum
567 2313 661 2378 iurati
678 2323 854 2399 repeterent
871 2336 932 2391 res,
950 2313 1049 2379 verba
1062 2323 1141 2380 sunt
1153 2312 1250 2379 audita.

179 2428 212 2475 15
230 2408 442 2472 controversia
458 2409 531 2473 inde
549 2408 619 2487 suit,
637 2419 743 2473 utrum
760 2409 870 2495 populi
886 2409 978 2474 iussu
993 2408 1185 2475 indiceretur
1199 2402 1252 2471 bel·

228 2501 294 2566 lum
317 2526 359 2567 an
383 2502 459 2568 satis
484 2513 569 2568 esset
591 2512 719 2569 senatus
744 2503 942 2568 consultum?
966 2504 1131 2590 pervicere
1153 2496 1251 2568 tribuni

229 2597 457 2674 denuntiando,
484 2598 679 2682 inpedituros
703 2620 737 2662 se
760 2598 922 2676 dilectum,
950 2608 986 2662 ut
1004 2594 1175 2680 Quinctius
1192 2616 1250 2661 con-

230 2690 280 2755 sul
298 2691 337 2754 de
356 2690 438 2755 bello
457 2691 498 2754 ad
515 2692 666 2776 populum
684 2691 788 2757 ferret.
825 2714 935 2757 omnes
957 2692 1120 2757 centuriae
1137 2692 1249 2757 iussus

179 2806 211 2854 16
229 2785 263 2849 in
281 2807 319 2848 eo
337 2806 462 2866 quoque
479 2784 569 2869 plebs
589 2786 731 2872 superior
747 2786 821 2864 suit,
849 2786 936 2871 quod
953 2786 1068 2865 tenuit,
1093 2808 1136 2851 ne
1154 2802 1251 2852 consu

229 2878 276 2942 les
294 2878 327 2941 in
344 2878 523 2962 proximum
540 2903 658 2945 annum
676 2891 863 2945 crearentur.

198 2994 210 3040 1
294 2971 433 3037 XXXI.
470 2972 603 3038 Tribuni
620 2975 754 3039 militum
772 2974 928 3041 consulari
944 2983 1104 3061 potestate
1122 2982 1251 3061 quattuor

231 3068 327 3133 creati
346 3078 433 3133 sunt:
453 3068 491 3134 T.
503 3068 671 3152 Quinctius
685 3069 814 3135 Pennus
834 3069 1063 3147 exconsulem,
1085 3068 1127 3136 C.
1140 3066 1248 3141 Funus

196 3160 278 3231 2M.
289 3162 483 3242 Postumius,
502 3163 545 3229 A.
562 3163 727 3230 Cornelius
748 3164 879 3230 Cossus
907 3187 947 3229 ex
964 3163 1014 3228 his
1034 3162 1162 3230 Cossus
1178 3178 1249 3249 prate

229 3258 291 3324 fuit
313 3258 398 3336 urbi,
440 3267 504 3323 tres
528 3259 622 3324 dilect
610 3269 645 3323 tu
665 3258 772 3324 habito
741 3258 927 3368 tprofecti
955 3267 1028 3323 sunt
1050 3256 1152 3324 Veios
1172 3258 1249 3323 docu-

229 3362 399 3434 mentoque
417 3352 514 3430 fuere,
533 3353 809 3438 quamplurium
800 3353 967 3438 imperium
984 3351 1069 3417 bello
1088 3351 1198 3417 inutile
1210 3368 1249 3413 es·

231 3456 342 3512 sett
329 3446 485 3512 tendendo
512 3448 552 3511 ad
580 3472 637 3513 sua
664 3447 797 3531 quisque
824 3447 967 3525 consilia,
1001 3468 1075 3511 cum
1102 3446 1188 3512 aliud
1208 3434 1247 3507 nli

197 3542 390 3607 avideretur
352 3553 619 3654 ur,aperuerunt
607 3544 677 3607 tad
695 3542 892 3609 occasionem
913 3542 1018 3607 locum
1036 3541 1133 3607 hosti.
1166 3540 1247 3605 incn-

230 3645 296 3700 tam
313 3659 450 3720 namque
468 3638 581 3716 aciem,
609 3639 735 3725 signum
753 3638 822 3703 aliis
841 3638 922 3716 dari,
949 3636 1091 3722 receptui
1108 3636 1177 3701 aliis
1192 3622 1246 3697 ced

230 3729 448 3810 iubentibus,
439 3756 582 3798 mvasere
601 3743 753 3819 oportune
770 3732 886 3797 Veient
873 3742 931 3798 tes.
968 3740 1072 3797 castra
1089 3728 1245 3837 propinq!

231 3826 373 3892 turbatos
392 3851 429 3894 ac
447 3838 535 3915 terga
553 3829 628 3893 daut
616 3838 663 3893 tes
682 3850 840 3913 accepere.
867 3827 962 3913 plus
953 3836 1060 3910 itaque
1073 3816 1244 3935 ignominlss

196 3941 214 3988 4
231 3944 327 4007 quam
350 3922 520 3987 cladist
472 3933 520 3988 est
542 3934 703 4010 acceptum
706 3971 714 3988 .
755 3931 877 3987 maesta
899 3921 1009 3987 civitas
1032 3920 1094 3985 fuit
1114 3914 1194 3985 vinci
1208 3910 1244 3975 1⁰·

232 4027 334 4082 sueta.
354 4017 481 4082 odisset
469 4017 620 4098 tribunos,
638 4041 769 4106 poscere
784 4017 1010 4098 dictatorem,
1000 4040 1035 4083 m
1047 4035 1086 4082 eo
1098 4011 1176 4081 verti
1185 4016 1240 4093 ⁵1³⁸·
