2566 4524
143 239 209 308 466
376 247 496 304 LIBER
512 245 612 318 vnn,
630 245 672 302 23.
692 248 767 316 [au.
778 243 946 317 1411111]

146 409 275 489 caedes,
297 430 364 475 non
384 406 463 495 fuga
484 404 611 471 alterius
633 403 747 492 partis,
771 405 828 470 sed
848 427 915 471 nox
931 403 1080 486 incertos,
1098 405 1161 474 uicti

111 526 129 578 1
146 506 323 574 victoresne
341 511 455 581 essent,
474 498 608 567 diremit
638 500 765 566 invenio
782 501 868 587 apud
884 501 1052 586 quosdam,
1070 502 1161 569 11111-

147 623 218 670 sam
238 621 310 668 eam
330 619 472 685 pugnam
493 593 646 662 Romanis
667 593 768 662 fuisse
790 603 885 680 atque
906 595 942 661 in
964 618 1004 663 ea
1030 596 1161 664 cecidisse

112 717 129 770 a
148 693 190 780 Q.
207 693 342 760 Aulium
359 691 546 780 magistrum
563 690 715 776 equitum.
750 689 903 757 suffectus
926 691 963 757 in
978 690 1084 759 locum
1097 690 1161 758 11111

148 790 187 858 Ο.
200 788 321 857 Fabius
339 787 491 875 magister
508 785 650 871 equitum
667 807 740 851 cum
758 785 898 852 exercitu
915 809 1005 853 novo
1022 785 1062 854 ab
1077 787 1162 854 Roma

148 883 277 952 advenit
294 891 326 949 et
342 904 400 969 per
419 881 610 970 praemissos
627 881 754 947 nuntios
772 880 918 948 consulto
936 882 1099 962 dictatore,
1118 880 1163 948 ubi

149 978 334 1047 subsisteret
351 998 455 1062 quove
472 985 613 1063 tempore
630 983 662 1041 et
678 998 743 1060 qua
759 997 800 1040 ex
815 985 904 1062 parte
927 976 1058 1044 hostem
1070 976 1162 1065 adgra-

147 1074 280 1152 deretur‚
300 1070 439 1139 substitit
456 1069 597 1136 occultus
615 1070 656 1135 ad
674 1069 780 1137 omnia
797 1071 874 1137 satis
887 1071 1064 1158 exploratis
1078 1070 1164 1139 consi·

114 1189 129 1238 1
148 1170 209 1236 liis.
241 1168 375 1235 dictator
387 1188 460 1234 cum
472 1187 530 1252 per
542 1165 662 1250 aliquot
674 1165 742 1232 dies
759 1174 832 1253 post
848 1187 995 1253 pugnam
1014 1165 1166 1235 continia-

150 1273 199 1331 set
212 1285 286 1329 suos
298 1261 381 1328 intra
392 1259 520 1338 vallum,
530 1257 654 1326 obsessi
668 1259 771 1347 magis
783 1281 879 1344 quam
888 1259 1067 1329 obsidentis
1079 1260 1167 1338 modo

112 1358 276 1445 asignum
296 1363 424 1443 repente
445 1375 571 1441 pugnae
593 1354 757 1440 proposuit
779 1362 823 1431 et,
847 1353 1013 1423 efficacius
1035 1364 1117 1422 ratus
1134 1354 1167 1420 11

149 1453 366 1520 accendendos
383 1451 522 1516 virorum
539 1448 669 1514 fortium
688 1447 825 1528 animos,
847 1448 978 1539 nnllam¹
993 1449 1070 1518 alibi
1089 1470 1168 1536 qnam

148 1548 181 1613 in
200 1555 300 1614 semet
316 1547 386 1632 ipso
408 1545 555 1629 cuiquam
576 1542 717 1609 relictam
739 1565 842 1629 spem,
865 1542 907 1610 de
925 1545 1081 1632 magistro
1097 1543 1168 1629 equi·

115 1657 131 1706 1
151 1651 218 1707 tum
239 1660 396 1724 novoque·
408 1638 547 1705 exercitu
564 1637 695 1703 militem
713 1637 827 1704 celavit
843 1648 887 1717 et,
912 1647 1078 1724 tamquam
1096 1637 1167 1705 nulla

148 1734 212 1802 nisi
227 1734 261 1800 in
278 1733 441 1820 eruptione
460 1755 533 1820 spes
552 1740 649 1812 esset:
678 1731 783 1799 ‘locis’
803 1731 906 1817 inquit
930 1734 1104 1822 ‘angustia
1121 1731 1167 1798 mi·

148 1829 235 1908 lites,
257 1826 469 1917 deprehensi,¹
481 1826 544 1894 nisi
565 1849 661 1912 qnam
677 1825 807 1892 victoria
826 1827 1074 1914 patefecerimus
1090 1826 1166 1903 viam

99 1943 132 1992 ιο
148 1924 267 1991 nullam
281 1921 445 1989 habemus.
473 1921 587 1988 stativa
598 1929 706 1988 nostra
718 1921 913 1988 munimento
927 1923 1008 1990 11111
1022 1931 1091 1990 tuta
1101 1927 1167 1998 suut

128 2097 130 2101 ι
151 2018 209 2083 sed
225 2016 332 2102 inopia
350 2017 461 2081 eadem
477 2015 607 2082 infesta:
624 2038 699 2081 nam
716 2023 748 2081 et
765 2015 849 2082 circa
866 2015 976 2083 omnia
994 2018 1167 2092 defecerunt,

150 2111 235 2177 unde
257 2108 391 2176 subvehi
413 2118 606 2176 commeatus
624 2118 781 2197 poterant,
804 2118 848 2189 et,
868 2110 896 2176 si
913 2111 1063 2180 homines
1078 2112 1168 2178 turm

100 2225 130 2274 11
149 2203 260 2284 velint,
283 2200 391 2289 iniqua
411 2203 482 2270 loca
504 2212 587 2270 sunt
626 2203 733 2288 itaque
758 2207 824 2270 non
845 2204 1026 2274 frustrabor
1047 2227 1106 2295 ego
1123 2223 1168 2270 vot

150 2307 254 2367 eastra
270 2297 323 2365 hic
339 2297 558 2385 relinquendo,
575 2297 610 2363 in
627 2319 708 2382 quae
724 2297 842 2364 infecta
859 2298 1008 2381 victoria,
1027 2296 1168 2386 111111111-

149 2393 231 2458 stino
245 2393 305 2472 die,
320 2415 377 2459 vos
391 2392 562 2479 recipiatis.
590 2392 686 2456 armis
707 2393 912 2472 munimenta,
925 2416 995 2460 non
1011 2394 1168 2460 munimen·

12 2528 16 2532 ·
98 2488 188 2557 11111
211 2510 300 2553 arma
324 2496 393 2556 tuta
418 2508 489 2554 esse
516 2483 640 2552 debent.
686 2494 789 2552 castra
813 2484 952 2552 habeant
979 2497 1167 2576 repetantque
1207 2501 1209 2509 ·

44 2585 45 2590 ’
148 2583 264 2668 quibus
287 2591 431 2670 operaest
456 2582 578 2648 trahere
600 2579 732 2646 bellumr
758 2602 817 2648 nos
840 2582 985 2648 omnium
1007 2606 1113 2650 rerum
1133 2601 1168 2648 rc·
1206 2594 1209 2655 ,’

97 2699 130 2746 13
149 2687 293 2763 spectum
317 2685 537 2763 praeterquam
561 2675 712 2741 victoriae
737 2674 828 2741 nobis
851 2675 1069 2745 abscidamus.
1106 2675 1170 2743 fau

149 2772 241 2857 signa
253 2771 287 2834 in
299 2770 437 2836 hostem:
455 2770 511 2835 ubi
525 2778 612 2835 extra
624 2768 743 2834 vallum
756 2791 871 2858 agmen
885 2773 1073 2854 excesserit,
1085 2778 1170 2839 111111

149 2863 264 2948 quibus
286 2864 473 2949 imperatum
497 2873 545 2929 est
566 2864 744 2929 incendant
781 2864 897 2929 damna
914 2875 1040 2947 vestra,
1063 2865 1171 2941 mitius,

150 2956 291 3024 omnium
313 2956 396 3023 circa
417 2958 472 3043 qui
494 2957 676 3024 defecerunt
697 2958 884 3044 populorum
906 2961 1033 3046 praeda
1055 2959 1173 3028 sarcion·

99 3074 132 3123 14
150 3051 219 3118 tur?
245 3062 277 3118 ct
290 3051 429 3119 oratione
441 3051 613 3130 dictatoris,
628 3073 709 3137 qnae
726 3052 924 3121 necessitatis
941 3054 1080 3124 ultimae
1095 3052 1171 3122 inda

148 3156 228 3227 erat,
252 3147 367 3214 milites
385 3148 511 3215 accensi
529 3148 675 3214 vadunt
636 3157 699 3214 tm
716 3146 854 3227 hostem,
877 3157 911 3214 et
924 3161 1098 3238 respectus
1116 3149 1172 3259 ipat

148 3244 324 3310 ardentium
342 3253 530 3321 castrorum,
554 3265 745 3328 quamquam
766 3240 920 3329 proximis
938 3252 1071 3314 tantum
1086 3281 1126 3296 -
1137 3241 1171 3309 ia

148 3338 232 3403 enim
249 3339 384 3405 iusserat
402 3338 594 3404 dictator-
551 3337 695 3426 -ignis
712 3346 762 3404 est
780 3335 936 3416 subditus,
955 3337 1042 3407 hant
1056 3355 1172 3447 parvm

98 3451 130 3500 15
148 3430 209 3496 fuit
229 3432 473 3499 inritamentum.
509 3432 616 3518 1taqus
623 3432 709 3498 velut
718 3431 887 3499 vaecordes
904 3431 1047 3501 inlati
1019 3457 1112 3524 srgna
1122 3427 1173 3521 μὶ·

147 3548 201 3590 mo
218 3526 338 3613 impetu
354 3527 494 3594 hostium
511 3525 706 3607 urtbant,tet
722 3527 928 3613 intempore,
946 3540 1173 3618 postquam·-

148 3620 254 3686 dentia
270 3623 380 3708 procul
397 3623 476 3689 vidit
493 3631 610 3701 castra,
628 3621 780 3709 magister
796 3621 940 3707 equitum
960 3625 1172 3692 --111111111Ι

146 3725 237 3781 uerat
259 3717 385 3805 signum
403 3718 602 3784 -hostium
625 3725 714 3804 terga
734 3715 865 3782 invadit.
908 3716 958 3784 ita
981 3709 1170 3787 cmcumrnli

149 3807 324 3891 Samnites,
343 3834 407 3898 qua
422 3820 527 3899 potest
544 3811 693 3897 quisque,
714 3811 827 3898 fugam
843 3831 902 3898 per
919 3809 1053 3881 diversa
1068 3812 1167 3901 petunt·

96 3924 130 3975 11
146 3906 259 3993 ingens
273 3907 441 3973 multitudo
454 3907 489 3973 in
501 3929 600 3973 unum
612 3916 700 3972 metu
712 3904 903 3994 conglobata
915 3925 956 3973 aa
969 3915 1072 3975 semet
1084 3905 1168 3993 ipffl

96 4016 129 4067 11
147 3999 240 4066 turba
264 4001 429 4088 inpediens
455 4001 489 4068 in
514 4001 618 4067 medio
641 4022 743 4068 caesa
794 4009 899 4068 castra
923 3999 1069 4069 hostium
1092 3998 1166 4081 09¹⁸
1207 4032 1209 4074 ;
