<?xml version="1.0" encoding="UTF-8"?>
<!DOCTYPE html PUBLIC "-//W3C//DTD XHTML 1.0 Transitional//EN"
    "http://www.w3.org/TR/xhtml1/DTD/xhtml1-transitional.dtd">
<html xmlns="http://www.w3.org/1999/xhtml" xml:lang="en" lang="en">
 <head>
  <title>
</title>
<meta http-equiv="Content-Type" content="text/html;charset=utf-8" />
  <meta name='ocr-system' content='tesseract 3.04.00' />
  <meta name='ocr-capabilities' content='ocr_page ocr_carea ocr_par ocr_line ocrx_word'/>
</head>
<body>
  <div class='ocr_page' id='page_1' title='image "./titiliviaburbec01weisgoog_0582.png"; bbox 0 0 2566 4524; ppageno 0'>
   <div class='ocr_carea' id='block_1_1' title="bbox 299 289 1101 377">
    <p class='ocr_par' dir='ltr' id='par_1_1' title="bbox 299 289 1101 377">
     <span class='ocr_line' id='line_1_1' title="bbox 299 289 1101 377; baseline 0.006 -23"><span class='ocrx_word' id='word_1_1' title='bbox 299 298 418 354; x_wconf 80' lang='grc'><strong>11111111</strong></span> <span class='ocrx_word' id='word_1_2' title='bbox 434 298 491 370; x_wconf 84' lang='lat' dir='ltr'>vr,</span> <span class='ocrx_word' id='word_1_3' title='bbox 508 299 605 377; x_wconf 75' lang='grc'><strong>1111.</strong></span> <span class='ocrx_word' id='word_1_4' title='bbox 625 304 663 370; x_wconf 73' lang='lat' dir='ltr'>[a.</span> <span class='ocrx_word' id='word_1_5' title='bbox 674 299 704 355; x_wconf 88' lang='grc'>1.</span> <span class='ocrx_word' id='word_1_6' title='bbox 715 300 865 372; x_wconf 60' lang='lat' dir='ltr'>aaran]</span> <span class='ocrx_word' id='word_1_7' title='bbox 1035 289 1101 360; x_wconf 80' lang='grc'>327</span> 
     </span>
    </p>
   </div>
   <div class='ocr_carea' id='block_1_2' title="bbox 77 456 1133 4147">
    <p class='ocr_par' dir='ltr' id='par_1_2' title="bbox 77 456 1133 1496">
     <span class='ocr_line' id='line_1_2' title="bbox 77 456 1099 543; baseline 0.006 -17"><span class='ocrx_word' id='word_1_8' title='bbox 77 468 274 543; x_wconf 73' lang='lat' dir='ltr'>auctoresque</span> <span class='ocrx_word' id='word_1_9' title='bbox 292 457 478 524; x_wconf 85' lang='lat' dir='ltr'>defectionis</span> <span class='ocrx_word' id='word_1_10' title='bbox 496 456 536 524; x_wconf 88' lang='lat' dir='ltr'>ab</span> <span class='ocrx_word' id='word_1_11' title='bbox 550 457 703 525; x_wconf 86' lang='lat' dir='ltr'>Romanis</span> <span class='ocrx_word' id='word_1_12' title='bbox 721 470 821 540; x_wconf 91' lang='lat' dir='ltr'>metu,</span> <span class='ocrx_word' id='word_1_13' title='bbox 840 483 880 528; x_wconf 91' lang='grc'>11</span> <span class='ocrx_word' id='word_1_14' title='bbox 899 462 959 529; x_wconf 88' lang='lat' dir='ltr'>soli</span> <span class='ocrx_word' id='word_1_15' title='bbox 976 463 1099 532; x_wconf 83' lang='lat' dir='ltr'>crimini</span> 
     </span>
     <span class='ocr_line' id='line_1_3' title="bbox 78 551 1098 640; baseline 0.005 -18"><span class='ocrx_word' id='word_1_16' title='bbox 78 553 201 622; x_wconf 88' lang='lat' dir='ltr'>subiecti</span> <span class='ocrx_word' id='word_1_17' title='bbox 218 552 344 640; x_wconf 87' lang='lat' dir='ltr'>piacula</span> <span class='ocrx_word' id='word_1_18' title='bbox 363 553 428 620; x_wconf 88' lang='lat' dir='ltr'>irae</span> <span class='ocrx_word' id='word_1_19' title='bbox 445 551 661 620; x_wconf 83' lang='lat' dir='ltr'>Romanorum</span> <span class='ocrx_word' id='word_1_20' title='bbox 682 554 883 636; x_wconf 84' lang='lat' dir='ltr'><strong>dederentur,</strong></span> <span class='ocrx_word' id='word_1_21' title='bbox 910 558 1098 627; x_wconf 84' lang='lat' dir='ltr'>avertissent</span> 
     </span>
     <span class='ocr_line' id='line_1_4' title="bbox 79 647 1133 740; baseline 0.008 -24"><span class='ocrx_word' id='word_1_22' title='bbox 79 648 206 717; x_wconf 85' lang='lat' dir='ltr'>colonias</span> <span class='ocrx_word' id='word_1_23' title='bbox 225 672 246 715; x_wconf 83' lang='lat' dir='ltr'>a</span> <span class='ocrx_word' id='word_1_24' title='bbox 262 647 402 714; x_wconf 87' lang='lat' dir='ltr'>consiliis</span> <span class='ocrx_word' id='word_1_25' title='bbox 418 647 517 735; x_wconf 89' lang='lat' dir='ltr'>pacis.</span> <span class='ocrx_word' id='word_1_26' title='bbox 548 670 651 733; x_wconf 87' lang='lat' dir='ltr'>neque</span> <span class='ocrx_word' id='word_1_27' title='bbox 667 649 702 714; x_wconf 91' lang='lat' dir='ltr'>in</span> <span class='ocrx_word' id='word_1_28' title='bbox 720 658 830 717; x_wconf 88' lang='lat' dir='ltr'>senatu</span> <span class='ocrx_word' id='word_1_29' title='bbox 849 651 951 718; x_wconf 93' lang='lat' dir='ltr'>solum</span> <span class='ocrx_word' id='word_1_30' title='bbox 968 675 1025 740; x_wconf 92' lang='lat' dir='ltr'>per</span> <span class='ocrx_word' id='word_1_31' title='bbox 1042 676 1097 721; x_wconf 87' lang='lat' dir='ltr'>eos</span> <span class='ocrx_word' id='word_1_32' title='bbox 1114 672 1133 725; x_wconf 82' lang='lat'>8</span> 
     </span>
     <span class='ocr_line' id='line_1_5' title="bbox 79 745 1098 835; baseline 0.007 -24"><span class='ocrx_word' id='word_1_33' title='bbox 79 747 184 834; x_wconf 85' lang='lat' dir='ltr'>legatio</span> <span class='ocrx_word' id='word_1_34' title='bbox 204 745 345 833; x_wconf 91' lang='lat' dir='ltr'>inpedita</span> <span class='ocrx_word' id='word_1_35' title='bbox 367 753 429 825; x_wconf 88' lang='lat' dir='ltr'>est,</span> <span class='ocrx_word' id='word_1_36' title='bbox 457 745 515 811; x_wconf 85' lang='lat' dir='ltr'>sed</span> <span class='ocrx_word' id='word_1_37' title='bbox 536 768 653 833; x_wconf 91' lang='lat' dir='ltr'>magna</span> <span class='ocrx_word' id='word_1_38' title='bbox 674 768 747 832; x_wconf 90' lang='lat' dir='ltr'>pars</span> <span class='ocrx_word' id='word_1_39' title='bbox 768 746 872 835; x_wconf 89' lang='lat' dir='ltr'>plebis</span> <span class='ocrx_word' id='word_1_40' title='bbox 893 749 1035 831; x_wconf 89' lang='lat' dir='ltr'>incitata,</span> <span class='ocrx_word' id='word_1_41' title='bbox 1062 762 1098 818; x_wconf 90' lang='lat' dir='ltr'>ut</span> 
     </span>
     <span class='ocr_line' id='line_1_6' title="bbox 80 839 1099 928; baseline 0.005 -21"><span class='ocrx_word' id='word_1_42' title='bbox 80 841 253 927; x_wconf 85' lang='lat' dir='ltr'>praedatum</span> <span class='ocrx_word' id='word_1_43' title='bbox 273 840 307 906; x_wconf 91' lang='lat' dir='ltr'>in</span> <span class='ocrx_word' id='word_1_44' title='bbox 332 861 444 928; x_wconf 79' lang='lat' dir='ltr'>agnum</span> <span class='ocrx_word' id='word_1_45' title='bbox 465 839 645 906; x_wconf 87' lang='lat' dir='ltr'>Romanum</span> <span class='ocrx_word' id='word_1_46' title='bbox 672 841 802 915; x_wconf 82' lang='lat' dir='ltr'>exirent.</span> <span class='ocrx_word' id='word_1_47' title='bbox 838 841 918 910; x_wconf 85' lang='lat' dir='ltr'>hacc</span> <span class='ocrx_word' id='word_1_48' title='bbox 943 867 1026 912; x_wconf 84' lang='lat' dir='ltr'>nova</span> <span class='ocrx_word' id='word_1_49' title='bbox 1050 847 1099 912; x_wconf 91' lang='lat' dir='ltr'>in·</span> 
     </span>
     <span class='ocr_line' id='line_1_7' title="bbox 80 932 1131 1023; baseline 0.009 -23"><span class='ocrx_word' id='word_1_50' title='bbox 80 935 148 1002; x_wconf 89' lang='lat' dir='ltr'>iuria</span> <span class='ocrx_word' id='word_1_51' title='bbox 168 932 348 1001; x_wconf 81' lang='lat' dir='ltr'>exturbavit</span> <span class='ocrx_word' id='word_1_52' title='bbox 368 957 495 1001; x_wconf 91' lang='lat' dir='ltr'>omnem</span> <span class='ocrx_word' id='word_1_53' title='bbox 517 957 607 1023; x_wconf 86' lang='lat' dir='ltr'>spem</span> <span class='ocrx_word' id='word_1_54' title='bbox 628 936 726 1023; x_wconf 86' lang='lat' dir='ltr'>pacis.</span> <span class='ocrx_word' id='word_1_55' title='bbox 763 937 803 1003; x_wconf 91' lang='lat' dir='ltr'>de</span> <span class='ocrx_word' id='word_1_56' title='bbox 820 937 1098 1006; x_wconf 90' lang='lat' dir='ltr'>Praenestinorum</span> <span class='ocrx_word' id='word_1_57' title='bbox 1115 959 1131 1010; x_wconf 79' lang='lat' dir='ltr'>a</span> 
     </span>
     <span class='ocr_line' id='line_1_8' title="bbox 78 1028 1097 1122; baseline 0.006 -27"><span class='ocrx_word' id='word_1_58' title='bbox 78 1051 193 1116; x_wconf 90' lang='lat' dir='ltr'>quoque</span> <span class='ocrx_word' id='word_1_59' title='bbox 210 1028 387 1095; x_wconf 87' lang='lat' dir='ltr'>defectione</span> <span class='ocrx_word' id='word_1_60' title='bbox 404 1051 442 1095; x_wconf 92' lang='lat' dir='ltr'>eo</span> <span class='ocrx_word' id='word_1_61' title='bbox 460 1051 542 1095; x_wconf 90' lang='lat' dir='ltr'>anno</span> <span class='ocrx_word' id='word_1_62' title='bbox 558 1029 696 1116; x_wconf 91' lang='lat' dir='ltr'>primum</span> <span class='ocrx_word' id='word_1_63' title='bbox 714 1029 800 1096; x_wconf 83' lang='lat' dir='ltr'>fama</span> <span class='ocrx_word' id='word_1_64' title='bbox 817 1043 940 1112; x_wconf 83' lang='lat' dir='ltr'>exorta3</span> <span class='ocrx_word' id='word_1_65' title='bbox 962 1057 1097 1122; x_wconf 88' lang='lat' dir='ltr'>arguen-</span> 
     </span>
     <span class='ocr_line' id='line_1_9' title="bbox 80 1121 1097 1213; baseline 0.006 -24"><span class='ocrx_word' id='word_1_66' title='bbox 80 1124 215 1210; x_wconf 88' lang='lat' dir='ltr'>tibusque</span> <span class='ocrx_word' id='word_1_67' title='bbox 233 1146 288 1190; x_wconf 87' lang='lat' dir='ltr'>eos</span> <span class='ocrx_word' id='word_1_68' title='bbox 307 1123 497 1190; x_wconf 81' lang='lat' dir='ltr'>Tusculanis</span> <span class='ocrx_word' id='word_1_69' title='bbox 516 1134 547 1190; x_wconf 90' lang='lat' dir='ltr'>et</span> <span class='ocrx_word' id='word_1_70' title='bbox 561 1121 695 1191; x_wconf 86' lang='lat' dir='ltr'>Gabinis</span> <span class='ocrx_word' id='word_1_71' title='bbox 714 1135 745 1190; x_wconf 89' lang='lat' dir='ltr'>et</span> <span class='ocrx_word' id='word_1_72' title='bbox 756 1125 944 1206; x_wconf 85' lang='lat' dir='ltr'>Labicanis,</span> <span class='ocrx_word' id='word_1_73' title='bbox 962 1150 1097 1213; x_wconf 90' lang='lat' dir='ltr'>quorum</span> 
     </span>
     <span class='ocr_line' id='line_1_10' title="bbox 77 1217 1096 1308; baseline 0.005 -24"><span class='ocrx_word' id='word_1_74' title='bbox 77 1217 195 1285; x_wconf 87' lang='lat' dir='ltr'>iufines</span> <span class='ocrx_word' id='word_1_75' title='bbox 213 1219 407 1286; x_wconf 89' lang='lat' dir='ltr'>incursatum</span> <span class='ocrx_word' id='word_1_76' title='bbox 424 1228 504 1298; x_wconf 89' lang='lat' dir='ltr'>erat,</span> <span class='ocrx_word' id='word_1_77' title='bbox 522 1218 568 1284; x_wconf 84' lang='lat' dir='ltr'>ita</span> <span class='ocrx_word' id='word_1_78' title='bbox 578 1218 703 1305; x_wconf 90' lang='lat' dir='ltr'>placide</span> <span class='ocrx_word' id='word_1_79' title='bbox 721 1218 761 1285; x_wconf 90' lang='lat' dir='ltr'>ab</span> <span class='ocrx_word' id='word_1_80' title='bbox 780 1230 892 1286; x_wconf 84' lang='lat' dir='ltr'>senatu</span> <span class='ocrx_word' id='word_1_81' title='bbox 909 1243 1096 1308; x_wconf 87' lang='lat' dir='ltr'>responsum</span> 
     </span>
     <span class='ocr_line' id='line_1_11' title="bbox 77 1312 1097 1400; baseline 0.007 -22"><span class='ocrx_word' id='word_1_82' title='bbox 77 1322 131 1395; x_wconf 90' lang='lat' dir='ltr'>est,</span> <span class='ocrx_word' id='word_1_83' title='bbox 155 1324 191 1381; x_wconf 91' lang='lat' dir='ltr'>ut</span> <span class='ocrx_word' id='word_1_84' title='bbox 212 1314 317 1380; x_wconf 89' lang='lat' dir='ltr'>minus</span> <span class='ocrx_word' id='word_1_85' title='bbox 340 1313 424 1380; x_wconf 87' lang='lat' dir='ltr'>credi</span> <span class='ocrx_word' id='word_1_86' title='bbox 446 1315 485 1378; x_wconf 91' lang='lat' dir='ltr'>de</span> <span class='ocrx_word' id='word_1_87' title='bbox 507 1312 704 1394; x_wconf 87' lang='lat' dir='ltr'>criminibus,</span> <span class='ocrx_word' id='word_1_88' title='bbox 732 1315 805 1400; x_wconf 90' lang='lat' dir='ltr'>quia</span> <span class='ocrx_word' id='word_1_89' title='bbox 826 1315 946 1382; x_wconf 89' lang='lat' dir='ltr'>nollent</span> <span class='ocrx_word' id='word_1_90' title='bbox 966 1338 1005 1383; x_wconf 87' lang='lat' dir='ltr'>ea</span> <span class='ocrx_word' id='word_1_91' title='bbox 1021 1340 1097 1385; x_wconf 89' lang='lat' dir='ltr'>vera</span> 
     </span>
     <span class='ocr_line' id='line_1_12' title="bbox 77 1417 343 1496; baseline 0.004 -23"><span class='ocrx_word' id='word_1_92' title='bbox 77 1430 152 1488; x_wconf 92' lang='lat' dir='ltr'>esse,</span> <span class='ocrx_word' id='word_1_93' title='bbox 170 1417 343 1496; x_wconf 83' lang='lat' dir='ltr'>appareret.</span> 
     </span>
    </p>

    <p class='ocr_par' dir='ltr' id='par_1_3' title="bbox 77 1501 1131 3560">
     <span class='ocr_line' id='line_1_13' title="bbox 132 1501 1128 1591; baseline 0.007 -21"><span class='ocrx_word' id='word_1_94' title='bbox 132 1504 250 1570; x_wconf 87' lang='lat' dir='ltr'>XXII.</span> <span class='ocrx_word' id='word_1_95' title='bbox 276 1503 460 1589; x_wconf 84' lang='lat' dir='ltr'>Insequenti</span> <span class='ocrx_word' id='word_1_96' title='bbox 478 1525 560 1569; x_wconf 87' lang='lat' dir='ltr'>anno</span> <span class='ocrx_word' id='word_1_97' title='bbox 575 1501 631 1590; x_wconf 89' lang='lat' dir='ltr'>Sp.</span> <span class='ocrx_word' id='word_1_98' title='bbox 651 1513 683 1569; x_wconf 91' lang='grc'>11</span> <span class='ocrx_word' id='word_1_99' title='bbox 694 1504 736 1569; x_wconf 89' lang='lat' dir='ltr'>L.</span> <span class='ocrx_word' id='word_1_100' title='bbox 750 1502 871 1591; x_wconf 88' lang='lat' dir='ltr'>Papirii</span> <span class='ocrx_word' id='word_1_101' title='bbox 888 1505 963 1571; x_wconf 91' lang='lat' dir='ltr'>novi</span> <span class='ocrx_word' id='word_1_102' title='bbox 980 1505 1097 1574; x_wconf 89' lang='lat' dir='ltr'>tribuni</span> <span class='ocrx_word' id='word_1_103' title='bbox 1115 1527 1128 1578; x_wconf 88' lang='lat'>1</span> 
     </span>
     <span class='ocr_line' id='line_1_14' title="bbox 77 1597 1097 1686; baseline 0.004 -22"><span class='ocrx_word' id='word_1_104' title='bbox 77 1598 200 1664; x_wconf 90' lang='lat' dir='ltr'>militum</span> <span class='ocrx_word' id='word_1_105' title='bbox 214 1598 371 1664; x_wconf 88' lang='lat' dir='ltr'>consulari</span> <span class='ocrx_word' id='word_1_106' title='bbox 383 1606 538 1685; x_wconf 91' lang='lat' dir='ltr'>potestate</span> <span class='ocrx_word' id='word_1_107' title='bbox 546 1597 684 1665; x_wconf 90' lang='lat' dir='ltr'>Velitras</span> <span class='ocrx_word' id='word_1_108' title='bbox 698 1598 839 1685; x_wconf 84' lang='lat' dir='ltr'>legiones</span> <span class='ocrx_word' id='word_1_109' title='bbox 853 1599 987 1680; x_wconf 88' lang='lat' dir='ltr'>duxere,</span> <span class='ocrx_word' id='word_1_110' title='bbox 1006 1611 1097 1686; x_wconf 88' lang='lat' dir='ltr'>quat-</span> 
     </span>
     <span class='ocr_line' id='line_1_15' title="bbox 77 1690 1099 1781; baseline 0.004 -22"><span class='ocrx_word' id='word_1_111' title='bbox 77 1700 139 1759; x_wconf 87' lang='lat' dir='ltr'>tuor</span> <span class='ocrx_word' id='word_1_112' title='bbox 155 1693 299 1781; x_wconf 87' lang='lat' dir='ltr'>collegis,</span> <span class='ocrx_word' id='word_1_113' title='bbox 319 1690 388 1759; x_wconf 89' lang='lat' dir='ltr'>Ser.</span> <span class='ocrx_word' id='word_1_114' title='bbox 404 1690 552 1758; x_wconf 87' lang='lat' dir='ltr'>Cornelio</span> <span class='ocrx_word' id='word_1_115' title='bbox 569 1692 787 1780; x_wconf 86' lang='lat' dir='ltr'>Maluginensi</span> <span class='ocrx_word' id='word_1_116' title='bbox 804 1694 944 1773; x_wconf 89' lang='lat' dir='ltr'>tertium,</span> <span class='ocrx_word' id='word_1_117' title='bbox 964 1694 1005 1779; x_wconf 80' lang='lat' dir='ltr'><strong>Q.</strong></span> <span class='ocrx_word' id='word_1_118' title='bbox 1022 1695 1099 1763; x_wconf 90' lang='lat' dir='ltr'>Ser-</span> 
     </span>
     <span class='ocr_line' id='line_1_16' title="bbox 77 1785 1097 1876; baseline 0.002 -21"><span class='ocrx_word' id='word_1_119' title='bbox 77 1787 154 1867; x_wconf 81' lang='lat' dir='ltr'>vilio,</span> <span class='ocrx_word' id='word_1_120' title='bbox 187 1786 226 1854; x_wconf 85' lang='lat' dir='ltr'><strong>C.</strong></span> <span class='ocrx_word' id='word_1_121' title='bbox 255 1786 410 1874; x_wconf 87' lang='lat' dir='ltr'>Sulpicio,</span> <span class='ocrx_word' id='word_1_122' title='bbox 441 1787 483 1853; x_wconf 92' lang='lat' dir='ltr'>L.</span> <span class='ocrx_word' id='word_1_123' title='bbox 510 1785 649 1852; x_wconf 86' lang='lat' dir='ltr'>Aemilio</span> <span class='ocrx_word' id='word_1_124' title='bbox 675 1796 821 1872; x_wconf 90' lang='lat' dir='ltr'>quartum</span> <span class='ocrx_word' id='word_1_125' title='bbox 848 1786 1024 1876; x_wconf 79' lang='lat' dir='ltr'>(tribunis),</span> <span class='ocrx_word' id='word_1_126' title='bbox 1056 1791 1097 1857; x_wconf 88' lang='lat' dir='ltr'>ad</span> 
     </span>
     <span class='ocr_line' id='line_1_17' title="bbox 77 1881 1098 1968; baseline 0.002 -19"><span class='ocrx_word' id='word_1_127' title='bbox 77 1882 257 1968; x_wconf 86' lang='lat' dir='ltr'>praesidium</span> <span class='ocrx_word' id='word_1_128' title='bbox 278 1881 366 1948; x_wconf 90' lang='lat' dir='ltr'>urbis</span> <span class='ocrx_word' id='word_1_129' title='bbox 388 1891 420 1947; x_wconf 91' lang='lat' dir='ltr'>et</span> <span class='ocrx_word' id='word_1_130' title='bbox 438 1881 465 1962; x_wconf 88' lang='lat' dir='ltr'>si</span> <span class='ocrx_word' id='word_1_131' title='bbox 483 1882 538 1966; x_wconf 89' lang='lat' dir='ltr'>qui</span> <span class='ocrx_word' id='word_1_132' title='bbox 551 1904 596 1948; x_wconf 86' lang='lat' dir='ltr'>ex</span> <span class='ocrx_word' id='word_1_133' title='bbox 613 1881 741 1947; x_wconf 78' lang='lat' dir='ltr'>Etruria</span> <span class='ocrx_word' id='word_1_134' title='bbox 758 1881 833 1948; x_wconf 88' lang='lat' dir='ltr'>novi</span> <span class='ocrx_word' id='word_1_135' title='bbox 849 1891 955 1949; x_wconf 91' lang='lat' dir='ltr'>motus</span> <span class='ocrx_word' id='word_1_136' title='bbox 971 1884 1098 1951; x_wconf 73' lang='lat' dir='ltr'>nuntia</span> 
     </span>
     <span class='ocr_line' id='line_1_18' title="bbox 77 1976 1131 2063; baseline 0.005 -21"><span class='ocrx_word' id='word_1_137' title='bbox 77 1985 172 2043; x_wconf 86' lang='lat' dir='ltr'>rentur</span> <span class='ocrx_word' id='word_1_138' title='bbox 189 2016 231 2060; x_wconf 82' lang='lat'><strong>·.·</strong></span> <span class='ocrx_word' id='word_1_139' title='bbox 249 1976 355 2043; x_wconf 89' lang='lat' dir='ltr'>omnia</span> <span class='ocrx_word' id='word_1_140' title='bbox 372 1976 457 2041; x_wconf 92' lang='lat' dir='ltr'>enim</span> <span class='ocrx_word' id='word_1_141' title='bbox 473 1976 546 2042; x_wconf 90' lang='lat' dir='ltr'>inde</span> <span class='ocrx_word' id='word_1_142' title='bbox 565 1987 714 2063; x_wconf 87' lang='lat' dir='ltr'>suspecta</span> <span class='ocrx_word' id='word_1_143' title='bbox 731 1986 820 2043; x_wconf 91' lang='lat' dir='ltr'>erant</span> <span class='ocrx_word' id='word_1_144' title='bbox 836 2015 879 2026; x_wconf 91' lang='lat'><em>-</em></span> <span class='ocrx_word' id='word_1_145' title='bbox 896 1977 1024 2046; x_wconf 90' lang='lat' dir='ltr'>relictis.</span> <span class='ocrx_word' id='word_1_146' title='bbox 1055 1979 1097 2046; x_wconf 86' lang='lat' dir='ltr'>ad</span> <span class='ocrx_word' id='word_1_147' title='bbox 1114 1999 1131 2048; x_wconf 80' lang='lat' dir='ltr'>a</span> 
     </span>
     <span class='ocr_line' id='line_1_19' title="bbox 77 2065 1097 2157; baseline 0.005 -21"><span class='ocrx_word' id='word_1_148' title='bbox 77 2065 202 2138; x_wconf 83' lang='lat' dir='ltr'>Velitras</span> <span class='ocrx_word' id='word_1_149' title='bbox 229 2072 381 2137; x_wconf 87' lang='lat' dir='ltr'>adversus</span> <span class='ocrx_word' id='word_1_150' title='bbox 407 2071 526 2137; x_wconf 89' lang='lat' dir='ltr'>maiora</span> <span class='ocrx_word' id='word_1_151' title='bbox 550 2093 650 2157; x_wconf 89' lang='lat' dir='ltr'>paene</span> <span class='ocrx_word' id='word_1_152' title='bbox 677 2071 794 2137; x_wconf 84' lang='lat' dir='ltr'>auxilia</span> <span class='ocrx_word' id='word_1_153' title='bbox 819 2071 1097 2141; x_wconf 88' lang='lat' dir='ltr'>Praenestinorum</span> 
     </span>
     <span class='ocr_line' id='line_1_20' title="bbox 77 2165 1096 2255; baseline 0.002 -21"><span class='ocrx_word' id='word_1_154' title='bbox 77 2183 161 2252; x_wconf 81' lang='lat' dir='ltr'>pram</span> <span class='ocrx_word' id='word_1_155' title='bbox 190 2167 294 2253; x_wconf 90' lang='lat' dir='ltr'>ipsam</span> <span class='ocrx_word' id='word_1_156' title='bbox 324 2165 506 2232; x_wconf 91' lang='lat' dir='ltr'>colonorum</span> <span class='ocrx_word' id='word_1_157' title='bbox 536 2165 770 2232; x_wconf 88' lang='lat' dir='ltr'>multitudinem</span> <span class='ocrx_word' id='word_1_158' title='bbox 805 2168 942 2233; x_wconf 90' lang='lat' dir='ltr'>secundo</span> <span class='ocrx_word' id='word_1_159' title='bbox 977 2169 1096 2255; x_wconf 90' lang='lat' dir='ltr'>proelio</span> 
     </span>
     <span class='ocr_line' id='line_1_21' title="bbox 77 2259 1097 2350; baseline 0.001 -22"><span class='ocrx_word' id='word_1_160' title='bbox 77 2271 241 2350; x_wconf 90' lang='lat' dir='ltr'>pugnatum</span> <span class='ocrx_word' id='word_1_161' title='bbox 264 2268 312 2327; x_wconf 87' lang='lat' dir='ltr'>est</span> <span class='ocrx_word' id='word_1_162' title='bbox 331 2261 391 2341; x_wconf 86' lang='lat' dir='ltr'>ita,</span> <span class='ocrx_word' id='word_1_163' title='bbox 418 2269 453 2326; x_wconf 91' lang='lat' dir='ltr'>ut</span> <span class='ocrx_word' id='word_1_164' title='bbox 473 2260 691 2347; x_wconf 86' lang='lat' dir='ltr'>propinquitas</span> <span class='ocrx_word' id='word_1_165' title='bbox 718 2259 806 2326; x_wconf 89' lang='lat' dir='ltr'>urbis</span> <span class='ocrx_word' id='word_1_166' title='bbox 832 2259 916 2326; x_wconf 86' lang='lat' dir='ltr'>hosti</span> <span class='ocrx_word' id='word_1_167' title='bbox 942 2271 974 2326; x_wconf 91' lang='lat' dir='ltr'>et</span> <span class='ocrx_word' id='word_1_168' title='bbox 999 2285 1097 2329; x_wconf 88' lang='lat' dir='ltr'>causa</span> 
     </span>
     <span class='ocr_line' id='line_1_22' title="bbox 77 2353 1094 2443; baseline 0.003 -23"><span class='ocrx_word' id='word_1_169' title='bbox 77 2356 243 2422; x_wconf 83' lang='lat' dir='ltr'>naturioris</span> <span class='ocrx_word' id='word_1_170' title='bbox 270 2356 366 2443; x_wconf 80' lang='lat' dir='ltr'>fugae</span> <span class='ocrx_word' id='word_1_171' title='bbox 392 2360 548 2421; x_wconf 73' lang='grc'><strong>1101111111</strong></span> <span class='ocrx_word' id='word_1_172' title='bbox 575 2377 616 2420; x_wconf 88' lang='lat' dir='ltr'>ex</span> <span class='ocrx_word' id='word_1_173' title='bbox 640 2354 720 2442; x_wconf 83' lang='lat' dir='ltr'>fuga</span> <span class='ocrx_word' id='word_1_174' title='bbox 744 2353 978 2440; x_wconf 85' lang='lat' dir='ltr'>receptaculum</span> <span class='ocrx_word' id='word_1_175' title='bbox 1000 2366 1094 2423; x_wconf 78' lang='lat' dir='ltr'>esset.</span> 
     </span>
     <span class='ocr_line' id='line_1_23' title="bbox 77 2447 1131 2539; baseline 0.005 -24"><span class='ocrx_word' id='word_1_176' title='bbox 77 2450 172 2539; x_wconf 78' lang='lat' dir='ltr'>&gt;ppidi</span> <span class='ocrx_word' id='word_1_177' title='bbox 199 2449 433 2537; x_wconf 84' lang='lat' dir='ltr'>oppugnatione</span> <span class='ocrx_word' id='word_1_178' title='bbox 459 2447 577 2514; x_wconf 89' lang='lat' dir='ltr'>tribuni</span> <span class='ocrx_word' id='word_1_179' title='bbox 602 2448 795 2527; x_wconf 89' lang='lat' dir='ltr'>abstinuere,</span> <span class='ocrx_word' id='word_1_180' title='bbox 822 2448 897 2534; x_wconf 90' lang='lat' dir='ltr'>quia</span> <span class='ocrx_word' id='word_1_181' title='bbox 922 2457 954 2514; x_wconf 95' lang='grc'>11</span> <span class='ocrx_word' id='word_1_182' title='bbox 979 2471 1131 2538; x_wconf 80' lang='lat' dir='ltr'>ancepsu</span> 
     </span>
     <span class='ocr_line' id='line_1_24' title="bbox 77 2542 1095 2631; baseline -0.001 -20"><span class='ocrx_word' id='word_1_183' title='bbox 77 2554 133 2611; x_wconf 76' lang='grc'><strong>1111</strong></span> <span class='ocrx_word' id='word_1_184' title='bbox 161 2567 222 2611; x_wconf 89' lang='grc'>111</span> <span class='ocrx_word' id='word_1_185' title='bbox 252 2545 285 2609; x_wconf 91' lang='lat' dir='ltr'>in</span> <span class='ocrx_word' id='word_1_186' title='bbox 313 2543 485 2630; x_wconf 88' lang='lat' dir='ltr'>perniciem</span> <span class='ocrx_word' id='word_1_187' title='bbox 515 2542 656 2610; x_wconf 90' lang='lat' dir='ltr'>coloniae</span> <span class='ocrx_word' id='word_1_188' title='bbox 682 2543 888 2631; x_wconf 90' lang='lat' dir='ltr'>pugnandum</span> <span class='ocrx_word' id='word_1_189' title='bbox 914 2544 1095 2611; x_wconf 80' lang='lat' dir='ltr'>censebant.</span> 
     </span>
     <span class='ocr_line' id='line_1_25' title="bbox 77 2637 1095 2722; baseline 0 -18"><span class='ocrx_word' id='word_1_190' title='bbox 77 2638 171 2706; x_wconf 90' lang='lat' dir='ltr'>iterae</span> <span class='ocrx_word' id='word_1_191' title='bbox 189 2639 327 2704; x_wconf 86' lang='lat' dir='ltr'>Romam</span> <span class='ocrx_word' id='word_1_192' title='bbox 348 2639 390 2704; x_wconf 89' lang='lat' dir='ltr'>ad</span> <span class='ocrx_word' id='word_1_193' title='bbox 407 2646 551 2704; x_wconf 89' lang='lat' dir='ltr'>senatum</span> <span class='ocrx_word' id='word_1_194' title='bbox 570 2659 643 2703; x_wconf 92' lang='lat' dir='ltr'>cum</span> <span class='ocrx_word' id='word_1_195' title='bbox 659 2637 808 2703; x_wconf 88' lang='lat' dir='ltr'>victoriae</span> <span class='ocrx_word' id='word_1_196' title='bbox 825 2637 943 2703; x_wconf 88' lang='lat' dir='ltr'>nuntiis</span> <span class='ocrx_word' id='word_1_197' title='bbox 961 2637 1095 2722; x_wconf 78' lang='lat' dir='ltr'>acriores</span> 
     </span>
     <span class='ocr_line' id='line_1_26' title="bbox 77 2730 1095 2818; baseline -0.001 -19"><span class='ocrx_word' id='word_1_198' title='bbox 77 2757 96 2799; x_wconf 95' lang='grc'>1</span> <span class='ocrx_word' id='word_1_199' title='bbox 125 2732 369 2799; x_wconf 89' lang='lat' dir='ltr'>Praenestinum</span> <span class='ocrx_word' id='word_1_200' title='bbox 398 2753 495 2818; x_wconf 88' lang='lat' dir='ltr'>quam</span> <span class='ocrx_word' id='word_1_201' title='bbox 524 2731 559 2797; x_wconf 92' lang='lat' dir='ltr'>in</span> <span class='ocrx_word' id='word_1_202' title='bbox 584 2730 784 2797; x_wconf 89' lang='lat' dir='ltr'>Veliternum</span> <span class='ocrx_word' id='word_1_203' title='bbox 813 2731 938 2797; x_wconf 87' lang='lat' dir='ltr'>hostem</span> <span class='ocrx_word' id='word_1_204' title='bbox 969 2732 1095 2798; x_wconf 91' lang='lat' dir='ltr'>missae.</span> 
     </span>
     <span class='ocr_line' id='line_1_27' title="bbox 77 2825 1130 2914; baseline 0.001 -21"><span class='ocrx_word' id='word_1_205' title='bbox 77 2837 171 2914; x_wconf 87' lang='lat' dir='ltr'>taque</span> <span class='ocrx_word' id='word_1_206' title='bbox 194 2849 234 2893; x_wconf 90' lang='lat' dir='ltr'>ex</span> <span class='ocrx_word' id='word_1_207' title='bbox 257 2836 385 2893; x_wconf 89' lang='lat' dir='ltr'>senatus</span> <span class='ocrx_word' id='word_1_208' title='bbox 407 2826 551 2892; x_wconf 87' lang='lat' dir='ltr'>consulto</span> <span class='ocrx_word' id='word_1_209' title='bbox 567 2826 739 2913; x_wconf 91' lang='lat' dir='ltr'>populique</span> <span class='ocrx_word' id='word_1_210' title='bbox 755 2826 847 2893; x_wconf 90' lang='lat' dir='ltr'>iussu</span> <span class='ocrx_word' id='word_1_211' title='bbox 864 2826 982 2894; x_wconf 86' lang='lat' dir='ltr'>bellum</span> <span class='ocrx_word' id='word_1_212' title='bbox 999 2825 1097 2893; x_wconf 82' lang='lat' dir='ltr'>Prae·</span> <span class='ocrx_word' id='word_1_213' title='bbox 1113 2847 1130 2894; x_wconf 83' lang='lat'>4</span> 
     </span>
     <span class='ocr_line' id='line_1_28' title="bbox 77 2919 1097 3006; baseline -0.001 -18"><span class='ocrx_word' id='word_1_214' title='bbox 77 2920 198 2990; x_wconf 70' lang='lat' dir='ltr'>lestinis</span> <span class='ocrx_word' id='word_1_215' title='bbox 218 2921 385 3000; x_wconf 90' lang='lat' dir='ltr'>indictum,</span> <span class='ocrx_word' id='word_1_216' title='bbox 412 2921 467 3006; x_wconf 93' lang='lat' dir='ltr'>qui</span> <span class='ocrx_word' id='word_1_217' title='bbox 489 2920 649 3000; x_wconf 87' lang='lat' dir='ltr'>coniuncti</span> <span class='ocrx_word' id='word_1_218' title='bbox 665 2919 793 2986; x_wconf 89' lang='lat' dir='ltr'>Volscis</span> <span class='ocrx_word' id='word_1_219' title='bbox 812 2943 894 2987; x_wconf 89' lang='lat' dir='ltr'>anno</span> <span class='ocrx_word' id='word_1_220' title='bbox 911 2922 1097 3006; x_wconf 85' lang='lat' dir='ltr'>insequente</span> 
     </span>
     <span class='ocr_line' id='line_1_29' title="bbox 77 3014 1096 3102; baseline -0.002 -18"><span class='ocrx_word' id='word_1_221' title='bbox 77 3016 239 3096; x_wconf 80' lang='lat' dir='ltr'>lotricum,</span> <span class='ocrx_word' id='word_1_222' title='bbox 263 3015 419 3082; x_wconf 88' lang='lat' dir='ltr'>coloniam</span> <span class='ocrx_word' id='word_1_223' title='bbox 439 3014 549 3102; x_wconf 91' lang='lat' dir='ltr'>populi</span> <span class='ocrx_word' id='word_1_224' title='bbox 566 3014 703 3082; x_wconf 85' lang='lat' dir='ltr'>Romani</span> <span class='ocrx_word' id='word_1_225' title='bbox 723 3016 923 3102; x_wconf 86' lang='lat' dir='ltr'>pertinaciter</span> <span class='ocrx_word' id='word_1_226' title='bbox 940 3039 960 3081; x_wconf 88' lang='lat' dir='ltr'>a</span> <span class='ocrx_word' id='word_1_227' title='bbox 977 3015 1096 3082; x_wconf 90' lang='lat' dir='ltr'>colonis</span> 
     </span>
     <span class='ocr_line' id='line_1_30' title="bbox 77 3109 1096 3198; baseline -0.005 -19"><span class='ocrx_word' id='word_1_228' title='bbox 77 3112 244 3190; x_wconf 84' lang='lat' dir='ltr'>lefeusam,</span> <span class='ocrx_word' id='word_1_229' title='bbox 271 3111 305 3176; x_wconf 84' lang='lat' dir='ltr'>vi</span> <span class='ocrx_word' id='word_1_230' title='bbox 326 3119 546 3198; x_wconf 85' lang='lat' dir='ltr'>expugnarunt</span> <span class='ocrx_word' id='word_1_231' title='bbox 568 3109 724 3195; x_wconf 89' lang='lat' dir='ltr'>foedeque</span> <span class='ocrx_word' id='word_1_232' title='bbox 745 3111 780 3175; x_wconf 91' lang='lat' dir='ltr'>in</span> <span class='ocrx_word' id='word_1_233' title='bbox 802 3110 902 3196; x_wconf 89' lang='lat' dir='ltr'>captis</span> <span class='ocrx_word' id='word_1_234' title='bbox 929 3131 1096 3190; x_wconf 85' lang='lat' dir='ltr'>exercuere</span> 
     </span>
     <span class='ocr_line' id='line_1_31' title="bbox 77 3202 1131 3292; baseline -0.002 -18"><span class='ocrx_word' id='word_1_235' title='bbox 77 3206 238 3274; x_wconf 80' lang='lat' dir='ltr'>ictoriam.</span> <span class='ocrx_word' id='word_1_236' title='bbox 275 3228 345 3272; x_wconf 92' lang='lat' dir='ltr'>eam</span> <span class='ocrx_word' id='word_1_237' title='bbox 362 3229 430 3271; x_wconf 90' lang='lat' dir='ltr'>rem</span> <span class='ocrx_word' id='word_1_238' title='bbox 447 3227 541 3292; x_wconf 90' lang='lat' dir='ltr'>aegre</span> <span class='ocrx_word' id='word_1_239' title='bbox 558 3205 645 3292; x_wconf 89' lang='lat' dir='ltr'>passi</span> <span class='ocrx_word' id='word_1_240' title='bbox 661 3204 798 3271; x_wconf 86' lang='lat' dir='ltr'>Romani</span> <span class='ocrx_word' id='word_1_241' title='bbox 815 3204 863 3269; x_wconf 92' lang='lat' dir='ltr'><strong>M.</strong></span> <span class='ocrx_word' id='word_1_242' title='bbox 881 3202 1014 3269; x_wconf 84' lang='lat' dir='ltr'>Furium</span> <span class='ocrx_word' id='word_1_243' title='bbox 1033 3203 1131 3272; x_wconf 74' lang='lat' dir='ltr'>Cat</span> 
     </span>
     <span class='ocr_line' id='line_1_32' title="bbox 77 3297 1097 3386; baseline -0.004 -18"><span class='ocrx_word' id='word_1_244' title='bbox 77 3301 186 3368; x_wconf 82' lang='lat' dir='ltr'>sillum</span> <span class='ocrx_word' id='word_1_245' title='bbox 206 3310 331 3366; x_wconf 87' lang='lat' dir='ltr'>sextum</span> <span class='ocrx_word' id='word_1_246' title='bbox 345 3299 503 3366; x_wconf 87' lang='lat' dir='ltr'>tribunum</span> <span class='ocrx_word' id='word_1_247' title='bbox 515 3299 650 3365; x_wconf 91' lang='lat' dir='ltr'>militum</span> <span class='ocrx_word' id='word_1_248' title='bbox 663 3321 818 3366; x_wconf 88' lang='lat' dir='ltr'>creavere.</span> <span class='ocrx_word' id='word_1_249' title='bbox 845 3297 943 3363; x_wconf 88' lang='lat' dir='ltr'>additi</span> <span class='ocrx_word' id='word_1_250' title='bbox 957 3298 1097 3386; x_wconf 87' lang='lat' dir='ltr'>collegae</span> 
     </span>
     <span class='ocr_line' id='line_1_33' title="bbox 77 3393 1097 3482; baseline -0.006 -18"><span class='ocrx_word' id='word_1_251' title='bbox 77 3408 101 3464; x_wconf 83' lang='lat' dir='ltr'>l.</span> <span class='ocrx_word' id='word_1_252' title='bbox 121 3405 157 3463; x_wconf 89' lang='lat' dir='ltr'>et</span> <span class='ocrx_word' id='word_1_253' title='bbox 173 3396 217 3462; x_wconf 91' lang='lat' dir='ltr'><strong>L.</strong></span> <span class='ocrx_word' id='word_1_254' title='bbox 235 3394 394 3461; x_wconf 90' lang='lat' dir='ltr'>Postumii</span> <span class='ocrx_word' id='word_1_255' title='bbox 410 3394 609 3482; x_wconf 87' lang='lat' dir='ltr'>Regillenses</span> <span class='ocrx_word' id='word_1_256' title='bbox 628 3417 665 3460; x_wconf 92' lang='lat' dir='ltr'>ac</span> <span class='ocrx_word' id='word_1_257' title='bbox 682 3395 723 3460; x_wconf 94' lang='lat' dir='ltr'><strong>L.</strong></span> <span class='ocrx_word' id='word_1_258' title='bbox 741 3393 858 3460; x_wconf 85' lang='lat' dir='ltr'>Furius</span> <span class='ocrx_word' id='word_1_259' title='bbox 877 3416 949 3460; x_wconf 92' lang='lat' dir='ltr'>cum</span> <span class='ocrx_word' id='word_1_260' title='bbox 965 3394 1008 3459; x_wconf 97' lang='lat' dir='ltr'><strong>L.</strong></span> <span class='ocrx_word' id='word_1_261' title='bbox 1026 3395 1097 3459; x_wconf 89' lang='lat' dir='ltr'>Ln-</span> 
     </span>
     <span class='ocr_line' id='line_1_34' title="bbox 77 3487 583 3560; baseline -0.01 0"><span class='ocrx_word' id='word_1_262' title='bbox 77 3492 160 3560; x_wconf 89' lang='lat' dir='ltr'>retio</span> <span class='ocrx_word' id='word_1_263' title='bbox 178 3500 212 3557; x_wconf 91' lang='lat' dir='ltr'>et</span> <span class='ocrx_word' id='word_1_264' title='bbox 228 3489 277 3555; x_wconf 92' lang='lat' dir='ltr'><strong>M.</strong></span> <span class='ocrx_word' id='word_1_265' title='bbox 294 3488 397 3557; x_wconf 89' lang='lat' dir='ltr'>Fabio</span> <span class='ocrx_word' id='word_1_266' title='bbox 414 3487 583 3555; x_wconf 88' lang='lat' dir='ltr'>Ambusto.</span> 
     </span>
    </p>

    <p class='ocr_par' dir='ltr' id='par_1_4' title="bbox 77 3583 1129 3961">
     <span class='ocr_line' id='line_1_35' title="bbox 124 3583 1129 3654; baseline 0.002 -2"><span class='ocrx_word' id='word_1_267' title='bbox 124 3585 286 3653; x_wconf 88' lang='lat' dir='ltr'>Volscum</span> <span class='ocrx_word' id='word_1_268' title='bbox 307 3583 426 3651; x_wconf 92' lang='lat' dir='ltr'>bellum</span> <span class='ocrx_word' id='word_1_269' title='bbox 447 3583 495 3649; x_wconf 91' lang='lat' dir='ltr'><strong>M.</strong></span> <span class='ocrx_word' id='word_1_270' title='bbox 517 3583 615 3649; x_wconf 83' lang='lat' dir='ltr'>Furio</span> <span class='ocrx_word' id='word_1_271' title='bbox 642 3593 730 3649; x_wconf 88' lang='lat' dir='ltr'>extra</span> <span class='ocrx_word' id='word_1_272' title='bbox 756 3584 898 3649; x_wconf 87' lang='lat' dir='ltr'>ordinem</span> <span class='ocrx_word' id='word_1_273' title='bbox 924 3584 1129 3654; x_wconf 82' lang='lat' dir='ltr'>decretumt</span> 
     </span>
     <span class='ocr_line' id='line_1_36' title="bbox 77 3677 1095 3758; baseline -0.007 -8"><span class='ocrx_word' id='word_1_274' title='bbox 77 3682 188 3750; x_wconf 90' lang='lat' dir='ltr'>diutor</span> <span class='ocrx_word' id='word_1_275' title='bbox 207 3701 247 3746; x_wconf 86' lang='lat' dir='ltr'>ex</span> <span class='ocrx_word' id='word_1_276' title='bbox 266 3677 397 3748; x_wconf 89' lang='lat' dir='ltr'>tribunis</span> <span class='ocrx_word' id='word_1_277' title='bbox 416 3688 499 3745; x_wconf 90' lang='lat' dir='ltr'>sorte</span> <span class='ocrx_word' id='word_1_278' title='bbox 516 3677 559 3744; x_wconf 93' lang='lat' dir='ltr'><strong>L.</strong></span> <span class='ocrx_word' id='word_1_279' title='bbox 576 3677 693 3744; x_wconf 87' lang='lat' dir='ltr'>Furius</span> <span class='ocrx_word' id='word_1_280' title='bbox 714 3679 820 3758; x_wconf 91' lang='lat' dir='ltr'>datur,</span> <span class='ocrx_word' id='word_1_281' title='bbox 848 3701 912 3744; x_wconf 91' lang='lat' dir='ltr'>non</span> <span class='ocrx_word' id='word_1_282' title='bbox 934 3687 1000 3743; x_wconf 84' lang='lat' dir='ltr'>tam</span> <span class='ocrx_word' id='word_1_283' title='bbox 1022 3699 1039 3744; x_wconf 89' lang='grc'>1</span> <span class='ocrx_word' id='word_1_284' title='bbox 1060 3698 1095 3743; x_wconf 83' lang='grc'>11</span> 
     </span>
     <span class='ocr_line' id='line_1_37' title="bbox 77 3772 1094 3860; baseline -0.009 -15"><span class='ocrx_word' id='word_1_285' title='bbox 77 3777 191 3845; x_wconf 86' lang='lat' dir='ltr'>ublioa</span> <span class='ocrx_word' id='word_1_286' title='bbox 209 3796 305 3859; x_wconf 89' lang='lat' dir='ltr'>quam</span> <span class='ocrx_word' id='word_1_287' title='bbox 322 3784 357 3839; x_wconf 90' lang='lat' dir='ltr'>ut</span> <span class='ocrx_word' id='word_1_288' title='bbox 370 3774 509 3860; x_wconf 87' lang='lat' dir='ltr'>collegae</span> <span class='ocrx_word' id='word_1_289' title='bbox 522 3773 654 3839; x_wconf 87' lang='lat' dir='ltr'>materia</span> <span class='ocrx_word' id='word_1_290' title='bbox 666 3773 708 3839; x_wconf 91' lang='lat' dir='ltr'>ad</span> <span class='ocrx_word' id='word_1_291' title='bbox 722 3795 849 3839; x_wconf 91' lang='lat' dir='ltr'>omnem</span> <span class='ocrx_word' id='word_1_292' title='bbox 861 3772 987 3838; x_wconf 89' lang='lat' dir='ltr'>laudem</span> <span class='ocrx_word' id='word_1_293' title='bbox 1001 3781 1094 3850; x_wconf 88' lang='lat' dir='ltr'>esset,</span> 
     </span>
     <span class='ocr_line' id='line_1_38' title="bbox 77 3864 1093 3961; baseline -0.008 -24"><span class='ocrx_word' id='word_1_294' title='bbox 77 3869 253 3961; x_wconf 79' lang='lat' dir='ltr'>tpublice,</span> <span class='ocrx_word' id='word_1_295' title='bbox 276 3871 363 3955; x_wconf 90' lang='lat' dir='ltr'>quod</span> <span class='ocrx_word' id='word_1_296' title='bbox 382 3892 450 3937; x_wconf 89' lang='lat' dir='ltr'>rem</span> <span class='ocrx_word' id='word_1_297' title='bbox 471 3868 644 3934; x_wconf 88' lang='lat' dir='ltr'>temeritate</span> <span class='ocrx_word' id='word_1_298' title='bbox 666 3869 734 3935; x_wconf 89' lang='lat' dir='ltr'>eius</span> <span class='ocrx_word' id='word_1_299' title='bbox 750 3867 932 3955; x_wconf 86' lang='lat' dir='ltr'>prolapsam</span> <span class='ocrx_word' id='word_1_300' title='bbox 948 3864 1093 3942; x_wconf 88' lang='lat' dir='ltr'>restituit,</span> 
     </span>
    </p>

    <p class='ocr_par' dir='ltr' id='par_1_5' title="bbox 77 3959 1128 4147">
     <span class='ocr_line' id='line_1_39' title="bbox 77 3959 1094 4055; baseline -0.01 -22"><span class='ocrx_word' id='word_1_301' title='bbox 77 3976 90 4033; x_wconf 92' lang='lat' dir='ltr'>t</span> <span class='ocrx_word' id='word_1_302' title='bbox 105 3965 274 4055; x_wconf 84' lang='lat' dir='ltr'>privatim,</span> <span class='ocrx_word' id='word_1_303' title='bbox 292 3964 379 4050; x_wconf 92' lang='lat' dir='ltr'>quod</span> <span class='ocrx_word' id='word_1_304' title='bbox 395 3987 437 4030; x_wconf 86' lang='lat' dir='ltr'>ex</span> <span class='ocrx_word' id='word_1_305' title='bbox 454 3985 557 4030; x_wconf 91' lang='lat' dir='ltr'>errore</span> <span class='ocrx_word' id='word_1_306' title='bbox 574 3963 708 4051; x_wconf 85' lang='lat' dir='ltr'>gratiam</span> <span class='ocrx_word' id='word_1_307' title='bbox 723 3963 829 4050; x_wconf 91' lang='lat' dir='ltr'>potius</span> <span class='ocrx_word' id='word_1_308' title='bbox 843 3962 911 4027; x_wconf 90' lang='lat' dir='ltr'>eius</span> <span class='ocrx_word' id='word_1_309' title='bbox 925 3959 986 4026; x_wconf 91' lang='lat' dir='ltr'>sibi</span> <span class='ocrx_word' id='word_1_310' title='bbox 997 3963 1094 4043; x_wconf 84' lang='lat' dir='ltr'>quam</span> 
     </span>
     <span class='ocr_line' id='line_1_40' title="bbox 77 4054 1128 4147; baseline -0.01 -20"><span class='ocrx_word' id='word_1_311' title='bbox 77 4082 154 4128; x_wconf 88' lang='lat' dir='ltr'>uam</span> <span class='ocrx_word' id='word_1_312' title='bbox 180 4059 315 4147; x_wconf 87' lang='lat' dir='ltr'>gloriam</span> <span class='ocrx_word' id='word_1_313' title='bbox 335 4059 434 4146; x_wconf 82' lang='lat' dir='ltr'>petiit.</span> <span class='ocrx_word' id='word_1_314' title='bbox 471 4068 599 4125; x_wconf 88' lang='lat' dir='ltr'>exactae</span> <span class='ocrx_word' id='word_1_315' title='bbox 620 4055 815 4124; x_wconf 84' lang='lat' dir='ltr'>iamaetatis</span> <span class='ocrx_word' id='word_1_316' title='bbox 840 4054 993 4122; x_wconf 86' lang='lat' dir='ltr'>Camillus</span> <span class='ocrx_word' id='word_1_317' title='bbox 1015 4061 1128 4133; x_wconf 70' lang='lat' dir='ltr'>erata</span> 
     </span>
    </p>
   </div>
   <div class='ocr_carea' id='block_1_3' title="bbox 0 0 1288 4524">
    <p class='ocr_par' dir='ltr' id='par_1_6' title="bbox 0 0 1288 4524">
     <span class='ocr_line' id='line_1_41' title="bbox 0 0 1288 4524; baseline 0 0"><span class='ocrx_word' id='word_1_318' title='bbox 0 0 1288 4524; x_wconf 95' lang='lat' dir='ltr'> </span> 
     </span>
    </p>
   </div>
  </div>
 </body>
</html>
