2566 4524
164 222 227 289 438
416 229 957 301 transmiseramus]

133 407 148 456 s
167 394 239 459 dem
257 390 365 477 copiae
384 397 455 454 ante
472 385 577 452 lucem
595 387 705 455 castris
720 409 878 476 egressae.
905 410 1007 473 eques
1022 413 1117 459 ausus
1128 391 1188 461 luce

167 490 295 559 demum
311 485 472 555 incursare
485 483 519 547 in
531 484 656 549 hostem
674 482 829 570 carpendo
846 484 1043 555 novissimos
1060 509 1186 574 premen-

166 585 271 667 doque
287 579 403 665 iniquis
422 578 464 642 ad
482 577 647 643 transitum
663 576 742 645 locis
761 600 876 666 agmen
897 578 1045 647 detinuit.
1079 582 1183 649 interim

165 678 264 765 pedes
282 674 420 761 equitem
438 673 621 752 adsecutus3
640 682 672 739 et
685 672 758 741 totis
771 673 836 741 iarn
849 673 952 760 copiis
962 671 1091 743 Samnis
1107 698 1181 765 urge
1215 732 1217 739 .

133 787 148 832 r
167 773 230 839 bat.
262 778 331 837 turn
343 767 485 845 dictator,
503 776 672 853 postquam
690 767 758 833 sino
775 789 892 855 magno
909 767 1110 839 incommodo
1122 793 1179 858 pro
1212 758 1217 787 ⁴

167 865 257 955 gredi
278 885 342 929 non
363 870 498 950 potarat,
523 885 595 931 cum
622 863 729 949 ipsum
748 862 869 947 inquo
890 863 1075 933 constiterat
1091 865 1176 933 locun

169 959 280 1027 castris
299 957 443 1025 dimetari
464 957 566 1023 iussit
601 957 635 1023 id
652 980 728 1023 vero
746 957 939 1029 circumfuso
956 960 1093 1046 undiquc
1106 960 1175 1045 oqui·

169 1064 250 1132 tatu,
269 1062 304 1119 ut
321 1050 438 1119 vallum
456 1061 614 1138 peteretur
631 1074 773 1139 opusque
790 1053 956 1140 inciperet,
979 1053 1051 1121 fieri
1065 1078 1122 1123 non
1133 1076 1177 1142 po-

134 1167 150 1215 a
168 1158 258 1215 terat.
285 1148 391 1234 itaque
405 1145 460 1212 ubi
474 1168 575 1235 neque
594 1146 689 1212 eundi
706 1168 809 1232 neque
826 1149 976 1217 manendi
995 1149 1113 1237 copiam
1122 1169 1175 1215 esse

168 1245 263 1323 videt,
282 1243 417 1309 instituit
435 1242 535 1309 aciem
552 1242 773 1329 inpedimentis
786 1265 826 1308 ex
839 1243 966 1330 agmine
984 1244 1118 1311 remotis.
1142 1243 1176 1309 in·

135 1358 149 1405 a
170 1347 294 1406 struunt
311 1346 420 1403 contra
437 1346 468 1402 et
485 1336 603 1415 hostes,
623 1345 653 1402 et
667 1337 780 1405 animis
793 1346 825 1403 et
837 1336 957 1405 viribus
974 1362 1078 1426 pares.
1102 1359 1176 1407 anne·

167 1444 216 1499 rat
233 1434 267 1498 id
284 1433 420 1499 maxime
438 1432 570 1511 animos,
589 1432 675 1516 quod
691 1431 802 1520 ignari,
821 1431 890 1499 loco
907 1432 1029 1519 iniquo,
1042 1429 1177 1501 nonbosti

169 1552 308 1606 cessum,
331 1528 417 1592 relut
443 1526 601 1617 fugientes
625 1549 661 1593 ac
683 1528 808 1594 territos
834 1526 988 1595 terribiles
1015 1529 1076 1616 ipsi
1100 1524 1178 1597 secuti

119 1640 152 1688 10
169 1625 303 1689 fuerant.
334 1623 368 1687 id
386 1622 577 1706 aliquamdiu
595 1623 742 1707 aequavit
759 1646 910 1711 pugnam,
924 1623 990 1689 iam
1008 1624 1126 1711 pridem
1139 1623 1178 1691 do·

170 1728 260 1785 sueto
271 1714 412 1784 Samnite
426 1716 595 1783 clamorem
603 1717 740 1787 Romani
753 1719 908 1785 exercitus
926 1719 1004 1806 pati.
1033 1729 1064 1787 et
1076 1716 1178 1787 hercula

169 1813 223 1879 illo
241 1813 293 1878 die
311 1811 351 1878 ab
370 1812 448 1878 hora
465 1812 528 1878 diei
545 1812 636 1879 tertia
653 1813 695 1879 ad
717 1823 861 1879 octavam
882 1813 928 1879 ita
949 1836 1069 1902 anceps
1090 1813 1179 1881 dicim

171 1919 330 1974 certamen
348 1907 486 1984 stetisse,
509 1916 545 1971 nt
562 1928 664 1992 neque
682 1907 814 1986 clamor,
838 1917 874 1973 ut
890 1907 994 1994 primo
1014 1909 1112 1977 semel
1125 1928 1179 1976 oon·

171 2024 265 2067 cursu
284 2010 332 2064 est
351 1999 507 2079 sublatus,
530 2001 660 2067 iteratus
679 2002 719 2067 sit
740 2024 843 2086 neque
861 2002 953 2090 signa
970 2013 1116 2091 promota
1129 2002 1180 2069 loct

121 2121 150 2168 11
172 2105 295 2160 retrove
312 2103 438 2180 recepta
455 2116 558 2179 neque
575 2118 737 2163 recursum
755 2096 795 2162 ab
814 2096 878 2165 ulla
895 2098 937 2165 sit
958 2109 1060 2184 parte
1094 2099 1127 2164 in
1140 2114 1180 2163 su

172 2188 315 2275 quisquis
333 2188 434 2276 gradu
453 2187 561 2255 obnixi
577 2200 726 2278 urgentes
745 2190 842 2256 scutis
861 2191 929 2257 sine
946 2192 1182 2280 respirationes

169 2293 316 2370 respectu
332 2282 531 2371 pugnabant3
554 2283 697 2352 fremitus
716 2285 855 2370 aequalis
874 2294 1028 2372 tenorque
1046 2287 1127 2353 idem
1139 2286 1182 2373 pu·

121 2394 152 2442 12>
170 2402 252 2467 gnae
266 2381 299 2444 in
308 2379 564 2466 defatigationem
577 2379 720 2445 ultimam
733 2389 788 2445 aut
800 2389 925 2446 noctem
940 2380 1115 2466 spectabat.
1136 2380 1182 2445 ian
1198 2378 1201 2385 ’

170 2475 244 2538 viris
258 2473 351 2551 vires,
365 2474 428 2538 iam
442 2472 524 2538 ferro
539 2496 596 2538 sua
608 2474 667 2550 ris,
682 2473 745 2539 iam
763 2473 893 2539 consilia
910 2473 1048 2540 ducibus
1066 2475 1182 2548 deerant,

171 2591 244 2634 cum
267 2567 371 2634 subito
396 2566 585 2633 Samnitium
608 2568 742 2652 equites,
771 2591 844 2634 cum
866 2577 970 2635 turma
993 2592 1059 2636 una
1079 2567 1182 2656 longius

170 2673 320 2750 provecta
342 2662 537 2749 accepissent
558 2663 772 2749 inpedimenta
789 2662 1010 2729 Romanorum
1033 2656 1182 2752 proculab

171 2758 298 2823 armatis
323 2759 390 2822 sine
415 2758 587 2843 praesidio,
615 2758 682 2823 sine
708 2759 902 2825 munimento
929 2768 1030 2838 stare,
1058 2758 1183 2826 avidiatt

122 2875 153 2922 13
172 2850 308 2938 praedae
322 2849 474 2935 impetum
488 2850 616 2917 faciunt.
644 2852 730 2937 quod
744 2852 799 2918 ubi
812 2853 956 2920 dictatori
968 2855 1112 2943 trepidus
1124 2872 1183 2920 nun·

172 2945 234 3009 tius
253 2943 377 3009 adtulit:
398 2944 479 3015 ‘sine
493 2947 607 3025 modo,'
625 2947 726 3032 inquit
744 2952 829 3013 ‘sese
846 2948 965 3034 praeda
982 2940 1183 3037 praepediant-³

172 3038 224 3103 alii
243 3037 355 3107 deinde
374 3061 468 3127 super
485 3040 562 3106 alios
582 3040 675 3127 diripi
691 3042 812 3127 passim
829 3040 967 3128 ferrique
985 3043 1129 3111 fortunas
1142 3038 1184 3107 nri·

122 3159 154 3205 14
172 3135 263 3201 litum
277 3135 538 3202 vociferabantur.
567 3146 634 3200 tum
646 3136 797 3224 magistro
811 3137 953 3224 equitum
966 3140 1086 3207 accito:
1104 3135 1183 3205 ‘uida

170 3231 225 3308 tu,'
242 3230 344 3316 inquit
363 3229 423 3297 ‘M.
433 3230 523 3309 Fabi,
539 3230 579 3296 ab
596 3229 736 3296 hostium
754 3232 857 3317 equite
876 3232 1032 3301 omissam
1049 3222 1183 3323 pugnaui

120 3338 153 3386 15
171 3325 301 3390 haerent
317 3325 448 3412 inpediti
465 3326 684 3413 inpedimentis
702 3327 828 3393 nostris.
860 3327 1048 3415 adgredere,
1062 3324 1184 3417 quodit-

171 3427 219 3481 ter
235 3418 450 3503 praedandum
468 3419 554 3485 omni
572 3419 764 3485 multitudini
782 3421 893 3499 evenit,
907 3421 1094 3510 dissipatos.
1116 3434 1183 3489 mitt

172 3511 261 3594 equis
283 3511 469 3592 insidentes,
491 3536 593 3592 raros,
617 3513 731 3598 quibus
753 3515 871 3581 sermm
892 3515 927 3581 in
944 3538 1046 3583 manu
1063 3517 1104 3585 sit
1117 3515 1183 3582 inre·

171 3606 255 3686 nies3
275 3628 434 3693 equosque
448 3608 523 3674 dum
535 3608 653 3696 praeda
671 3618 809 3688 onerant,
824 3609 923 3677 caede.
938 3610 1079 3679 inermes
1096 3626 1183 3678 cruet·

122 3712 154 3761 16
173 3709 300 3785 tamquo
322 3701 384 3768 illis
406 3703 556 3791 praedam
577 3703 684 3769 redde.
725 3704 803 3770 mihi
829 3703 973 3793 legiones
1001 3706 1182 3795 pedrtunnm

169 3817 279 3883 pugna
297 3818 389 3863 ornae
407 3807 511 3864 erunt:
533 3819 631 3885 penes
650 3808 681 3864 te
699 3807 844 3887 equestre
863 3797 904 3864 sit
921 3799 1045 3868 decus?

139 3899 154 3948 t
235 3889 460 3957 XXXVIIII.
482 3891 637 3978 Equitum
651 3893 745 3972 acies,
759 3892 862 3979 qualis
879 3914 963 3979 quae
981 3915 1056 3963 esse
1072 3894 1181 3961 insum

171 3983 294 4052 tissima
315 3995 432 4073 potest,
454 3987 579 4055 invecta
599 3988 633 4053 in
654 3988 823 4076 dissipatos
845 3988 1070 4078 inpeditosque
1093 3988 1178 4055 hosltt
