2550 4530
343 250 462 309 arena
479 250 522 322 X,
540 250 583 307 11.
602 249 822 323 [aenaeae]
1034 239 1121 308 505*

76 411 200 497 equites,
224 408 265 477 ab
286 408 399 496 rapido
420 430 516 476 cursu
538 409 780 498 cnsumagendo
803 431 885 496 equo
903 409 1025 479 effusus
1044 434 1100 479 ex·
1208 482 1209 486 ,
1254 426 1257 437 ·

76 506 180 593 templo
198 527 297 592 prope
315 503 478 591 expiravit.
507 503 616 570 tertius
634 503 674 570 ab
688 526 726 572 eo
744 526 821 572 casu
838 505 906 572 dies
923 504 996 574 finis
1013 505 1098 574 vitae

76 601 185 668 consuli
207 600 276 665 fuit
313 621 377 684 quo
398 598 485 664 velut
506 598 610 665 omine
632 597 707 666 belli
728 609 858 688 accepto
881 600 958 668 deos
980 623 1038 688 pro
1061 620 1132 671 sec

77 695 261 762 commisisse
280 693 401 761 bellum
418 703 627 760 memorantes
644 693 775 762 Etrusci
792 695 948 764 sustulere
964 696 1097 763 animos.

75 785 184 858 Romae
211 811 285 857 cum
310 788 465 855 desiderio
487 788 546 853 viri
573 797 640 854 tum
665 789 922 858 incommoditate
947 791 1133 878 temperies

76 884 161 952 tristis
180 883 311 950 nuntius
329 882 404 962 fuit,
425 894 462 949 ut
478 892 583 970 patres
602 882 642 949 ab
660 883 798 951 iubendo
816 885 967 954 dictatore
984 908 1100 955 consu-

74 973 103 1045 lis
124 978 318 1066 subrogandi
340 977 467 1044 comitia
483 1000 524 1044 ex
541 977 695 1044 sententia
715 978 893 1065 principum
913 979 1022 1051 habita
1044 982 1100 1048 de-

74 1073 237 1140 terruerint
277 1071 326 1138 M
345 1071 508 1138 Valerium
526 1071 689 1138 consulem
705 1094 816 1140 omnes
835 1076 1008 1142 sententiae
1025 1095 1133 1144 cen-4

74 1169 228 1252 turiaeque
250 1167 371 1245 dixere,
395 1188 490 1252 quem
512 1176 640 1233 senatus
663 1167 847 1235 dictatorem
869 1168 933 1236 dici
951 1169 1098 1236 iussurus

74 1258 176 1329 tuerat
218 1271 286 1327 tum
308 1260 467 1348 extemplo
487 1261 521 1327 in
537 1259 699 1327 Etruriam
716 1262 759 1329 ad
779 1262 920 1350 legiones
941 1264 1099 1350 proficisci

75 1358 164 1424 ussit.
188 1357 343 1424 adventus
357 1356 424 1422 eius
439 1357 614 1442 conpressit
621 1355 776 1426 Etruscos
789 1360 878 1437 adeo,
888 1367 925 1425 ut
936 1379 1029 1426 nemo
1043 1382 1098 1427 ex·
1116 1377 1133 1428 s

74 1474 108 1521 ra
121 1453 320 1520 munimenta
337 1452 445 1540 egredi
462 1452 592 1519 auderet
609 1453 764 1538 timorque
781 1453 924 1540 ipsorum
941 1452 1098 1522 obsidioni

74 1548 176 1615 imilis
186 1557 280 1614 esset.
298 1569 402 1632 neque
415 1547 486 1615 illos
498 1569 602 1614 novus
615 1546 726 1614 consul
733 1548 990 1638 vastandisagris
1004 1572 1097 1616 uren-
1116 1569 1132 1618 s

74 1643 176 1730 lisque
194 1643 295 1721 tectis,
310 1665 383 1709 cum
399 1643 520 1728 passim
537 1664 601 1708 non
613 1641 707 1710 villae
721 1642 833 1723 solum,
848 1644 906 1711 sed
917 1644 1099 1731 frequentes

74 1760 189 1824 [unque
201 1737 264 1804 vici
280 1737 434 1803 incendiis
451 1737 618 1815 fumarent,
633 1736 744 1804 elicere
757 1738 799 1805 ad
812 1747 970 1806 certamen
985 1739 1097 1826 potuit.

127 1833 213 1900 cum
230 1832 292 1898 hoc
309 1831 438 1918 segnius
456 1830 574 1899 bellum
591 1831 738 1918 opinione
755 1841 850 1913 esset,
864 1832 992 1900 alterius
1010 1833 1094 1913 belli,
1117 1849 1131 1898 c

74 1928 150 2014 [nod
180 1927 287 1993 multis
323 1927 460 1993 invicem
491 1924 633 1993 cladibus
668 1925 754 1993 haud
787 1927 931 1994 inmerito
960 1926 1097 1994 terribile

74 2033 144 2101 rat,
172 2022 260 2088 fame
280 2021 458 2089 Picentium
484 2036 638 2088 novorum
664 2022 821 2089 sociorum
846 2021 962 2090 indicio
989 2032 1098 2089 exorta

74 2130 128 2188 stc
153 2115 313 2185 Samnites
333 2141 421 2183 arma
437 2127 469 2183 et
485 2116 688 2184 rebellionem
707 2129 862 2204 spectare,
884 2141 982 2204 seque
1000 2118 1040 2187 ab
1057 2118 1097 2187 iis

74 2212 249 2282 ¹ollioitatos
272 2234 353 2279 esse.
388 2210 574 2278 Picentibus
595 2211 716 2299 gratiae
733 2221 822 2278 actae
840 2221 872 2279 et
888 2235 1005 2300 magna
1021 2235 1095 2299 pers
1114 2229 1132 2277 8

74 2330 161 2374 turae
180 2306 322 2393 patribus
340 2305 381 2373 ab
398 2305 527 2372 Etruria
543 2305 578 2371 in
597 2303 757 2373 Samnites
774 2328 868 2373 versa
889 2316 947 2373 est.
983 2306 1096 2372 caritas
1115 2324 1131 2371 s

74 2403 161 2471 ctiam
183 2396 327 2469 annonae
345 2402 511 2468 sollicitam
528 2400 688 2468 civitatem
704 2399 829 2480 habuit,
846 2409 1038 2486 ventumque
1056 2400 1097 2466 ad

74 2497 189 2583 nopiae
207 2496 352 2562 ultimum
369 2496 465 2574 foret,
488 2505 524 2561 ut
540 2494 695 2581 scripsere
712 2494 827 2580 quibus
845 2493 979 2560 aedilem
995 2494 1096 2561 fuisse

74 2615 100 2658 eo
119 2613 205 2658 anno
220 2589 357 2656 Fabium
373 2589 554 2657 Maximum
570 2590 683 2677 placet,
701 2590 736 2656 ni
752 2589 820 2656 eius
838 2589 898 2656 viri
915 2611 1000 2668 cura,
1018 2611 1097 2674 qua-

74 2687 102 2753 is
119 2685 154 2751 in
166 2684 287 2751 belbeis
304 2684 400 2753 rebus
417 2685 525 2751 multis
541 2683 781 2772 tempestatibus
799 2684 911 2764 suerat,
925 2683 997 2753 tulis
1010 2684 1098 2750 domi

75 2802 133 2846 um
149 2779 183 2844 in
200 2802 342 2846 annonae
360 2780 594 2866 dispensatione
611 2779 828 2867 praeparando
841 2801 878 2847 ac
893 2778 1097 2848 convehendo

74 2874 224 2941 'numento
241 2874 365 2940 suisset.

129 2969 183 3035 Eo
201 2991 284 3034 anno
298 3007 340 3017 —
353 2991 412 3034 nec
430 2970 563 3034 traditur
580 2991 676 3035 causa
689 3004 732 3016 -
744 2969 959 3056 interregnum
975 2969 1097 3036 initum.
1117 2984 1150 3033 10

74 3072 239 3150 nterreges
257 3063 346 3131 fuere
360 3065 424 3150 Ap.
437 3063 601 3140 Claudius,
621 3062 694 3128 dein
706 3062 746 3128 P.
757 3060 928 3149 Sulpicius.
954 3063 983 3128 is
1001 3064 1099 3128 comi-

74 3160 110 3224 ia
127 3158 306 3226 consularia
322 3158 441 3237 habuit,
456 3158 573 3225 creavit
585 3159 627 3223 L.
639 3155 822 3225 Cornelium
833 3154 1023 3243 Scipionem,
1036 3154 1097 3223 On.

74 3253 216 3319 l'ulvium
238 3253 395 3319 consules.
429 3253 583 3340 principio
608 3252 703 3319 huius
730 3252 805 3319 anni
831 3260 969 3317 oratores
990 3251 1098 3316 Luca-
1116 3266 1147 3315 11

74 3371 181 3416 rorum
198 3348 241 3415 ad
256 3370 356 3415 novos
379 3348 524 3414 consules
542 3356 695 3414 venerunt
716 3356 877 3432 questum,
900 3345 974 3431 quia
991 3346 1098 3417 condi·

74 3443 210 3512 tionibus
232 3443 382 3530 perlicere
401 3465 436 3509 se
453 3443 650 3528 nequiverint
667 3443 709 3509 ad
731 3441 912 3509 societatem
929 3463 1096 3519 armorum,

74 3537 228 3607 Samnites
245 3538 361 3605 infesto
378 3538 518 3606 exercitu
534 3538 696 3626 ingressos
713 3536 792 3604 fines
806 3556 881 3603 suos
894 3544 1019 3603 vastare
1031 3534 1099 3602 bel-

74 3633 225 3718 oque-ad
246 3631 365 3699 bellum
387 3655 510 3719 cogere.
545 3633 678 3698 Lucano
700 3629 819 3718 populo
841 3629 918 3696 satis
941 3651 1098 3717 superque
1118 3645 1150 3694 12

74 3738 205 3795 erratum
231 3728 405 3813 quondam,
431 3751 515 3795 nunc
536 3729 581 3794 ita
602 3727 776 3794 obstinatos
803 3726 924 3793 animos
951 3747 1036 3802 esse,
1064 3733 1100 3788 ut

74 3824 175 3890 >mnia
191 3823 273 3889 ferre
292 3846 329 3889 ac
348 3824 413 3909 pati
430 3822 622 3889 tolerabilius
640 3823 766 3901 ducant,
781 3844 878 3907 quam
895 3829 931 3886 ut
947 3840 1099 3902 umquam

74 3927 179 4005 postea
195 3939 312 3984 nomen
328 3917 509 3983 Romam
526 3917 653 3984 violent.
690 3939 778 3983 orare
795 3925 910 4002 patres,
928 3921 964 3978 ut
980 3921 1013 3977 et
1029 3911 1099 3976 Lu·
1117 3926 1150 3977 rs

74 4034 165 4093 canos
190 4012 225 4077 in
250 4011 346 4078 fidem
371 4012 528 4099 accipiant
554 4023 585 4078 et
611 4012 676 4077 vim
702 4021 796 4096 atque
822 4008 968 4075 iniuriam
994 4004 1034 4072 ab
1062 4027 1097 4072 se
