2566 4524
177 242 242 310 316
435 254 553 309 arura
569 252 624 323 vr,
644 252 742 308 11.12.
763 253 948 323 [auseae]

178 426 290 501 tesqua
317 434 422 479 arcem
449 411 617 498 depulerit3
645 411 730 476 illius
757 410 876 497 gloriae
902 432 979 498 pars
1004 413 1101 480 virilis
1124 414 1187 503 apul

178 533 288 578 omnes
305 509 421 574 milites
440 508 490 585 sit,
508 507 562 592 qui
581 506 675 572 simul
692 505 833 585 vicerint,
852 528 930 572 suae
945 506 1097 575 victoriae
1112 510 1189 576 neni·

144 628 160 679 6
177 629 251 673 nem
269 603 409 671 omnium
426 602 604 667 mortalium
622 601 743 668 socium
761 623 841 668 esse.
880 600 932 668 his
949 602 1143 689 opinionibus
1155 607 1190 672 in·

176 702 251 768 flato
269 699 384 776 animo,
403 697 444 762 ad
460 696 522 762 hoc
535 697 611 762 vitio
625 718 752 782 quoque
764 695 883 784 ingenii
895 696 1068 766 vehemens
1081 702 1190 789 etinpo·

177 805 258 872 tens,
276 802 445 880 postquam
458 791 539 856 inter
551 800 656 877 patres
669 813 733 856 non
747 800 900 875 quantum
914 814 1053 877 aequum
1066 794 1191 862 censebat

143 908 159 961 a
178 888 331 955 excellere
349 909 423 952 suas
443 908 519 972 opes
538 885 770 963 animadvertit,
797 886 919 972 primus
941 889 1085 955 omnium
1099 912 1133 957 ex
1145 912 1192 977 pc·
1220 938 1222 975 Ι

177 983 277 1050 tribus
295 981 455 1068 popularis
474 981 577 1047 factus
596 1002 668 1046 oum
684 980 817 1067 plebeiis
831 982 1071 1070 magistratibus
1085 985 1192 1051 oonsilio

178 1077 418 1155 communicare,
434 1075 631 1159 criminando
648 1084 763 1162 patres,
781 1075 957 1143 adliciendo
975 1078 1018 1143 ad
1031 1100 1067 1145 se
1079 1078 1192 1166 plebem,
1218 1086 1222 1107 ⁴

177 1174 241 1239 iam
254 1196 339 1250 aura,
357 1193 422 1237 non
435 1171 565 1237 consilio
579 1169 653 1235 ferri
665 1170 834 1255 famaeque
852 1194 988 1259 magnae
1005 1173 1100 1240 malle
1116 1194 1193 1261 quan

143 1288 160 1338 8
177 1269 279 1335 bonae
297 1290 377 1333 esse.
414 1275 445 1332 et
461 1289 526 1331 non
543 1275 708 1332 contentus
726 1267 857 1353 agrariis
875 1266 1016 1355 legibus,
1043 1290 1124 1354 quae
1140 1291 1193 1334 rna·
1219 1268 1222 1325 ἐ

176 1363 255 1429 teria
273 1385 397 1449 semper
414 1360 547 1427 tribunis
565 1361 652 1448 plebi
670 1362 859 1427 seditionum
880 1362 1010 1443 fuisset,
1033 1364 1127 1430 fidem
1140 1384 1193 1429 mo·
1219 1396 1222 1421 ι

177 1457 227 1523 liri
246 1457 361 1542 coepit:
385 1457 519 1522 acriores
538 1456 656 1542 quippe
674 1455 754 1520 aeris
774 1455 868 1522 alieni
885 1456 1031 1525 stimulos
1051 1481 1133 1539 esse,
1151 1454 1194 1544 qu'

177 1575 242 1617 non
250 1560 422 1639 egestatem
432 1551 526 1616 modo
536 1561 629 1634 atque
642 1549 849 1637 ignominiam
862 1552 1031 1633 minentur,
1051 1554 1194 1620 sednervo

143 1666 159 1718 9
178 1669 216 1713 ac
237 1646 370 1711 vinculis
393 1667 506 1731 corpus
528 1644 662 1710 liberum
684 1644 834 1712 territent
874 1657 906 1712 et
927 1657 996 1714 erat
1013 1648 1097 1714 aeris
1117 1642 1193 1713 alieni

178 1765 294 1830 magna
311 1741 360 1808 vis
377 1763 412 1807 re
434 1740 677 1806 damnosissima
699 1741 793 1806 etiam
816 1741 981 1822 divitibus,
1008 1741 1215 1821 aedificando.-

179 1847 346 1903 contraota.
382 1835 501 1902 bellum
518 1835 623 1920 itaque
641 1834 808 1915 Volscum,
832 1859 930 1922 grave
951 1858 1010 1924 per
1032 1860 1082 1918 se,
1104 1858 1193 1904 onan·

178 1942 245 1998 tum
261 1932 450 1998 Latinorum
468 1940 562 2015 atque
579 1930 1001 2012 Hernicorum-defectione,
1023 1932 1059 1998 in
1076 1931 1213 2020 speciem

128 2047 160 2097 10
178 2048 292 2091 causae
310 2026 474 2103 iactatum,
493 2034 528 2089 ut
546 2025 646 2090 maior
661 2034 802 2112 potestas
821 2036 1038 2111 quaereretur:
1057 2028 1114 2094 scd
1127 2034 1209 2092 nort·

178 2120 309 2186 consilia
329 2118 443 2185 Manlii
464 2121 566 2208 magis
594 2121 762 2207 conpulere
789 2130 934 2188 senatum
959 2123 1002 2188 ad
1029 2122 1202 2191 ffioaurmi

179 2215 357 2280 creandum.
394 2223 516 2280 creatus
534 2214 576 2280 A.
593 2213 759 2281 Cornelius
779 2214 902 2283 Cossus
920 2217 1108 2306 magistrum
1124 2212 1193 2302 equi·

177 2320 245 2375 tum
263 2311 342 2375 dixit
360 2310 398 2375 Τ.
419 2309 603 2392 Quinctium
622 2309 845 2397 Capitolinum.

145 2427 159 2475 1
241 2405 323 2470 XII.
355 2404 502 2469 Dictator
519 2404 578 2471 etsi
596 2405 746 2469 maiorem
764 2404 998 2472 dimicationem
1017 2405 1193 2494 propositam

177 2501 264 2567 domi
281 2523 376 2585 quam
393 2499 469 2565 soris
488 2499 648 2577 cernebat,
676 2508 795 2578 tamen,
824 2522 881 2565 seu
898 2500 973 2584 quia
995 2494 1192 2567 celeritateel

176 2595 294 2662 bellum
312 2618 392 2680 opus
411 2603 476 2658 erat
494 2617 551 2660 seu
568 2594 697 2660 victoria
715 2593 936 2679 triumphoque
952 2594 1128 2661 dictaturae
1145 2588 1192 2680 ipsi

176 2691 259 2756 vires
279 2711 313 2755 se
332 2689 511 2753 additurum
527 2698 624 2767 ratus,
644 2688 760 2753 dilectu
776 2687 884 2754 habito
899 2687 932 2753 in
945 2712 1060 2776 agrum
1072 2684 1194 2775 Pompt-

176 2809 266 2863 num,
291 2806 353 2868 quo
372 2807 391 2849 a
408 2783 535 2849 Volscis
554 2784 725 2850 exercitum
742 2784 896 2849 indictum
921 2785 1079 2864 audierat,
1101 2780 1192 2872 perp‘t.

142 2898 158 2947 2
176 2902 240 2944 non
258 2877 377 2957 dubito,
395 2887 519 2964 praeter
536 2881 711 2945 satietatem
729 2888 775 2944 tot
791 2878 856 2944 iam
873 2878 962 2945 libris
984 2875 1194 2947 adsiduabellt

177 2996 249 3038 cum
266 2972 393 3039 Volscis
416 2982 507 3061 gesta
527 2972 704 3061 legentibus
726 2974 804 3038 illud
827 2995 953 3058 quoque
977 2992 1192 3047 succursurum

176 3068 262 3152 quod
280 3067 357 3133 mihi
374 3070 571 3155 percensenti
588 3068 749 3154 propiores
768 3067 961 3153 temporibus
975 3068 1091 3134 harum
1106 3086 1192 3134 rernn

178 3172 321 3230 auctores
340 3163 490 3230 miraculo
508 3163 582 3242 suit,
604 3164 689 3228 unde
708 3163 821 3228 totiens
840 3163 931 3228 victis
949 3160 1081 3229 Volscis
1099 3172 1129 3228 et
1142 3159 1192 3227 Ae·

143 3259 248 3344 equis
272 3259 453 3325 suffecerint
474 3258 598 3323 milites.
640 3257 725 3341 quod
751 3280 823 3323 cum
849 3255 889 3322 ab
918 3257 1057 3342 antiquis
1084 3258 1191 3324 tacitus

176 3353 495 3438 praetermissumque
514 3352 567 3429 sit,
595 3353 684 3417 cuius
708 3352 835 3416 tandem
856 3373 918 3437 ego
934 3350 982 3416 rei
1002 3361 1129 3438 praeter
1142 3344 1192 3435 opi·

176 3447 315 3526 nionem,
343 3470 424 3532 quas
444 3472 501 3513 sua
519 3448 632 3532 cuique
654 3447 841 3513 coniectanti
864 3468 934 3512 esse
955 3456 1077 3532 potest,
1103 3452 1191 3513 auctu

142 3561 160 3608 4
178 3541 257 3607 sim?
287 3541 387 3606 simile
404 3543 472 3608 veri
489 3552 551 3621 est,
575 3552 629 3608 aut
646 3541 817 3607 intervallis
835 3541 1005 3621 bellorum,
1029 3542 1112 3608 sicut
1126 3552 1190 3606 nint

176 3636 209 3700 in
227 3635 392 3703 dilectibus
411 3637 446 3702 fit
462 3638 616 3704 Romanis
622 3686 631 3717 ,
655 3638 715 3703 alia
734 3647 827 3723 atque
845 3637 906 3702 alia
924 3636 1036 3704 subole
1054 3637 1189 3704 iuniorum

176 3731 217 3795 ad
234 3729 318 3796 bella
334 3732 539 3798 instauranda
556 3734 670 3798 totiens
688 3755 764 3798 usos
782 3754 867 3811 esse,
892 3741 946 3797 aut
963 3755 1029 3798 non
1047 3755 1093 3798 ex
1109 3730 1189 3797 isdem

177 3847 301 3911 semper
317 3826 442 3912 populis
461 3826 617 3893 exercitus
632 3826 775 3913 scriptos,
794 3844 989 3911 quamquam
1002 3826 1113 3893 eadem
1125 3840 1190 3889 scm·

141 3938 232 4006 tper
253 3943 331 4008 gens
354 3920 471 3987 bellum
493 3922 644 4001 intulerit,
673 3931 727 3988 aut
748 3920 1010 3986 innumerabilem
1035 3910 1189 4021 multitud·

174 4038 248 4081 nem
265 4016 433 4083 liberorum
453 4016 591 4104 capitum
608 4017 641 4082 in
659 4018 705 4082 eis
724 4017 822 4083 fuisse
841 4016 929 4096 locis,
948 4037 1029 4100 quae
1040 4034 1132 4092 nunc,
1147 4020 1187 4074 πί
