2566 4524
346 229 465 284 amna
481 231 509 300 1,
523 230 565 284 ar.
579 230 622 286 aa.
642 229 720 298 [ao.
731 230 880 300 cra-640]
1087 222 1128 287 31

97 410 182 468 esse,
201 410 261 454 ano
279 388 370 452 iussu
387 387 581 452 circumduci
597 386 762 452 Albanum
779 387 962 466 exercitum,
981 400 1017 454 ut
1034 391 1130 456 Fide-

96 484 217 551 natium
230 483 317 548 nuda
330 491 420 569 terga
432 482 592 546 invadant.
618 483 703 547 idem
716 483 858 567 imperat,
871 493 907 546 ut
920 484 1028 549 hastas
1042 480 1130 570 equi-

96 592 144 646 tes
162 578 329 665 erigerent.
358 577 399 640 -id
412 577 535 641 'factum
546 598 688 664 ‘magnae
709 577 790 663 parti
811 577 953 663 peditum
970 578 1130 646 Romano-
1148 602 1163 651 9

97 692 166 740 rum
194 681 400 757 conspectum
422 670 566 737 abeuntis
589 670 709 736 Albani
735 672 889 738 exercitus
916 673 1128 763 intersaspslt3
1158 695 1161 704 ’

98 768 152 853 qui
168 767 323 843 viderant,
341 766 376 831 id
393 766 478 849 quod
495 765 535 830 ab
553 788 629 852 rege
647 766 789 830 auditum
806 768 1129 847 enat¹rati,¹eo·ao1ius

96 871 253 950 pugnant.

160 956 281 1021 Terror
305 955 347 1018 ad
376 954 485 1019 hostes
512 953 641 1018 transit:
673 964 705 1018 et
731 955 915 1020 audiverant
932 956 1026 1022 alara
1047 980 1129 1023 uoce

97 1051 218 1116 dictum
240 1059 272 1113 et
293 1071 410 1134 magna
431 1070 504 1134 pars
526 1048 741 1126 Fidenatium,
770 1058 805 1113 ut
827 1049 881 1132 qui
903 1049 1006 1114 coloni
1028 1051 1130 1115 additi

97 1145 251 1211 Romanis
265 1155 380 1222 essent,
394 1143 510 1208 Latine
525 1143 674 1208 sciebant.
709 1143 825 1228 itaque,
839 1166 879 1208 ne
892 1145 998 1210 subito
1013 1168 1053 1210 ex
1063 1146 1130 1212 ‘ccl-
1149 1167 1181 1215 10

98 1240 179 1306 libus
194 1239 332 1303 decursu
340 1236 539 1302 Albanorum
552 1237 832 1302 intercluderentur
845 1238 884 1303 ab
900 1240 1024 1324 oppido,
1040 1249 1129 1327 terga

97 1343 234 1398 uertunt.
260 1332 357 1396 instat
370 1331 482 1396 Tullus
499 1331 636 1416 fusoque
649 1331 959 1397 Fidenatiumcornu
972 1334 1004 1397 in
1013 1333 1130 1399 Veian-
1217 1390 1221 1396 .

99 1437 160 1493 tem
173 1426 283 1492 alieno
300 1447 417 1511 pavore
435 1426 614 1512 perculsum
632 1426 766 1491 ferocior
778 1426 868 1491 redit.
896 1450 955 1492 neo
967 1428 1129 1494 illiftulere

98 1523 265 1608 impeturn,
289 1520 346 1584 sed
368 1519 408 1584 ab
431 1520 533 1585 effusa
554 1520 633 1606 fuga
653 1520 771 1585 flumen
793 1521 951 1586 obiectum
972 1522 1013 1587 ab
1029 1533 1129 1608 tergo

97 1616 236 1683 arcebat.
272 1637 335 1699 quo
357 1625 525 1701 postquam
546 1616 624 1702 fuga
650 1616 824 1695 inclinavit,
853 1617 906 1682 alii
924 1641 1014 1682 arma
1036 1618 1128 1683 foede
1149 1642 1178 1689 11

98 1711 252 1776 iactantes
270 1710 303 1773 in
321 1732 436 1793 aquam
453 1710 540 1775 caeci
555 1709 698 1788 ruebant,
718 1710 780 1788 alii,
800 1711 1079 1776 dumcunctantur
1096 1714 1130 1777 in

96 1807 185 1892 ripis,
205 1805 287 1869 inter
303 1804 399 1891 fugae
416 1827 604 1892 pugnaeque
622 1805 954 1891 consilium-obpressi.
979 1825 1050 1870 'non
1068 1807 1130 1871 alia

100 1911 172 1967 ante
190 1900 337 1964 Romana
354 1921 462 1986 pugna
479 1899 611 1964 atrocior
628 1900 698 1964 fuit.

162 1993 335 2060 XXVlII.
358 1993 442 2057 Tum
460 1993 607 2059 Albanus
626 1995 792 2072 exercitus,
810 2005 968 2079 spectator
985 1997 1128 2060 certami-
1149 2020 1160 2066 1

97 2091 161 2169 nis,
186 2090 341 2154 deductus
363 2089 397 2152 in
413 2106 558 2174 campos.
593 2087 727 2153 Mettius
746 2089 840 2154 Tullo
859 2091 999 2154 devictos
1021 2090 1128 2155 hostes

98 2185 288 2274 gratulatur,
317 2193 425 2249 contra
451 2185 564 2249 Tullus
591 2185 740 2248 Mettium
771 2185 908 2272 benigne
940 2186 1127 2270 adloquitur.

98 2280 185 2364 quod
203 2279 285 2344 bene
303 2288 412 2356 vertat,
431 2288 534 2344 castra
542 2277 687 2343 Albanos
701 2279 853 2343 Romanis
872 2281 981 2344 castris
1000 2281 1129 2367 iungere

96 2374 201 2451 iubet,
229 2373 416 2438 sacrificium
443 2373 571 2438 lustrale
597 2374 631 2437 in
653 2374 736 2437 diem
758 2384 918 2458 posterum
940 2384 1038 2460 parat
1075 2375 1129 2440 ubi
1148 2396 1162 2440 2

96 2468 226 2546 inluxit,
247 2468 362 2553 paratis
372 2468 541 2545 omnibus,
559 2478 595 2533 ut
613 2467 746 2545 adsolet,
770 2468 876 2532 vocari
895 2468 1129 2533 adcontionem

98 2574 269 2646 utrumque
292 2563 463 2628 exercitum
475 2563 580 2628 'iubet
616 2584 801 2649 praecones,
826 2562 865 2627 ab
889 2573 1028 2626 extremo
1055 2563 1127 2640 orsi,

97 2659 218 2746 primos
242 2657 385 2722 excivere
402 2657 557 2724 Albanos.
592 2659 615 2722 ii
637 2659 775 2723 novitate
798 2657 892 2722 etiam
914 2657 960 2721 rei
975 2657 1071 2735 moti,
1084 2668 1129 2722 *ut

94 2770 210 2842 regem
222 2753 407 2819 ¹Ronlanum
429 2753 660 2818 contionantem
682 2753 833 2829 audirent,
848 2752 992 2836 ¹pronimi
1014 2753 1130 2817 consti·

98 2858 173 2914 tete.
196 2868 235 2912 ex
263 2848 425 2934 conposito
436 2858 558 2912 armata
567 2848 778 2912 circumdatur
786 2847 931 2912 Romana
943 2847 1129 2934 legi03cen-
1148 2869 1162 2914 3

100 2942 277 3008 turionibus
289 2943 582 3029 datum'ne‘gotium
596 2952 672 3020 erat,
687 2951 723 3006 ut
741 2943 807 3007 sine
821 2962 909 3006 mora
918 2942 1058 3026 imperia
1069 2954 1130 3006 ux-

101 3045 318 3119 aequarentur.

167 3129 252 3195 Tum
269 3130 315 3194 ita
332 3129 443 3194 Tullus
461 3130 543 3195 infit:
569 3129 728 3208 ‘Romani,
743 3131 775 3194 si
791 3152 943 3213 umquam
961 3139 1033 3193 ante
1045 3130 1127 3195 'alias
1147 3151 1162 3195 t

99 3225 163 3292 ullo
184 3225 220 3289 in
232 3223 324 3290 ³bello
340 3224 415 3303 fnit,
438 3225 680 3310 quouzprimum
698 3224 747 3289 dis
770 3222 988 3288 inmortalibus
1011 3223 1127 3310 gratias

99 3319 246 3407 ageretis,
257 3319 369 3384 deinde
383 3329 506 3384 vestrae
517 3319 660 3405 ipsorum
669 3319 790 3396 uirtuti,
800 3319 981 3383 hesternum
993 3317 1129 3404 ltltproe·

94 3412 175 3479 lium
188 3413 271 3477 *suit
306 3413 489 3478 dimicatum
507 3425 556 3480 est
573 3414 656 3479 enim
679 3436 743 3478 non
765 3413 867 3500 magis
891 3435 962 3476 cum
975 3413 1128 3478 bostlbus

95 3508 495 3592 atnam,·'quae·dimicatio
513 3509 612 3574 maior
634 3519 728 3593 atque
750 3508 954 3595 periculosior
966 3519 1032 3585 est,
1056 3528 1129 3572 cum

94 3603 277 3688 proditione
293 3623 332 3667 ac
347 3603 479 3690 perfidia
494 3605 663 3669 sociorum.
694 3627 777 3681 nam,
792 3625 832 3668 ne
847 3625 905 3668 ros
924 3602 1128 3688 falsaopinio
1147 3624 1161 3669 5

99 3704 216 3776 teneat,
239 3696 453 3763 iniussu'meo
470 3697 589 3764 Albani
612 3698 736 3764 subiere
754 3699 796 3762 ad
813 3706 935 3763 montes
953 3718 1013 3761 nec
1029 3697 1129 3782 impe-

94 3792 177 3861 tium
193 3782 416 3871 illud'tneum,
426 3793 676 3859 ‘aed-consilium
694 3803 725 3858 et
742 3792 865 3878 imperii
878 3791 1038 3857 'simulatio
1054 3791 1126 3869 'suit

99 3899 133 3952 nt
147 3910 209 3955 nec
225 3885 337 3965 abbis,
352 3887 576 3975 ignorantibus
600 3887 703 3953 deseri
716 3902 795 3965 'vos‚
818 3896 1008 3952 averteretur
1026 3908 1045 3949 a
1062 3906 1128 3949 cer-

102 3984 215 4050 tamine
229 3982 361 4050 'animua
379 3991 411 4048 et
427 3982 582 4063 hostibus,
602 3981 820 4049 circumveniri
837 4003 871 4047 se
884 3981 924 4046 ab
939 3979 1126 4065 ter'goratia,
