<?xml version="1.0" encoding="UTF-8"?>
<!DOCTYPE html PUBLIC "-//W3C//DTD XHTML 1.0 Transitional//EN"
    "http://www.w3.org/TR/xhtml1/DTD/xhtml1-transitional.dtd">
<html xmlns="http://www.w3.org/1999/xhtml" xml:lang="en" lang="en">
 <head>
  <title>
</title>
<meta http-equiv="Content-Type" content="text/html;charset=utf-8" />
  <meta name='ocr-system' content='tesseract 3.04.00' />
  <meta name='ocr-capabilities' content='ocr_page ocr_carea ocr_par ocr_line ocrx_word'/>
</head>
<body>
  <div class='ocr_page' id='page_1' title='image "./titiliviaburbec01weisgoog_0464.png"; bbox 0 0 2566 4524; ppageno 0'>
   <div class='ocr_carea' id='block_1_1' title="bbox 315 269 1124 349">
    <p class='ocr_par' dir='ltr' id='par_1_1' title="bbox 315 269 1124 349">
     <span class='ocr_line' id='line_1_1' title="bbox 315 269 1124 349; baseline 0.001 -16"><span class='ocrx_word' id='word_1_1' title='bbox 315 277 434 333; x_wconf 78' lang='lat' dir='ltr'><strong>LIBER</strong></span> <span class='ocrx_word' id='word_1_2' title='bbox 450 277 521 349; x_wconf 84' lang='lat' dir='ltr'><strong>vn,</strong></span> <span class='ocrx_word' id='word_1_3' title='bbox 540 278 584 332; x_wconf 80' lang='grc'><strong>11.</strong></span> <span class='ocrx_word' id='word_1_4' title='bbox 598 278 641 332; x_wconf 84' lang='grc'><strong>11.</strong></span> <span class='ocrx_word' id='word_1_5' title='bbox 659 281 699 347; x_wconf 78' lang='lat' dir='ltr'><strong>[a.</strong></span> <span class='ocrx_word' id='word_1_6' title='bbox 710 275 900 348; x_wconf 82' lang='grc'><strong>1141-141]</strong></span> <span class='ocrx_word' id='word_1_7' title='bbox 1061 269 1124 334; x_wconf 76' lang='lat'><strong>377</strong></span> 
     </span>
    </p>
   </div>
   <div class='ocr_carea' id='block_1_2' title="bbox 94 433 1248 3643">
    <p class='ocr_par' dir='ltr' id='par_1_2' title="bbox 99 433 1177 996">
     <span class='ocr_line' id='line_1_2' title="bbox 106 433 1126 526; baseline 0.001 -23"><span class='ocrx_word' id='word_1_8' title='bbox 106 436 252 526; x_wconf 88' lang='lat' dir='ltr'><strong>magistro</strong></span> <span class='ocrx_word' id='word_1_9' title='bbox 274 436 415 519; x_wconf 90' lang='lat' dir='ltr'><strong>equitum</strong></span> <span class='ocrx_word' id='word_1_10' title='bbox 434 433 475 500; x_wconf 84' lang='lat' dir='ltr'><strong>A.</strong></span> <span class='ocrx_word' id='word_1_11' title='bbox 496 433 644 501; x_wconf 86' lang='lat' dir='ltr'><strong>Cornelio</strong></span> <span class='ocrx_word' id='word_1_12' title='bbox 663 434 765 502; x_wconf 85' lang='lat' dir='ltr'><strong>Cosso</strong></span> <span class='ocrx_word' id='word_1_13' title='bbox 788 437 885 514; x_wconf 89' lang='lat' dir='ltr'><strong>dioto,</strong></span> <span class='ocrx_word' id='word_1_14' title='bbox 909 438 1034 502; x_wconf 87' lang='lat' dir='ltr'><strong>comitia</strong></span> <span class='ocrx_word' id='word_1_15' title='bbox 1052 460 1126 504; x_wconf 90' lang='lat' dir='ltr'><strong>con-</strong></span> 
     </span>
     <span class='ocr_line' id='line_1_3' title="bbox 106 529 1126 614; baseline 0.002 -16"><span class='ocrx_word' id='word_1_16' title='bbox 106 533 211 599; x_wconf 87' lang='lat' dir='ltr'><strong>sularia</strong></span> <span class='ocrx_word' id='word_1_17' title='bbox 233 529 346 596; x_wconf 82' lang='lat' dir='ltr'><strong>habuit</strong></span> <span class='ocrx_word' id='word_1_18' title='bbox 367 529 588 614; x_wconf 83' lang='lat' dir='ltr'><strong>aemulumque</strong></span> <span class='ocrx_word' id='word_1_19' title='bbox 606 531 728 596; x_wconf 90' lang='lat' dir='ltr'><strong>decoris</strong></span> <span class='ocrx_word' id='word_1_20' title='bbox 747 531 796 596; x_wconf 90' lang='lat' dir='ltr'><strong>sui</strong></span> <span class='ocrx_word' id='word_1_21' title='bbox 814 530 976 597; x_wconf 81' lang='lat' dir='ltr'>absentem</span> <span class='ocrx_word' id='word_1_22' title='bbox 993 532 1041 599; x_wconf 93' lang='lat' dir='ltr'><strong>M.</strong></span> <span class='ocrx_word' id='word_1_23' title='bbox 1059 533 1126 600; x_wconf 88' lang='lat' dir='ltr'><strong>Va-</strong></span> 
     </span>
     <span class='ocr_line' id='line_1_4' title="bbox 103 625 1125 713; baseline 0 -20"><span class='ocrx_word' id='word_1_24' title='bbox 103 626 205 693; x_wconf 87' lang='lat' dir='ltr'><strong>lerium</strong></span> <span class='ocrx_word' id='word_1_25' title='bbox 225 625 369 692; x_wconf 81' lang='lat' dir='ltr'><strong>Corvum</strong></span> <span class='ocrx_word' id='word_1_26' title='bbox 385 663 427 673; x_wconf 95' lang='lat'><em>-</em></span> <span class='ocrx_word' id='word_1_27' title='bbox 444 625 479 689; x_wconf 90' lang='lat' dir='ltr'><strong>id</strong></span> <span class='ocrx_word' id='word_1_28' title='bbox 496 626 579 690; x_wconf 91' lang='lat' dir='ltr'><strong>enim</strong></span> <span class='ocrx_word' id='word_1_29' title='bbox 597 625 642 690; x_wconf 94' lang='lat' dir='ltr'><strong>illi</strong></span> <span class='ocrx_word' id='word_1_30' title='bbox 659 626 772 690; x_wconf 91' lang='lat' dir='ltr'><strong>deinde</strong></span> <span class='ocrx_word' id='word_1_31' title='bbox 791 627 986 713; x_wconf 83' lang='lat' dir='ltr'>cognominis</span> <span class='ocrx_word' id='word_1_32' title='bbox 1004 627 1065 693; x_wconf 80' lang='lat' dir='ltr'><strong>fuit</strong></span> <span class='ocrx_word' id='word_1_33' title='bbox 1082 669 1125 678; x_wconf 90' lang='lat'><em>-</em></span> 
     </span>
     <span class='ocr_line' id='line_1_5' title="bbox 103 719 1126 808; baseline 0.002 -20"><span class='ocrx_word' id='word_1_34' title='bbox 103 745 219 789; x_wconf 88' lang='lat' dir='ltr'><strong>summo</strong></span> <span class='ocrx_word' id='word_1_35' title='bbox 242 721 352 787; x_wconf 86' lang='lat' dir='ltr'><strong>favore</strong></span> <span class='ocrx_word' id='word_1_36' title='bbox 373 719 497 808; x_wconf 92' lang='lat' dir='ltr'><strong>populi,</strong></span> <span class='ocrx_word' id='word_1_37' title='bbox 526 729 589 785; x_wconf 90' lang='lat' dir='ltr'><strong>tres</strong></span> <span class='ocrx_word' id='word_1_38' title='bbox 612 730 643 786; x_wconf 90' lang='lat' dir='ltr'><strong>et</strong></span> <span class='ocrx_word' id='word_1_39' title='bbox 660 721 772 808; x_wconf 87' lang='lat' dir='ltr'><strong>viginti</strong></span> <span class='ocrx_word' id='word_1_40' title='bbox 788 731 898 787; x_wconf 91' lang='lat' dir='ltr'><strong>natum</strong></span> <span class='ocrx_word' id='word_1_41' title='bbox 916 745 1029 802; x_wconf 90' lang='lat' dir='ltr'><strong>annos,</strong></span> <span class='ocrx_word' id='word_1_42' title='bbox 1053 748 1126 790; x_wconf 91' lang='lat' dir='ltr'><strong>con-</strong></span> 
     </span>
     <span class='ocr_line' id='line_1_6' title="bbox 101 813 1177 906; baseline 0.003 -21"><span class='ocrx_word' id='word_1_43' title='bbox 101 819 197 886; x_wconf 88' lang='lat' dir='ltr'><strong>sulem</strong></span> <span class='ocrx_word' id='word_1_44' title='bbox 218 816 420 882; x_wconf 85' lang='lat' dir='ltr'><strong>renuntiavit.</strong></span> <span class='ocrx_word' id='word_1_45' title='bbox 461 815 582 901; x_wconf 81' lang='lat' dir='ltr'><strong>collega</strong></span> <span class='ocrx_word' id='word_1_46' title='bbox 605 813 711 881; x_wconf 85' lang='lat' dir='ltr'><strong>Corvo</strong></span> <span class='ocrx_word' id='word_1_47' title='bbox 734 816 774 882; x_wconf 91' lang='lat' dir='ltr'><strong>de</strong></span> <span class='ocrx_word' id='word_1_48' title='bbox 795 816 888 902; x_wconf 84' lang='lat' dir='ltr'><strong>plebe</strong></span> <span class='ocrx_word' id='word_1_49' title='bbox 909 815 957 883; x_wconf 91' lang='lat' dir='ltr'><strong>M.</strong></span> <span class='ocrx_word' id='word_1_50' title='bbox 980 817 1124 906; x_wconf 89' lang='lat' dir='ltr'><strong>Popilius</strong></span> <span class='ocrx_word' id='word_1_51' title='bbox 1144 845 1177 894; x_wconf 83' lang='grc'><strong>11</strong></span> 
     </span>
     <span class='ocr_line' id='line_1_7' title="bbox 99 909 1125 996; baseline 0.004 -17"><span class='ocrx_word' id='word_1_52' title='bbox 99 913 239 991; x_wconf 81' lang='lat' dir='ltr'><strong>Laenas,</strong></span> <span class='ocrx_word' id='word_1_53' title='bbox 259 921 406 996; x_wconf 88' lang='lat' dir='ltr'><strong>quartum</strong></span> <span class='ocrx_word' id='word_1_54' title='bbox 423 909 534 975; x_wconf 91' lang='lat' dir='ltr'><strong>consul</strong></span> <span class='ocrx_word' id='word_1_55' title='bbox 551 909 690 989; x_wconf 86' lang='lat' dir='ltr'><strong>futurus,</strong></span> <span class='ocrx_word' id='word_1_56' title='bbox 709 911 801 976; x_wconf 89' lang='lat' dir='ltr'><strong>datus</strong></span> <span class='ocrx_word' id='word_1_57' title='bbox 820 921 877 977; x_wconf 90' lang='lat' dir='ltr'><strong>est.</strong></span> <span class='ocrx_word' id='word_1_58' title='bbox 906 910 1125 984; x_wconf 86' lang='lat' dir='ltr'><strong>cumGraecis</strong></span> 
     </span>
    </p>

    <p class='ocr_par' dir='ltr' id='par_1_3' title="bbox 96 1003 1178 1657">
     <span class='ocr_line' id='line_1_8' title="bbox 99 1003 1126 1092; baseline 0.001 -17"><span class='ocrx_word' id='word_1_59' title='bbox 99 1033 115 1075; x_wconf 89' lang='lat' dir='ltr'><strong>a</strong></span> <span class='ocrx_word' id='word_1_60' title='bbox 132 1006 273 1074; x_wconf 83' lang='lat' dir='ltr'><strong>Camillo</strong></span> <span class='ocrx_word' id='word_1_61' title='bbox 291 1006 377 1070; x_wconf 89' lang='lat' dir='ltr'><strong>nulla</strong></span> <span class='ocrx_word' id='word_1_62' title='bbox 394 1003 605 1070; x_wconf 90' lang='lat' dir='ltr'><strong>memorabilis</strong></span> <span class='ocrx_word' id='word_1_63' title='bbox 623 1014 715 1092; x_wconf 88' lang='lat' dir='ltr'><strong>gesta</strong></span> <span class='ocrx_word' id='word_1_64' title='bbox 732 1028 797 1072; x_wconf 89' lang='lat' dir='ltr'><strong>res:</strong></span> <span class='ocrx_word' id='word_1_65' title='bbox 820 1027 879 1071; x_wconf 91' lang='grc'><strong>111</strong></span> <span class='ocrx_word' id='word_1_66' title='bbox 896 1006 942 1071; x_wconf 94' lang='lat' dir='ltr'><strong>illi</strong></span> <span class='ocrx_word' id='word_1_67' title='bbox 964 1016 1045 1074; x_wconf 91' lang='lat' dir='ltr'><strong>terra</strong></span> <span class='ocrx_word' id='word_1_68' title='bbox 1067 1033 1126 1076; x_wconf 91' lang='grc'><strong>111</strong></span> 
     </span>
     <span class='ocr_line' id='line_1_9' title="bbox 98 1099 1177 1185; baseline 0.001 -17"><span class='ocrx_word' id='word_1_69' title='bbox 98 1103 261 1168; x_wconf 88' lang='lat' dir='ltr'><strong>Romanus</strong></span> <span class='ocrx_word' id='word_1_70' title='bbox 284 1100 363 1165; x_wconf 90' lang='lat' dir='ltr'><strong>mari</strong></span> <span class='ocrx_word' id='word_1_71' title='bbox 380 1099 512 1165; x_wconf 89' lang='lat' dir='ltr'><strong>bellator</strong></span> <span class='ocrx_word' id='word_1_72' title='bbox 529 1108 605 1164; x_wconf 80' lang='lat' dir='ltr'><strong>erat:</strong></span> <span class='ocrx_word' id='word_1_73' title='bbox 648 1109 807 1185; x_wconf 88' lang='lat' dir='ltr'><strong>postremo</strong></span> <span class='ocrx_word' id='word_1_74' title='bbox 825 1123 897 1164; x_wconf 91' lang='lat' dir='ltr'><strong>oum</strong></span> <span class='ocrx_word' id='word_1_75' title='bbox 915 1101 1058 1168; x_wconf 87' lang='lat' dir='ltr'><strong>litoribus</strong></span> <span class='ocrx_word' id='word_1_76' title='bbox 1077 1128 1126 1169; x_wconf 91' lang='lat' dir='ltr'><strong>ar·</strong></span> <span class='ocrx_word' id='word_1_77' title='bbox 1144 1120 1177 1169; x_wconf 80' lang='grc'><strong>11</strong></span> 
     </span>
     <span class='ocr_line' id='line_1_10' title="bbox 99 1194 1127 1279; baseline 0 -16"><span class='ocrx_word' id='word_1_78' title='bbox 99 1206 254 1273; x_wconf 75' lang='lat' dir='ltr'><strong>cenentur,</strong></span> <span class='ocrx_word' id='word_1_79' title='bbox 278 1217 361 1278; x_wconf 89' lang='lat' dir='ltr'><strong>aqua</strong></span> <span class='ocrx_word' id='word_1_80' title='bbox 382 1194 477 1260; x_wconf 90' lang='lat' dir='ltr'><strong>etiam</strong></span> <span class='ocrx_word' id='word_1_81' title='bbox 498 1203 622 1279; x_wconf 88' lang='lat' dir='ltr'><strong>praeter</strong></span> <span class='ocrx_word' id='word_1_82' title='bbox 644 1204 747 1260; x_wconf 88' lang='lat' dir='ltr'><strong>cetera</strong></span> <span class='ocrx_word' id='word_1_83' title='bbox 764 1195 942 1261; x_wconf 89' lang='lat' dir='ltr'><strong>necessaria</strong></span> <span class='ocrx_word' id='word_1_84' title='bbox 960 1198 1032 1262; x_wconf 90' lang='lat' dir='ltr'><strong>usui</strong></span> <span class='ocrx_word' id='word_1_85' title='bbox 1050 1198 1127 1263; x_wconf 88' lang='lat' dir='ltr'><strong>defi-</strong></span> 
     </span>
     <span class='ocr_line' id='line_1_11' title="bbox 100 1288 1178 1380; baseline 0.003 -25"><span class='ocrx_word' id='word_1_86' title='bbox 100 1293 198 1356; x_wconf 88' lang='lat' dir='ltr'><strong>ciente</strong></span> <span class='ocrx_word' id='word_1_87' title='bbox 218 1290 345 1354; x_wconf 87' lang='lat' dir='ltr'><strong>Italiam</strong></span> <span class='ocrx_word' id='word_1_88' title='bbox 365 1288 528 1373; x_wconf 87' lang='lat' dir='ltr'><strong>reliquere.</strong></span> <span class='ocrx_word' id='word_1_89' title='bbox 574 1288 662 1354; x_wconf 88' lang='lat' dir='ltr'><strong>ouius</strong></span> <span class='ocrx_word' id='word_1_90' title='bbox 685 1289 794 1375; x_wconf 92' lang='lat' dir='ltr'><strong>populi</strong></span> <span class='ocrx_word' id='word_1_91' title='bbox 815 1312 853 1355; x_wconf 90' lang='grc'><strong>11</strong></span> <span class='ocrx_word' id='word_1_92' title='bbox 879 1289 983 1374; x_wconf 89' lang='lat' dir='ltr'><strong>(ouius</strong></span> <span class='ocrx_word' id='word_1_93' title='bbox 1006 1292 1178 1380; x_wconf 80' lang='lat' dir='ltr'><strong>gentis)15</strong></span> 
     </span>
     <span class='ocr_line' id='line_1_12' title="bbox 98 1381 1126 1473; baseline 0 -22"><span class='ocrx_word' id='word_1_94' title='bbox 98 1385 208 1451; x_wconf 87' lang='grc'><strong>1111111</strong></span> <span class='ocrx_word' id='word_1_95' title='bbox 226 1385 335 1463; x_wconf 81' lang='lat' dir='ltr'><strong>fuerit,</strong></span> <span class='ocrx_word' id='word_1_96' title='bbox 358 1383 437 1448; x_wconf 92' lang='lat' dir='ltr'><strong>nihil</strong></span> <span class='ocrx_word' id='word_1_97' title='bbox 459 1383 535 1448; x_wconf 90' lang='lat' dir='ltr'><strong>certi</strong></span> <span class='ocrx_word' id='word_1_98' title='bbox 556 1393 613 1449; x_wconf 88' lang='grc'><strong>111.</strong></span> <span class='ocrx_word' id='word_1_99' title='bbox 658 1384 795 1448; x_wconf 85' lang='lat' dir='ltr'><strong>maxime</strong></span> <span class='ocrx_word' id='word_1_100' title='bbox 815 1381 941 1471; x_wconf 87' lang='lat' dir='ltr'><strong>Siciliae</strong></span> <span class='ocrx_word' id='word_1_101' title='bbox 959 1385 1059 1451; x_wconf 85' lang='lat' dir='ltr'><strong>fuisse</strong></span> <span class='ocrx_word' id='word_1_102' title='bbox 1077 1397 1126 1473; x_wconf 86' lang='lat' dir='ltr'><strong>ty-</strong></span> 
     </span>
     <span class='ocr_line' id='line_1_13' title="bbox 96 1475 1126 1565; baseline 0.001 -20"><span class='ocrx_word' id='word_1_103' title='bbox 96 1503 212 1545; x_wconf 90' lang='lat' dir='ltr'><strong>rannos</strong></span> <span class='ocrx_word' id='word_1_104' title='bbox 239 1478 438 1557; x_wconf 88' lang='lat' dir='ltr'><strong>crediderim,</strong></span> <span class='ocrx_word' id='word_1_105' title='bbox 465 1501 539 1542; x_wconf 91' lang='lat' dir='ltr'><strong>nam</strong></span> <span class='ocrx_word' id='word_1_106' title='bbox 566 1477 694 1543; x_wconf 85' lang='lat' dir='ltr'><strong>ulterior</strong></span> <span class='ocrx_word' id='word_1_107' title='bbox 716 1475 851 1544; x_wconf 87' lang='lat' dir='ltr'><strong>Graecia</strong></span> <span class='ocrx_word' id='word_1_108' title='bbox 877 1501 914 1544; x_wconf 89' lang='lat' dir='ltr'><strong>ea</strong></span> <span class='ocrx_word' id='word_1_109' title='bbox 939 1488 1126 1565; x_wconf 90' lang='lat' dir='ltr'><strong>tempestate</strong></span> 
     </span>
     <span class='ocr_line' id='line_1_14' title="bbox 96 1571 1029 1657; baseline -0.003 -17"><span class='ocrx_word' id='word_1_110' title='bbox 96 1574 244 1640; x_wconf 88' lang='lat' dir='ltr'><strong>intestino</strong></span> <span class='ocrx_word' id='word_1_111' title='bbox 263 1574 350 1638; x_wconf 89' lang='lat' dir='ltr'><strong>fessa</strong></span> <span class='ocrx_word' id='word_1_112' title='bbox 365 1571 450 1638; x_wconf 91' lang='lat' dir='ltr'><strong>bello</strong></span> <span class='ocrx_word' id='word_1_113' title='bbox 467 1573 529 1636; x_wconf 89' lang='lat' dir='ltr'><strong>iam</strong></span> <span class='ocrx_word' id='word_1_114' title='bbox 547 1571 762 1637; x_wconf 83' lang='lat' dir='ltr'><strong>Macedonum</strong></span> <span class='ocrx_word' id='word_1_115' title='bbox 780 1595 856 1657; x_wconf 92' lang='lat' dir='ltr'><strong>opes</strong></span> <span class='ocrx_word' id='word_1_116' title='bbox 874 1572 1029 1639; x_wconf 89' lang='lat' dir='ltr'><strong>horrebat.</strong></span> 
     </span>
    </p>

    <p class='ocr_par' dir='ltr' id='par_1_4' title="bbox 96 1665 1162 2414">
     <span class='ocr_line' id='line_1_15' title="bbox 158 1665 1158 1753; baseline -0.002 -19"><span class='ocrx_word' id='word_1_117' title='bbox 158 1666 312 1734; x_wconf 87' lang='lat' dir='ltr'><strong>XXVII.</strong></span> <span class='ocrx_word' id='word_1_118' title='bbox 349 1665 550 1732; x_wconf 82' lang='lat' dir='ltr'><strong>Exercitibus</strong></span> <span class='ocrx_word' id='word_1_119' title='bbox 578 1667 716 1732; x_wconf 80' lang='lat' dir='ltr'><strong>dimissis</strong></span> <span class='ocrx_word' id='word_1_120' title='bbox 744 1689 817 1732; x_wconf 89' lang='lat' dir='ltr'><strong>cum</strong></span> <span class='ocrx_word' id='word_1_121' title='bbox 843 1676 875 1732; x_wconf 96' lang='grc'><strong>11</strong></span> <span class='ocrx_word' id='word_1_122' title='bbox 899 1668 977 1734; x_wconf 82' lang='lat' dir='ltr'><strong>foris</strong></span> <span class='ocrx_word' id='word_1_123' title='bbox 1002 1690 1067 1753; x_wconf 90' lang='lat' dir='ltr'><strong>pax</strong></span> <span class='ocrx_word' id='word_1_124' title='bbox 1093 1678 1158 1733; x_wconf 90' lang='grc'><strong>111</strong></span> 
     </span>
     <span class='ocr_line' id='line_1_16' title="bbox 99 1761 1126 1839; baseline 0.001 -12"><span class='ocrx_word' id='word_1_125' title='bbox 99 1763 183 1828; x_wconf 88' lang='lat' dir='ltr'><strong>domi</strong></span> <span class='ocrx_word' id='word_1_126' title='bbox 202 1761 371 1828; x_wconf 87' lang='lat' dir='ltr'><strong>concordia</strong></span> <span class='ocrx_word' id='word_1_127' title='bbox 389 1761 534 1826; x_wconf 90' lang='lat' dir='ltr'><strong>ordinum</strong></span> <span class='ocrx_word' id='word_1_128' title='bbox 552 1761 650 1826; x_wconf 93' lang='lat' dir='ltr'><strong>otium</strong></span> <span class='ocrx_word' id='word_1_129' title='bbox 669 1771 766 1839; x_wconf 88' lang='lat' dir='ltr'><strong>esset,</strong></span> <span class='ocrx_word' id='word_1_130' title='bbox 788 1782 828 1826; x_wconf 89' lang='lat' dir='ltr'><strong>ne</strong></span> <span class='ocrx_word' id='word_1_131' title='bbox 846 1761 939 1826; x_wconf 92' lang='lat' dir='ltr'><strong>nimis</strong></span> <span class='ocrx_word' id='word_1_132' title='bbox 958 1762 1058 1827; x_wconf 88' lang='lat' dir='ltr'><strong>laetae</strong></span> <span class='ocrx_word' id='word_1_133' title='bbox 1075 1785 1126 1828; x_wconf 91' lang='lat' dir='ltr'><strong>res</strong></span> 
     </span>
     <span class='ocr_line' id='line_1_17' title="bbox 99 1855 1127 1942; baseline 0.001 -20"><span class='ocrx_word' id='word_1_134' title='bbox 99 1865 219 1935; x_wconf 88' lang='lat' dir='ltr'><strong>essent,</strong></span> <span class='ocrx_word' id='word_1_135' title='bbox 241 1855 421 1941; x_wconf 88' lang='lat' dir='ltr'><strong>pestilentia</strong></span> <span class='ocrx_word' id='word_1_136' title='bbox 439 1855 597 1921; x_wconf 86' lang='lat' dir='ltr'><strong>civitatem</strong></span> <span class='ocrx_word' id='word_1_137' title='bbox 614 1856 724 1921; x_wconf 90' lang='lat' dir='ltr'><strong>adorta</strong></span> <span class='ocrx_word' id='word_1_138' title='bbox 742 1856 844 1942; x_wconf 82' lang='lat' dir='ltr'><strong>coegit</strong></span> <span class='ocrx_word' id='word_1_139' title='bbox 863 1864 1006 1921; x_wconf 90' lang='lat' dir='ltr'><strong>senatum</strong></span> <span class='ocrx_word' id='word_1_140' title='bbox 1027 1857 1127 1942; x_wconf 89' lang='lat' dir='ltr'><strong>impe-</strong></span> 
     </span>
     <span class='ocr_line' id='line_1_18' title="bbox 98 1947 1128 2036; baseline -0.001 -19"><span class='ocrx_word' id='word_1_141' title='bbox 98 1973 165 2017; x_wconf 88' lang='lat' dir='ltr'><strong>rare</strong></span> <span class='ocrx_word' id='word_1_142' title='bbox 184 1949 386 2027; x_wconf 86' lang='lat' dir='ltr'><strong>decemviris,</strong></span> <span class='ocrx_word' id='word_1_143' title='bbox 410 1958 446 2014; x_wconf 91' lang='lat' dir='ltr'><strong>ut</strong></span> <span class='ocrx_word' id='word_1_144' title='bbox 462 1948 558 2014; x_wconf 92' lang='lat' dir='ltr'><strong>libros</strong></span> <span class='ocrx_word' id='word_1_145' title='bbox 580 1947 751 2036; x_wconf 85' lang='lat' dir='ltr'><strong>Sibyllinos</strong></span> <span class='ocrx_word' id='word_1_146' title='bbox 774 1949 977 2036; x_wconf 86' lang='lat' dir='ltr'><strong>inspicerent:</strong></span> <span class='ocrx_word' id='word_1_147' title='bbox 1005 1973 1128 2016; x_wconf 90' lang='lat' dir='ltr'><strong>eorum-</strong></span> 
     </span>
     <span class='ocr_line' id='line_1_19' title="bbox 98 2043 1162 2131; baseline -0.004 -20"><span class='ocrx_word' id='word_1_148' title='bbox 98 2066 158 2131; x_wconf 86' lang='lat' dir='ltr'><strong>que</strong></span> <span class='ocrx_word' id='word_1_149' title='bbox 175 2045 299 2110; x_wconf 92' lang='lat' dir='ltr'><strong>monitn</strong></span> <span class='ocrx_word' id='word_1_150' title='bbox 316 2043 541 2109; x_wconf 88' lang='lat' dir='ltr'><strong>lectisternium</strong></span> <span class='ocrx_word' id='word_1_151' title='bbox 563 2044 632 2110; x_wconf 86' lang='lat' dir='ltr'><strong>suit.</strong></span> <span class='ocrx_word' id='word_1_152' title='bbox 677 2046 788 2111; x_wconf 92' lang='lat' dir='ltr'><strong>eodem</strong></span> <span class='ocrx_word' id='word_1_153' title='bbox 809 2060 891 2110; x_wconf 90' lang='lat' dir='ltr'><strong>anno</strong></span> <span class='ocrx_word' id='word_1_154' title='bbox 911 2043 1070 2112; x_wconf 85' lang='lat' dir='ltr'><strong>Satricum</strong></span> <span class='ocrx_word' id='word_1_155' title='bbox 1088 2044 1127 2112; x_wconf 90' lang='lat' dir='ltr'><strong>ab</strong></span> <span class='ocrx_word' id='word_1_156' title='bbox 1146 2061 1162 2107; x_wconf 85' lang='lat'><strong>2</strong></span> 
     </span>
     <span class='ocr_line' id='line_1_20' title="bbox 97 2138 1128 2225; baseline -0.001 -20"><span class='ocrx_word' id='word_1_157' title='bbox 97 2138 283 2205; x_wconf 84' lang='lat' dir='ltr'><strong>Antiatibus</strong></span> <span class='ocrx_word' id='word_1_158' title='bbox 302 2138 424 2204; x_wconf 90' lang='lat' dir='ltr'><strong>colonia</strong></span> <span class='ocrx_word' id='word_1_159' title='bbox 437 2139 572 2204; x_wconf 89' lang='lat' dir='ltr'><strong>deducta</strong></span> <span class='ocrx_word' id='word_1_160' title='bbox 584 2139 788 2224; x_wconf 86' lang='lat' dir='ltr'><strong>restitutaque</strong></span> <span class='ocrx_word' id='word_1_161' title='bbox 801 2139 891 2218; x_wconf 90' lang='lat' dir='ltr'><strong>urbs,</strong></span> <span class='ocrx_word' id='word_1_162' title='bbox 911 2163 1006 2225; x_wconf 87' lang='lat' dir='ltr'><strong>quam</strong></span> <span class='ocrx_word' id='word_1_163' title='bbox 1018 2141 1128 2204; x_wconf 88' lang='lat' dir='ltr'><strong>Latini</strong></span> 
     </span>
     <span class='ocr_line' id='line_1_21' title="bbox 98 2232 1127 2320; baseline -0.002 -19"><span class='ocrx_word' id='word_1_164' title='bbox 98 2236 268 2301; x_wconf 87' lang='lat' dir='ltr'><strong>diruerant.</strong></span> <span class='ocrx_word' id='word_1_165' title='bbox 300 2243 331 2299; x_wconf 91' lang='lat' dir='ltr'><strong>et</strong></span> <span class='ocrx_word' id='word_1_166' title='bbox 345 2255 417 2300; x_wconf 89' lang='lat' dir='ltr'><strong>oum</strong></span> <span class='ocrx_word' id='word_1_167' title='bbox 427 2232 741 2320; x_wconf 84' lang='lat' dir='ltr'><strong>Carthaginiensibus</strong></span> <span class='ocrx_word' id='word_1_168' title='bbox 754 2232 867 2320; x_wconf 88' lang='lat' dir='ltr'><strong>legatis</strong></span> <span class='ocrx_word' id='word_1_169' title='bbox 880 2234 1002 2299; x_wconf 87' lang='lat' dir='ltr'><strong>Romae</strong></span> <span class='ocrx_word' id='word_1_170' title='bbox 1015 2234 1127 2299; x_wconf 85' lang='lat' dir='ltr'><strong>foedus</strong></span> 
     </span>
     <span class='ocr_line' id='line_1_22' title="bbox 96 2329 1092 2414; baseline -0.008 -15"><span class='ocrx_word' id='word_1_171' title='bbox 96 2332 212 2410; x_wconf 84' lang='lat' dir='ltr'><strong>ictum,</strong></span> <span class='ocrx_word' id='word_1_172' title='bbox 231 2352 305 2396; x_wconf 88' lang='lat' dir='ltr'><strong>cum</strong></span> <span class='ocrx_word' id='word_1_173' title='bbox 323 2330 491 2395; x_wconf 88' lang='lat' dir='ltr'><strong>amicitiam</strong></span> <span class='ocrx_word' id='word_1_174' title='bbox 509 2351 547 2394; x_wconf 90' lang='grc'><strong>11</strong></span> <span class='ocrx_word' id='word_1_175' title='bbox 565 2329 745 2394; x_wconf 88' lang='lat' dir='ltr'><strong>societatem</strong></span> <span class='ocrx_word' id='word_1_176' title='bbox 762 2337 904 2414; x_wconf 89' lang='lat' dir='ltr'><strong>petentes</strong></span> <span class='ocrx_word' id='word_1_177' title='bbox 922 2329 1092 2394; x_wconf 82' lang='lat' dir='ltr'><strong>venissent.</strong></span> 
     </span>
    </p>

    <p class='ocr_par' dir='ltr' id='par_1_5' title="bbox 94 2421 1248 3078">
     <span class='ocr_line' id='line_1_23' title="bbox 119 2421 1162 2506; baseline -0.006 -14"><span class='ocrx_word' id='word_1_178' title='bbox 119 2446 122 2451; x_wconf 85' lang='lat'>·</span> <span class='ocrx_word' id='word_1_179' title='bbox 159 2426 255 2492; x_wconf 90' lang='lat' dir='ltr'><strong>Idem</strong></span> <span class='ocrx_word' id='word_1_180' title='bbox 273 2425 372 2491; x_wconf 90' lang='lat' dir='ltr'><strong>otium</strong></span> <span class='ocrx_word' id='word_1_181' title='bbox 390 2424 475 2489; x_wconf 91' lang='lat' dir='ltr'><strong>domi</strong></span> <span class='ocrx_word' id='word_1_182' title='bbox 488 2423 627 2506; x_wconf 88' lang='lat' dir='ltr'><strong>forisque</strong></span> <span class='ocrx_word' id='word_1_183' title='bbox 640 2423 756 2488; x_wconf 87' lang='lat' dir='ltr'><strong>mansit</strong></span> <span class='ocrx_word' id='word_1_184' title='bbox 770 2422 809 2488; x_wconf 88' lang='grc' dir='ltr'><strong>Τ.</strong></span> <span class='ocrx_word' id='word_1_185' title='bbox 819 2421 941 2488; x_wconf 89' lang='lat' dir='ltr'><strong>Manlio</strong></span> <span class='ocrx_word' id='word_1_186' title='bbox 955 2422 1125 2506; x_wconf 84' lang='lat' dir='ltr'><strong>Torquato,</strong></span> <span class='ocrx_word' id='word_1_187' title='bbox 1146 2439 1162 2486; x_wconf 85' lang='grc'><strong>1</strong></span> 
     </span>
     <span class='ocr_line' id='line_1_24' title="bbox 99 2516 1128 2587; baseline -0.007 0"><span class='ocrx_word' id='word_1_188' title='bbox 99 2520 138 2587; x_wconf 84' lang='lat' dir='ltr'><strong>G.</strong></span> <span class='ocrx_word' id='word_1_189' title='bbox 155 2519 285 2587; x_wconf 90' lang='lat' dir='ltr'><strong>Plautio</strong></span> <span class='ocrx_word' id='word_1_190' title='bbox 304 2518 496 2586; x_wconf 88' lang='lat' dir='ltr'><strong>consulibus.</strong></span> <span class='ocrx_word' id='word_1_191' title='bbox 534 2518 774 2584; x_wconf 90' lang='lat' dir='ltr'><strong>semunciarium</strong></span> <span class='ocrx_word' id='word_1_192' title='bbox 793 2527 914 2582; x_wconf 90' lang='lat' dir='ltr'><strong>tantum</strong></span> <span class='ocrx_word' id='word_1_193' title='bbox 932 2540 971 2582; x_wconf 90' lang='lat' dir='ltr'><strong>ex</strong></span> <span class='ocrx_word' id='word_1_194' title='bbox 989 2516 1128 2582; x_wconf 90' lang='lat' dir='ltr'><strong>unciario</strong></span> 
     </span>
     <span class='ocr_line' id='line_1_25' title="bbox 97 2611 1129 2699; baseline -0.007 -18"><span class='ocrx_word' id='word_1_195' title='bbox 97 2615 211 2682; x_wconf 78' lang='lat' dir='ltr'><strong>faenus</strong></span> <span class='ocrx_word' id='word_1_196' title='bbox 225 2615 346 2682; x_wconf 80' lang='lat' dir='ltr'><strong>factum</strong></span> <span class='ocrx_word' id='word_1_197' title='bbox 359 2623 390 2680; x_wconf 90' lang='lat' dir='ltr'><strong>et</strong></span> <span class='ocrx_word' id='word_1_198' title='bbox 402 2614 436 2679; x_wconf 91' lang='lat' dir='ltr'><strong>in</strong></span> <span class='ocrx_word' id='word_1_199' title='bbox 448 2614 615 2699; x_wconf 88' lang='lat' dir='ltr'><strong>pensiones</strong></span> <span class='ocrx_word' id='word_1_200' title='bbox 630 2635 746 2697; x_wconf 86' lang='lat' dir='ltr'><strong>aequas</strong></span> <span class='ocrx_word' id='word_1_201' title='bbox 760 2612 896 2691; x_wconf 85' lang='lat' dir='ltr'><strong>triennii,</strong></span> <span class='ocrx_word' id='word_1_202' title='bbox 914 2611 958 2677; x_wconf 89' lang='lat' dir='ltr'><strong>ita</strong></span> <span class='ocrx_word' id='word_1_203' title='bbox 970 2620 1005 2676; x_wconf 93' lang='lat' dir='ltr'><strong>ut</strong></span> <span class='ocrx_word' id='word_1_204' title='bbox 1018 2618 1129 2695; x_wconf 89' lang='lat' dir='ltr'><strong>quarta</strong></span> 
     </span>
     <span class='ocr_line' id='line_1_26' title="bbox 96 2704 1163 2799; baseline -0.008 -22"><span class='ocrx_word' id='word_1_205' title='bbox 96 2732 250 2799; x_wconf 82' lang='lat' dir='ltr'><strong>praesens</strong></span> <span class='ocrx_word' id='word_1_206' title='bbox 269 2719 368 2788; x_wconf 88' lang='lat' dir='ltr'><strong>esset,</strong></span> <span class='ocrx_word' id='word_1_207' title='bbox 391 2707 505 2774; x_wconf 91' lang='lat' dir='ltr'><strong>solutio</strong></span> <span class='ocrx_word' id='word_1_208' title='bbox 523 2708 604 2774; x_wconf 90' lang='lat' dir='ltr'><strong>aeris</strong></span> <span class='ocrx_word' id='word_1_209' title='bbox 623 2707 716 2773; x_wconf 88' lang='lat' dir='ltr'><strong>alieni</strong></span> <span class='ocrx_word' id='word_1_210' title='bbox 734 2706 915 2793; x_wconf 89' lang='lat' dir='ltr'><strong>dispensata</strong></span> <span class='ocrx_word' id='word_1_211' title='bbox 930 2715 989 2772; x_wconf 91' lang='lat' dir='ltr'><strong>est.</strong></span> <span class='ocrx_word' id='word_1_212' title='bbox 1029 2714 1061 2770; x_wconf 93' lang='grc'><strong>11</strong></span> <span class='ocrx_word' id='word_1_213' title='bbox 1082 2704 1163 2769; x_wconf 86' lang='grc'><strong>1114</strong></span> 
     </span>
     <span class='ocr_line' id='line_1_27' title="bbox 96 2799 1248 2891; baseline -0.008 -20"><span class='ocrx_word' id='word_1_214' title='bbox 96 2827 227 2891; x_wconf 89' lang='lat' dir='ltr'><strong>quoque</strong></span> <span class='ocrx_word' id='word_1_215' title='bbox 243 2812 332 2890; x_wconf 89' lang='lat' dir='ltr'><strong>parte</strong></span> <span class='ocrx_word' id='word_1_216' title='bbox 349 2802 451 2889; x_wconf 90' lang='lat' dir='ltr'><strong>plebis</strong></span> <span class='ocrx_word' id='word_1_217' title='bbox 471 2802 607 2881; x_wconf 84' lang='lat' dir='ltr'><strong>adfecta,</strong></span> <span class='ocrx_word' id='word_1_218' title='bbox 630 2801 709 2867; x_wconf 87' lang='lat' dir='ltr'><strong>fides</strong></span> <span class='ocrx_word' id='word_1_219' title='bbox 727 2811 834 2866; x_wconf 86' lang='lat' dir='ltr'><strong>tamen</strong></span> <span class='ocrx_word' id='word_1_220' title='bbox 850 2800 977 2886; x_wconf 86' lang='lat' dir='ltr'><strong>publica</strong></span> <span class='ocrx_word' id='word_1_221' title='bbox 997 2799 1127 2886; x_wconf 85' lang='lat' dir='ltr'><strong>privatis</strong></span> <span class='ocrx_word' id='word_1_222' title='bbox 1246 2809 1248 2812; x_wconf 69' lang='lat'>‘</span> 
     </span>
     <span class='ocr_line' id='line_1_28' title="bbox 95 2893 1130 2983; baseline -0.007 -18"><span class='ocrx_word' id='word_1_223' title='bbox 95 2897 339 2965; x_wconf 82' lang='lat' dir='ltr'><strong>difficultatibus</strong></span> <span class='ocrx_word' id='word_1_224' title='bbox 348 2897 452 2983; x_wconf 89' lang='lat' dir='ltr'><strong>potior</strong></span> <span class='ocrx_word' id='word_1_225' title='bbox 464 2897 506 2961; x_wconf 91' lang='lat' dir='ltr'><strong>ad</strong></span> <span class='ocrx_word' id='word_1_226' title='bbox 519 2919 626 2962; x_wconf 89' lang='lat' dir='ltr'><strong>curam</strong></span> <span class='ocrx_word' id='word_1_227' title='bbox 640 2896 761 2962; x_wconf 88' lang='lat' dir='ltr'><strong>senatui</strong></span> <span class='ocrx_word' id='word_1_228' title='bbox 770 2895 839 2960; x_wconf 86' lang='lat' dir='ltr'><strong>fnit.</strong></span> <span class='ocrx_word' id='word_1_229' title='bbox 857 2894 980 2961; x_wconf 89' lang='lat' dir='ltr'><strong>levatae</strong></span> <span class='ocrx_word' id='word_1_230' title='bbox 992 2893 1130 2960; x_wconf 86' lang='lat' dir='ltr'><strong>maxime</strong></span> 
     </span>
     <span class='ocr_line' id='line_1_29' title="bbox 94 2990 828 3078; baseline -0.008 -18"><span class='ocrx_word' id='word_1_231' title='bbox 94 3014 163 3073; x_wconf 88' lang='grc'><strong>111,</strong></span> <span class='ocrx_word' id='word_1_232' title='bbox 182 2992 259 3078; x_wconf 92' lang='lat' dir='ltr'><strong>quia</strong></span> <span class='ocrx_word' id='word_1_233' title='bbox 276 2991 393 3058; x_wconf 87' lang='lat' dir='ltr'><strong>tributo</strong></span> <span class='ocrx_word' id='word_1_234' title='bbox 411 3013 449 3057; x_wconf 88' lang='grc'><strong>11</strong></span> <span class='ocrx_word' id='word_1_235' title='bbox 465 2990 582 3056; x_wconf 90' lang='lat' dir='ltr'><strong>dilectu</strong></span> <span class='ocrx_word' id='word_1_236' title='bbox 600 3012 828 3077; x_wconf 89' lang='lat' dir='ltr'><strong>supersessnm.</strong></span> 
     </span>
    </p>

    <p class='ocr_par' dir='ltr' id='par_1_6' title="bbox 95 3080 1165 3643">
     <span class='ocr_line' id='line_1_30' title="bbox 165 3080 1163 3172; baseline -0.004 -20"><span class='ocrx_word' id='word_1_237' title='bbox 165 3087 275 3154; x_wconf 79' lang='lat' dir='ltr'><strong>Tertio</strong></span> <span class='ocrx_word' id='word_1_238' title='bbox 301 3109 384 3152; x_wconf 92' lang='lat' dir='ltr'><strong>anno</strong></span> <span class='ocrx_word' id='word_1_239' title='bbox 409 3094 482 3172; x_wconf 87' lang='lat' dir='ltr'><strong>post</strong></span> <span class='ocrx_word' id='word_1_240' title='bbox 505 3083 662 3151; x_wconf 90' lang='lat' dir='ltr'><strong>Satricum</strong></span> <span class='ocrx_word' id='word_1_241' title='bbox 688 3086 865 3151; x_wconf 91' lang='lat' dir='ltr'><strong>restitutum</strong></span> <span class='ocrx_word' id='word_1_242' title='bbox 892 3107 911 3148; x_wconf 99' lang='lat' dir='ltr'><strong>a</strong></span> <span class='ocrx_word' id='word_1_243' title='bbox 932 3083 1058 3148; x_wconf 90' lang='lat' dir='ltr'><strong>Volscis</strong></span> <span class='ocrx_word' id='word_1_244' title='bbox 1080 3080 1128 3145; x_wconf 87' lang='lat' dir='ltr'><strong>M.</strong></span> <span class='ocrx_word' id='word_1_245' title='bbox 1147 3099 1163 3148; x_wconf 79' lang='lat' dir='ltr'><strong>a</strong></span> 
     </span>
     <span class='ocr_line' id='line_1_31' title="bbox 98 3175 1128 3253; baseline -0.008 -6"><span class='ocrx_word' id='word_1_246' title='bbox 98 3178 248 3247; x_wconf 86' lang='lat' dir='ltr'><strong>Valerius</strong></span> <span class='ocrx_word' id='word_1_247' title='bbox 273 3179 397 3246; x_wconf 83' lang='lat' dir='ltr'><strong>Corvus</strong></span> <span class='ocrx_word' id='word_1_248' title='bbox 423 3180 537 3245; x_wconf 89' lang='lat' dir='ltr'><strong>iterum</strong></span> <span class='ocrx_word' id='word_1_249' title='bbox 563 3179 673 3246; x_wconf 89' lang='lat' dir='ltr'><strong>consul</strong></span> <span class='ocrx_word' id='word_1_250' title='bbox 696 3201 767 3244; x_wconf 87' lang='lat' dir='ltr'><strong>cum</strong></span> <span class='ocrx_word' id='word_1_251' title='bbox 791 3177 829 3244; x_wconf 81' lang='lat' dir='ltr'><strong>C.</strong></span> <span class='ocrx_word' id='word_1_252' title='bbox 851 3176 993 3243; x_wconf 87' lang='lat' dir='ltr'><strong>Poetelio</strong></span> <span class='ocrx_word' id='word_1_253' title='bbox 1015 3175 1128 3253; x_wconf 86' lang='lat' dir='ltr'><strong>sactus,</strong></span> 
     </span>
     <span class='ocr_line' id='line_1_32' title="bbox 97 3270 1129 3361; baseline -0.007 -19"><span class='ocrx_word' id='word_1_254' title='bbox 97 3296 175 3342; x_wconf 86' lang='lat' dir='ltr'><strong>cum</strong></span> <span class='ocrx_word' id='word_1_255' title='bbox 191 3297 233 3342; x_wconf 88' lang='lat' dir='ltr'><strong>ex</strong></span> <span class='ocrx_word' id='word_1_256' title='bbox 244 3275 341 3341; x_wconf 89' lang='lat' dir='ltr'><strong>Latio</strong></span> <span class='ocrx_word' id='word_1_257' title='bbox 359 3275 535 3340; x_wconf 88' lang='lat' dir='ltr'><strong>nuntiatum</strong></span> <span class='ocrx_word' id='word_1_258' title='bbox 553 3284 650 3353; x_wconf 88' lang='lat' dir='ltr'><strong>esset,</strong></span> <span class='ocrx_word' id='word_1_259' title='bbox 669 3273 790 3361; x_wconf 88' lang='lat' dir='ltr'><strong>legatos</strong></span> <span class='ocrx_word' id='word_1_260' title='bbox 804 3272 844 3338; x_wconf 93' lang='lat' dir='ltr'><strong>ab</strong></span> <span class='ocrx_word' id='word_1_261' title='bbox 854 3270 952 3337; x_wconf 86' lang='lat' dir='ltr'><strong>Antio</strong></span> <span class='ocrx_word' id='word_1_262' title='bbox 966 3270 1129 3336; x_wconf 87' lang='lat' dir='ltr'><strong>circumire</strong></span> 
     </span>
     <span class='ocr_line' id='line_1_33' title="bbox 95 3365 1165 3457; baseline -0.004 -21"><span class='ocrx_word' id='word_1_263' title='bbox 95 3369 236 3457; x_wconf 84' lang='lat' dir='ltr'><strong>populos</strong></span> <span class='ocrx_word' id='word_1_264' title='bbox 258 3369 447 3435; x_wconf 91' lang='lat' dir='ltr'><strong>Latinorum</strong></span> <span class='ocrx_word' id='word_1_265' title='bbox 474 3370 514 3434; x_wconf 89' lang='lat' dir='ltr'><strong>ad</strong></span> <span class='ocrx_word' id='word_1_266' title='bbox 541 3369 760 3434; x_wconf 88' lang='lat' dir='ltr'><strong>concitandum</strong></span> <span class='ocrx_word' id='word_1_267' title='bbox 787 3367 919 3444; x_wconf 91' lang='lat' dir='ltr'><strong>bellum,</strong></span> <span class='ocrx_word' id='word_1_268' title='bbox 946 3365 1165 3451; x_wconf 79' lang='lat' dir='ltr'><strong>priusquamo</strong></span> 
     </span>
     <span class='ocr_line' id='line_1_34' title="bbox 95 3457 1130 3551; baseline -0.006 -22"><span class='ocrx_word' id='word_1_269' title='bbox 95 3462 172 3551; x_wconf 87' lang='lat' dir='ltr'><strong>plna</strong></span> <span class='ocrx_word' id='word_1_270' title='bbox 190 3463 331 3528; x_wconf 90' lang='lat' dir='ltr'><strong>hostium</strong></span> <span class='ocrx_word' id='word_1_271' title='bbox 347 3462 450 3541; x_wconf 85' lang='lat' dir='ltr'><strong>fieret,</strong></span> <span class='ocrx_word' id='word_1_272' title='bbox 468 3461 595 3530; x_wconf 90' lang='lat' dir='ltr'><strong>Volscis</strong></span> <span class='ocrx_word' id='word_1_273' title='bbox 614 3486 701 3527; x_wconf 90' lang='lat' dir='ltr'><strong>arma</strong></span> <span class='ocrx_word' id='word_1_274' title='bbox 718 3461 833 3526; x_wconf 85' lang='lat' dir='ltr'><strong>inferre</strong></span> <span class='ocrx_word' id='word_1_275' title='bbox 850 3460 956 3525; x_wconf 89' lang='lat' dir='ltr'><strong>iussus</strong></span> <span class='ocrx_word' id='word_1_276' title='bbox 975 3461 1016 3524; x_wconf 88' lang='lat' dir='ltr'><strong>ad</strong></span> <span class='ocrx_word' id='word_1_277' title='bbox 1031 3457 1130 3525; x_wconf 89' lang='lat' dir='ltr'><strong>Satri-</strong></span> 
     </span>
     <span class='ocr_line' id='line_1_35' title="bbox 97 3552 1130 3643; baseline -0.008 -18"><span class='ocrx_word' id='word_1_278' title='bbox 97 3577 174 3625; x_wconf 79' lang='lat' dir='ltr'><strong>cum</strong></span> <span class='ocrx_word' id='word_1_279' title='bbox 201 3557 342 3624; x_wconf 86' lang='lat' dir='ltr'><strong>exercitu</strong></span> <span class='ocrx_word' id='word_1_280' title='bbox 367 3556 484 3623; x_wconf 86' lang='lat' dir='ltr'><strong>infesto</strong></span> <span class='ocrx_word' id='word_1_281' title='bbox 508 3557 620 3643; x_wconf 87' lang='lat' dir='ltr'><strong>pergit.</strong></span> <span class='ocrx_word' id='word_1_282' title='bbox 665 3578 729 3640; x_wconf 93' lang='lat' dir='ltr'><strong>quo</strong></span> <span class='ocrx_word' id='word_1_283' title='bbox 751 3577 823 3621; x_wconf 88' lang='lat' dir='ltr'><strong>cum</strong></span> <span class='ocrx_word' id='word_1_284' title='bbox 844 3552 991 3620; x_wconf 87' lang='lat' dir='ltr'><strong>Antiates</strong></span> <span class='ocrx_word' id='word_1_285' title='bbox 1015 3554 1130 3638; x_wconf 89' lang='lat' dir='ltr'><strong>aliique</strong></span> 
     </span>
    </p>
   </div>
   <div class='ocr_carea' id='block_1_3' title="bbox 91 3647 1162 4116">
    <p class='ocr_par' dir='ltr' id='par_1_7' title="bbox 91 3647 1162 4116">
     <span class='ocr_line' id='line_1_36' title="bbox 96 3647 1128 3739; baseline -0.008 -21"><span class='ocrx_word' id='word_1_286' title='bbox 96 3648 214 3718; x_wconf 84' lang='lat' dir='ltr'><strong>Volsci</strong></span> <span class='ocrx_word' id='word_1_287' title='bbox 230 3651 425 3739; x_wconf 88' lang='lat' dir='ltr'><strong>praeparatis</strong></span> <span class='ocrx_word' id='word_1_288' title='bbox 442 3652 506 3716; x_wconf 87' lang='lat' dir='ltr'><strong>iam</strong></span> <span class='ocrx_word' id='word_1_289' title='bbox 524 3660 609 3728; x_wconf 86' lang='lat' dir='ltr'><strong>ante,</strong></span> <span class='ocrx_word' id='word_1_290' title='bbox 630 3649 750 3734; x_wconf 90' lang='lat' dir='ltr'><strong>siquid</strong></span> <span class='ocrx_word' id='word_1_291' title='bbox 768 3647 808 3714; x_wconf 89' lang='lat' dir='ltr'><strong>ab</strong></span> <span class='ocrx_word' id='word_1_292' title='bbox 820 3648 924 3713; x_wconf 86' lang='lat' dir='ltr'><strong>Roma</strong></span> <span class='ocrx_word' id='word_1_293' title='bbox 942 3658 1128 3724; x_wconf 87' lang='lat' dir='ltr'><strong>moveretur,</strong></span> 
     </span>
     <span class='ocr_line' id='line_1_37' title="bbox 95 3741 1129 3834; baseline -0.009 -21"><span class='ocrx_word' id='word_1_294' title='bbox 95 3745 202 3834; x_wconf 85' lang='lat' dir='ltr'><strong>copiis</strong></span> <span class='ocrx_word' id='word_1_295' title='bbox 220 3746 444 3825; x_wconf 83' lang='lat' dir='ltr'><strong>occurrissent,</strong></span> <span class='ocrx_word' id='word_1_296' title='bbox 462 3745 549 3810; x_wconf 88' lang='lat' dir='ltr'><strong>nulla</strong></span> <span class='ocrx_word' id='word_1_297' title='bbox 561 3767 649 3811; x_wconf 89' lang='lat' dir='ltr'><strong>mora</strong></span> <span class='ocrx_word' id='word_1_298' title='bbox 661 3745 742 3809; x_wconf 90' lang='lat' dir='ltr'><strong>inter</strong></span> <span class='ocrx_word' id='word_1_299' title='bbox 758 3741 900 3807; x_wconf 84' lang='lat' dir='ltr'><strong>infensos</strong></span> <span class='ocrx_word' id='word_1_300' title='bbox 919 3742 1038 3807; x_wconf 91' lang='lat' dir='ltr'><strong>diutino</strong></span> <span class='ocrx_word' id='word_1_301' title='bbox 1057 3741 1129 3806; x_wconf 95' lang='lat' dir='ltr'><strong>odio</strong></span> 
     </span>
     <span class='ocr_line' id='line_1_38' title="bbox 96 3837 1162 3918; baseline -0.008 -10"><span class='ocrx_word' id='word_1_302' title='bbox 96 3838 274 3908; x_wconf 77' lang='lat' dir='ltr'><strong>dimicandi</strong></span> <span class='ocrx_word' id='word_1_303' title='bbox 286 3839 371 3907; x_wconf 81' lang='lat' dir='ltr'><strong>facta</strong></span> <span class='ocrx_word' id='word_1_304' title='bbox 384 3850 442 3907; x_wconf 90' lang='lat' dir='ltr'><strong>est.</strong></span> <span class='ocrx_word' id='word_1_305' title='bbox 468 3838 588 3918; x_wconf 89' lang='lat' dir='ltr'><strong>Volsci,</strong></span> <span class='ocrx_word' id='word_1_306' title='bbox 606 3839 741 3904; x_wconf 82' lang='lat' dir='ltr'><strong>ferocior</strong></span> <span class='ocrx_word' id='word_1_307' title='bbox 753 3837 794 3904; x_wconf 90' lang='lat' dir='ltr'><strong>ad</strong></span> <span class='ocrx_word' id='word_1_308' title='bbox 806 3837 1021 3904; x_wconf 87' lang='lat' dir='ltr'><strong>rebellandum</strong></span> <span class='ocrx_word' id='word_1_309' title='bbox 1034 3855 1127 3918; x_wconf 88' lang='lat' dir='ltr'><strong>quam</strong></span> <span class='ocrx_word' id='word_1_310' title='bbox 1147 3854 1162 3899; x_wconf 79' lang='lat' dir='ltr'><strong>a</strong></span> 
     </span>
     <span class='ocr_line' id='line_1_39' title="bbox 96 3925 1129 4022; baseline -0.015 -19"><span class='ocrx_word' id='word_1_311' title='bbox 96 3933 141 4003; x_wconf 82' lang='lat' dir='ltr'><strong>ad</strong></span> <span class='ocrx_word' id='word_1_312' title='bbox 167 3934 351 4001; x_wconf 88' lang='lat' dir='ltr'><strong>bellandum</strong></span> <span class='ocrx_word' id='word_1_313' title='bbox 376 3957 471 4022; x_wconf 89' lang='lat' dir='ltr'><strong>gens,</strong></span> <span class='ocrx_word' id='word_1_314' title='bbox 500 3934 668 4000; x_wconf 89' lang='lat' dir='ltr'><strong>certamine</strong></span> <span class='ocrx_word' id='word_1_315' title='bbox 694 3933 769 3998; x_wconf 91' lang='lat' dir='ltr'><strong>victi</strong></span> <span class='ocrx_word' id='word_1_316' title='bbox 790 3933 992 4018; x_wconf 85' lang='lat' dir='ltr'><strong>fugaeffusa</strong></span> <span class='ocrx_word' id='word_1_317' title='bbox 1016 3925 1129 3993; x_wconf 86' lang='lat' dir='ltr'><strong>Satrici</strong></span> 
     </span>
     <span class='ocr_line' id='line_1_40' title="bbox 91 4025 1129 4116; baseline -0.014 -19"><span class='ocrx_word' id='word_1_318' title='bbox 91 4029 229 4097; x_wconf 84' lang='lat' dir='ltr'><strong>moenia</strong></span> <span class='ocrx_word' id='word_1_319' title='bbox 247 4037 368 4116; x_wconf 79' lang='lat' dir='ltr'><strong>petunt</strong></span> <span class='ocrx_word' id='word_1_320' title='bbox 413 4038 445 4095; x_wconf 91' lang='lat' dir='ltr'><strong>et</strong></span> <span class='ocrx_word' id='word_1_321' title='bbox 465 4029 561 4095; x_wconf 85' lang='lat' dir='ltr'><strong>nein</strong></span> <span class='ocrx_word' id='word_1_322' title='bbox 581 4029 679 4094; x_wconf 90' lang='lat' dir='ltr'><strong>muris</strong></span> <span class='ocrx_word' id='word_1_323' title='bbox 703 4028 830 4112; x_wconf 89' lang='lat' dir='ltr'><strong>quidem</strong></span> <span class='ocrx_word' id='word_1_324' title='bbox 855 4027 929 4091; x_wconf 91' lang='lat' dir='ltr'><strong>satis</strong></span> <span class='ocrx_word' id='word_1_325' title='bbox 956 4025 1045 4088; x_wconf 88' lang='lat' dir='ltr'><strong>firma</strong></span> <span class='ocrx_word' id='word_1_326' title='bbox 1072 4041 1129 4105; x_wconf 91' lang='lat' dir='ltr'><strong>spe</strong></span> 
     </span>
    </p>
   </div>
   <div class='ocr_carea' id='block_1_4' title="bbox 0 0 1288 4524">
    <p class='ocr_par' dir='ltr' id='par_1_8' title="bbox 0 0 1288 4524">
     <span class='ocr_line' id='line_1_41' title="bbox 0 0 1288 4524; baseline 0 2"><span class='ocrx_word' id='word_1_327' title='bbox 0 0 1288 4524; x_wconf 95' lang='lat' dir='ltr'><strong> </strong></span> 
     </span>
    </p>
   </div>
  </div>
 </body>
</html>
