2566 4524
225 228 293 296 468
476 237 595 294 LIBER
611 236 712 310 VIIII,
729 236 829 295 2425.
847 235 1033 311 [analio]

232 398 431 469 semisomnis
450 419 487 463 ac
500 397 638 462 maxima
654 405 742 483 parte
759 394 933 462 inermibus
950 391 1169 486 refringantur,
1180 418 1237 483 qus·
1270 405 1275 470 t

230 518 301 562 rum
322 515 497 582 perunum
518 490 711 579 praesidium
732 489 913 558 Romanum
935 489 1075 558 clamore
1096 490 1239 559 exciutuu

110 615 113 619 ·
181 610 213 662 18
230 588 380 678 inrumpit
393 596 424 654 et
436 595 660 654 concursantes
673 585 811 673 pervias
824 585 958 674 pavidos
972 585 1087 653 caedit.
1112 581 1241 655 iamSur
1270 599 1271 605 ’

232 694 324 772 capta
340 691 503 761 arctoum
521 681 667 748 consules
685 681 787 769 prima
803 679 874 746 luce
891 681 1061 761 advenere,
1074 688 1107 748 et
1121 702 1192 768 quos
1204 701 1243 747 ro·

232 780 337 863 liquos
352 776 480 844 fortuna
497 797 539 843 ex
555 784 710 844 nocturna
727 777 824 842 caede
841 796 879 842 ac
896 773 976 864 fuga
993 774 1116 843 fecerat
1129 775 1162 843 in
1175 773 1244 842 dedi·
1269 784 1275 852 t

182 897 215 946 14
232 874 351 940 tionem
374 869 540 959 accipiunt.
581 892 621 937 ex
642 870 692 938 his
715 871 868 938 ducentos
890 870 1005 958 viginti
1032 870 1177 957 quinque,
1201 866 1275 955 qut

232 966 373 1035 omnium
386 987 543 1033 consensu
552 963 790 1033 destinabantur
798 974 830 1032 et
840 963 991 1031 infandae
1005 964 1244 1032 colonornmcse·

231 1064 280 1129 dis
298 1070 331 1130 et
347 1060 533 1128 defectionis
551 1069 710 1139 auctores,
729 1060 853 1127 vinctos
870 1059 1010 1127 Romam
1028 1059 1190 1137 deducunt,
1204 1078 1243 1125 os·

231 1166 330 1223 teram
356 1153 588 1221 multitudinem
613 1154 803 1222 incolumem
826 1154 985 1241 praesidio
1007 1154 1145 1242 inposito
1164 1151 1243 1221 Soa·

182 1276 214 1325 15
231 1253 421 1339 relinquunt
458 1273 581 1331 omnes,
604 1250 660 1337 qui
676 1251 813 1319 Romam
835 1250 963 1317 deducti
984 1260 1090 1330 erant,
1116 1246 1241 1338 virginis
1265 1259 1269 1270 '

231 1350 302 1417 foro
320 1348 406 1417 caesi
423 1369 461 1414 ac
479 1347 582 1414 securi
598 1347 741 1434 percussi
759 1368 883 1417 summo
900 1345 1020 1434 gaudio
1037 1345 1153 1433 plebis,
1173 1342 1239 1410 cuiu
1265 1360 1272 1435 Ἀ

232 1443 369 1510 maxime
386 1443 546 1520 intererat,
566 1451 667 1509 tutam
684 1439 817 1527 ubique,
836 1463 917 1526 quae
933 1438 1059 1528 passim
1080 1440 1114 1506 in
1128 1436 1238 1506 coloniu
1263 1449 1275 1520 2,

232 1538 416 1616 mitteretur,
434 1536 667 1603 multitudinem
685 1556 765 1603 esse.

200 1655 213 1700 1
296 1629 412 1697 XXV.
441 1629 600 1698 Consules
618 1629 658 1696 ab
678 1627 760 1697 Sora
779 1628 915 1717 profecti
934 1628 970 1695 in
991 1651 1088 1716 agros
1105 1638 1191 1714 atque
1203 1646 1237 1693 u

198 1743 213 1791 a
231 1726 289 1793 bes
298 1724 467 1793 Ausonum
485 1725 604 1793 bellum
620 1724 801 1791 intulerunt.
832 1733 919 1790 mota
935 1744 1077 1809 namque
1090 1722 1186 1790 omnis
1199 1715 1239 1787 sl*

231 1829 328 1887 ventu
342 1818 542 1899 Samnitium,
561 1843 634 1886 cum
652 1820 736 1906 apud
745 1819 901 1885 Lautulas
919 1817 1106 1885 dimicatum
1123 1827 1176 1896 est,
1189 1814 1234 1881 lu
1262 1855 1275 1901 p

199 1934 214 1982 3
231 1925 302 1982 rant
314 1915 607 1999 coniurationesque
621 1914 704 1980 circa
714 1913 921 2001 Campaniam
933 1912 1058 2001 passim
1071 1913 1177 1982 factae
1267 1954 1275 1994 2

233 2007 347 2094 Capua
371 2009 442 2096 ipsa
463 2008 591 2075 crimine
613 2009 722 2075 caruit.
762 2009 838 2095 quin
859 2008 997 2075 Romam
1020 2031 1147 2094 quoque
1165 1998 1233 2074 etsl
1267 2046 1275 2086 ς

230 2101 409 2189 principum
426 2102 580 2186 quosdam
597 2102 784 2187 inquirendo
801 2112 932 2169 ventum
949 2111 1008 2168 est
1041 2112 1174 2169 ceterum
1187 2096 1233 2165 Ar·

232 2219 346 2263 sonum
363 2218 443 2284 gens
460 2197 636 2285 proditione
654 2195 792 2276 urbium,
812 2197 894 2263 sicut
912 2195 1007 2277 Sora,
1027 2197 1063 2263 in
1080 2203 1232 2287 potestate
1259 2215 1275 2291 p·

197 2291 326 2358 svenit.
353 2289 487 2358 Ausona
500 2290 721 2357 etMintumae
734 2290 892 2358 etVescia
907 2290 1003 2358 urbes
1022 2301 1177 2373 oranter
1218 2284 1224 2303 '
1260 2306 1262 2315 ⁴

231 2384 291 2451 bus
309 2385 467 2472 principes
485 2385 655 2452 iuventutis
674 2385 840 2466 duodecim
857 2408 988 2452 numero
1004 2385 1041 2452 in
1058 2385 1233 2474 proditione!
1265 2401 1267 2414 ·

198 2500 213 2546 o
232 2479 356 2546 urbium
371 2503 498 2546 suarum
512 2481 664 2548 coniurati
677 2481 718 2546 ad
731 2481 877 2547 consules
886 2481 1027 2547 veniunt.
1056 2483 1233 2559 docentsud
1262 2492 1270 2559 J

230 2575 294 2640 iam
306 2574 428 2661 pridem
437 2584 620 2662 exoptantes
632 2573 822 2642 Samnitium
831 2576 1012 2654 adventum,
1025 2576 1122 2643 simul
1130 2574 1234 2642 adIrst·
1262 2582 1275 2656 't

231 2670 313 2736 tulas
335 2680 512 2757 pugnatum
530 2670 708 2749 audierunt,
731 2692 789 2756 pro
806 2670 898 2736 victis
916 2670 1085 2738 Romanos
1107 2669 1234 2741 habuisti
1271 2713 1275 2755 ς

199 2763 406 2843 ciuventute,
425 2765 520 2831 armis
540 2763 715 2831 Samnitem
732 2764 866 2844 iuvisse3
888 2765 1007 2852 fugatis
1028 2766 1105 2834 inde
1120 2758 1236 2835 samnii
1273 2764 1275 2775 ⁴

231 2855 293 2923 bus
311 2858 429 2924 incerta
446 2881 524 2945 pace
543 2882 636 2948 agere
654 2880 713 2926 nec
731 2858 904 2926 claudentis
922 2862 1200 2947 pcrtasRomanis,
1213 2872 1241 2923 rt
1262 2870 1264 2879 ’

232 2962 393 3019 arcessant
410 2951 543 3032 bellum,
562 2965 593 3020 et
611 2951 784 3020 obstinatos
804 2953 964 3033 claudere,
989 2955 1017 3021 si
1037 2958 1189 3025 exercitus
1203 2949 1239 3018 sd

231 3057 409 3115 moveatur:
435 3048 468 3115 iu
486 3072 523 3116 ea
541 3049 742 3116 fluctuatione
765 3049 940 3117 animorum
964 3051 1107 3138 opprimi
1128 3053 1239 3118 meanto·

199 3163 212 3209 r
231 3164 335 3230 posse.
366 3142 417 3209 his
431 3144 611 3211 auctoribus
625 3154 712 3210 mota
724 3145 852 3232 propius
866 3154 970 3210 castra
988 3146 1147 3233 missique
1159 3143 1241 3212 sodes

230 3246 370 3324 ternpore
389 3238 473 3304 circa
489 3239 549 3304 tria
566 3239 682 3326 oppida
699 3238 828 3318 milites,
852 3235 968 3325 partim
991 3244 1126 3323 armati,
1147 3239 1195 3328 qui
1208 3255 1242 3303 cc·

230 3330 306 3397 culti
331 3332 508 3420 propinqua
528 3332 693 3399 moenibus
715 3332 886 3406 insiderent
911 3333 998 3413 loca,
1027 3338 1146 3422 partim
1170 3324 1243 3421 togtd

231 3427 321 3493 tectis
339 3439 426 3495 veste
444 3429 567 3516 gladiis,
581 3429 636 3515 qui
654 3429 713 3496 sub
730 3430 835 3496 lucem
852 3429 969 3516 apertis
988 3433 1096 3518 portis
1115 3433 1199 3501 urbes
1210 3427 1243 3493 ir·

197 3538 213 3586 8
230 3520 442 3606 graderentur.
475 3523 515 3590 ab
529 3524 578 3590 his
598 3523 692 3590 simul
709 3525 856 3591 custodes
875 3524 1029 3593 trucidari
1049 3528 1163 3617 coepti,
1175 3514 1242 3591 sind

230 3613 340 3679 datum
354 3615 480 3702 signum
493 3618 630 3697 armatis,
640 3628 676 3684 ut
690 3641 729 3686 ex
742 3617 865 3685 insidiis
878 3632 1118 3689 concurrerent.
1143 3622 1183 3687 its
1190 3634 1242 3705 ptr·

229 3716 280 3774 tae
294 3720 464 3796 occupatae
477 3713 598 3798 triaque
608 3714 724 3800 oppida
737 3713 848 3779 eadem
860 3713 939 3780 hora
948 3714 1131 3802 eodemque
1139 3706 1240 3782 ccutd'!

196 3822 210 3871 a
230 3812 330 3890 capta
359 3804 415 3870 sod
428 3805 503 3889 quia
516 3806 699 3876 absentibus
709 3806 843 3875 ducibus
856 3806 996 3897 impetus
1010 3821 1064 3877 est
1077 3799 1239 3887 fartusnul
1265 3812 1275 3880 t'

227 3897 278 3965 lus
292 3899 404 3966 modus
415 3900 563 3970 caedibus
577 3902 651 3971 fuit:
665 3901 1005 3989 deletaqueAusonum
1014 3929 1109 3993 gens,
1119 3906 1236 3971 vuaso

229 3990 413 4063 defectionis
423 3994 561 4079 crimine,
571 3998 702 4087 perinde
715 4022 752 4066 ac
766 3999 793 4065 si
806 3999 1000 4067 internecivo
1008 3999 1096 4069 bello
1105 3998 1232 4068 cermtel
1261 4009 1275 4073 l
