2566 4524
129 218 173 283 54
359 229 478 286 LIBER
494 229 524 300 1,
541 228 639 287 51.52.
658 233 697 299 [a
707 229 927 296 umato-244]

128 416 202 460 eum
216 401 410 457 convectum.
437 388 472 453 id
483 410 600 453 vanum
611 409 713 453 necne
725 387 782 466 sit,
798 389 956 476 extemplo
970 392 1045 460 sciri
1054 415 1146 482 posse

97 511 112 559 7
129 509 240 575 rogare
258 509 327 563 eos,
346 493 380 549 ut
397 483 470 547 inde
486 504 593 547 secum
605 483 648 547 ad
661 482 805 548 Turnum
817 484 952 549 veniant.
979 498 1147 574 suspectam

130 582 206 650 fecit
230 604 298 646 rem
320 589 351 644 et
372 577 533 665 ingenium
556 576 656 641 Tmni
677 576 768 642 ferox
788 586 821 641 et
841 579 940 643 oratio
962 578 1148 648 hesternae

129 699 221 743 mora
242 673 420 757 Tarquinii,
447 672 532 755 quod
553 670 720 735 videbatur
746 670 787 736 ob
813 693 884 736 eam
909 672 1031 739 differri
1057 676 1147 742 caedis

130 769 280 857 potuisse.
317 779 392 832 eunt
417 765 573 830 inclinatis
599 765 728 848 quidem
753 766 795 829 ad
821 767 1012 833 eredendum
1039 770 1148 848 animis,

132 873 251 939 tamen,
270 861 332 925 nisi
349 860 463 947 gladiis
483 858 701 943 deprehensis,
725 869 828 924 cetera
845 882 928 925 vana
945 862 1149 930 existimaturi
1191 888 1192 893 ¹

97 977 114 1028 a
197 955 264 1021 Ubi
289 964 337 1020 est
363 976 401 1019 eo
423 962 566 1030 ventum,
594 952 751 1030 Turnum,
778 976 818 1017 ex
845 976 955 1020 somno
981 958 1150 1036 excitatum,

132 1049 365 1115 circumsistunt
382 1049 543 1125 custodes,
574 1047 858 1132 conprehensisque
875 1049 990 1128 servis,
1013 1052 1071 1136 qui
1087 1053 1152 1118 mi.

131 1156 196 1210 tate
218 1143 337 1210 domini
358 1143 423 1206 vim
445 1141 612 1227 parabant,
634 1163 707 1206 cum
728 1142 826 1228 gladii
843 1142 941 1208 abditi
959 1167 999 1209 ex
1017 1147 1151 1214 omnibus

130 1239 209 1306 locis
236 1237 418 1304 deverticuli
444 1235 707 1321 protraherentur,
734 1236 893 1302 enimvero
918 1239 1090 1307 manifesta
1110 1263 1152 1307 res

129 1334 201 1400 visa
222 1334 415 1417 iniectaeque
439 1331 547 1396 Turno
570 1340 712 1408 catenae,
740 1340 771 1395 et
794 1330 960 1397 confestim
977 1335 1153 1402 Latinorum

100 1428 301 1496 econoilinm
323 1448 439 1512 magno
462 1447 536 1489 oum
558 1424 694 1489 tumultu
716 1425 894 1490 advocatur.
929 1426 976 1492 ibi
993 1439 1061 1493 tam
1077 1448 1154 1496 auox

131 1522 252 1589 invidia
269 1530 339 1585 orta
355 1529 406 1584 est
422 1519 535 1605 gladiis
553 1519 587 1583 in
600 1518 704 1582 medio
716 1518 843 1603 positis,
875 1528 911 1583 ut
927 1520 1048 1588 indicta
1061 1545 1154 1601 causa

133 1638 216 1682 novo
235 1636 350 1701 genere
368 1613 422 1678 leti
440 1613 578 1677 deiectus
597 1613 639 1676 ad
656 1623 752 1697 caput
768 1635 869 1696 aquae
881 1613 1071 1683 Ferentinae
1083 1624 1155 1683 ente

135 1730 269 1793 superne
286 1707 400 1771 iniecta
418 1706 566 1791 saxisque
584 1707 743 1792 congestis
760 1718 962 1793 mergeretur.

102 1826 115 1873 1
198 1801 275 1867 LH.
310 1801 480 1866 Revocatis
503 1799 616 1865 deinde
638 1800 679 1865 ad
700 1801 866 1865 concilium
887 1803 1014 1869 Latinis
1033 1803 1158 1890 Tarqui-

134 1898 206 1961 nius
225 1896 491 1979 conlaudatisque,
510 1895 565 1979 qui
582 1895 726 1959 Turnum
743 1906 911 1961 novantem
927 1920 979 1962 res
992 1920 1052 1984 pro
1069 1899 1159 1965 maui-
1176 1924 1179 1929 ·

135 1990 219 2055 sesto
236 1990 402 2076 parricidio
420 1989 532 2054 merita
547 2012 650 2075 poena
671 1989 875 2069 adfecissent,
898 1991 943 2056 ita
958 1992 1059 2059 verba
1079 1993 1157 2059 fecit:

103 2106 231 2171 aposse
258 2084 385 2167 quidem
408 2105 442 2147 se
463 2093 588 2148 vetusto
609 2085 677 2148 iure
699 2107 806 2170 agere,
836 2087 935 2168 quod,
962 2108 1037 2151 cum
1060 2109 1158 2154 omnes

135 2178 245 2244 Latini
263 2176 303 2242 ab
320 2177 408 2242 Alba
424 2177 548 2242 oriundi
565 2177 641 2256 sint,
659 2179 692 2241 in
710 2200 748 2243 eo
766 2177 893 2244 foedere
910 2189 1088 2260 teneantur,
1104 2202 1159 2267 quo

137 2272 178 2338 ab
192 2271 285 2335 Tullo
302 2294 353 2337 res
371 2272 472 2337 omnis
485 2271 615 2337 Albana
632 2294 705 2337 oum
718 2271 847 2337 coloniis
863 2273 928 2337 suis
942 2273 975 2337 in
987 2274 1160 2341 Romanum

103 2389 119 2435 3
138 2366 266 2431 cesserit
287 2366 452 2451 imperium
458 2391 468 2445 3
491 2378 629 2431 ceterum
647 2388 682 2430 se
699 2366 840 2431 utilitatis
858 2367 891 2430 id
908 2368 1010 2454 magis
1029 2370 1161 2435 omnium

138 2483 234 2527 causa
255 2483 398 2540 censere,
423 2472 460 2526 ut
480 2472 649 2527 renovetur
664 2461 698 2525 id
715 2461 828 2526 foedus
846 2463 1048 2547 secundaque
1065 2465 1160 2552 pou'ua

137 2557 264 2621 fortuna
279 2557 389 2643 populi
401 2556 537 2621 Romani
551 2567 586 2620 ut
598 2556 766 2641 participes
779 2556 889 2621 Latini
902 2557 1055 2638 frnanmn
1075 2580 1161 2644 quum

137 2651 263 2716 urbium
277 2652 400 2715 excidia
413 2653 666 2735 vastationesque
680 2673 837 2736 agrorum,
869 2676 949 2738 quas
964 2651 1059 2718 Anco
1071 2655 1160 2741 prius,

138 2756 227 2829 patre
245 2744 357 2808 deinde
377 2767 434 2809 suo
452 2757 603 2830 regnante
639 2745 783 2830 perpessi
801 2746 878 2824 sint,
901 2769 1027 2834 semper
1043 2760 1099 2813 aut
1114 2770 1159 2812 ex·
1187 2748 1190 2753 ’

140 2847 281 2922 spectent
299 2848 353 2901 aut
370 2838 537 2922 patiantur.

106 2952 122 2996 1
204 2931 295 2995 Haut
319 2931 489 2997 difficulter
506 2955 692 3018 persuasum
709 2934 848 3012 Latinis,
872 2956 1064 3019 quamquam
1080 2937 1114 3001 in
1127 2954 1157 2999 eo

140 3026 266 3090 foedere
284 3027 427 3112 superior
443 3026 587 3092 Romana
603 3051 654 3093 res
673 3038 748 3092 erat.
788 3040 926 3092 ceterum
943 3040 975 3094 et
991 3030 1096 3116 capita
1111 3050 1156 3094 no·

140 3120 233 3184 minis
246 3120 355 3185 Latini
373 3141 455 3186 stare
473 3144 510 3186 ac
528 3123 642 3187 sentire
660 3144 733 3186 cum
747 3145 822 3208 rege
836 3123 985 3188 ridebant
996 3136 1028 3188 et
1041 3124 1155 3189 Turnus

141 3215 191 3281 sui
208 3215 322 3299 cuique
339 3217 484 3301 periculi,
503 3216 532 3281 si
547 3217 732 3281 adversatus
746 3228 844 3294 esset,
862 3239 972 3283 recens
990 3230 1058 3283 erat
1074 3219 1155 3283 docu·

108 3324 291 3375 omentum.
335 3311 380 3374 ita
408 3323 592 3374 renovatum
619 3310 731 3375 foedus
757 3311 971 3395 indictumque
995 3311 1154 3378 iunioribus

141 3405 344 3483 Latinorum,
370 3416 405 3468 ut
426 3427 467 3469 ex
487 3406 614 3471 foedere
631 3407 682 3470 die
700 3422 783 3471 certa
802 3408 842 3471 ad
859 3407 967 3471 lucum
982 3407 1156 3473 Ferentinae

109 3498 255 3562 ommnti
274 3497 454 3581 frequentes
477 3500 633 3565 adessent.
668 3501 723 3584 qui
745 3500 799 3566 ubi
820 3502 861 3565 ad
879 3494 1016 3566 edic'tum
1034 3494 1157 3568 Romani

141 3592 227 3678 regis
244 3613 285 3655 ex
299 3592 446 3658 omnibus
462 3595 587 3679 populis
601 3617 787 3674 convenere,
806 3618 845 3660 ne
859 3597 972 3660 ducem
985 3620 1079 3661 suum
1089 3612 1174 3675 nevo¹

143 3702 299 3751 secretum
331 3686 497 3771 imperium
529 3689 694 3774 propriave
726 3691 816 3776 signa
846 3689 1010 3769 haberent,
1046 3686 1161 3755 miscuit

143 3778 320 3863 manipulos
341 3802 383 3844 ex
403 3782 529 3845 Latinis
551 3783 779 3867 Romanisque,
806 3796 841 3847 ut
863 3807 904 3848 ex
923 3783 1007 3850 binis
1029 3782 1160 3872 singulos

143 3863 261 3928 faceret
278 3864 431 3950 binosque
448 3889 489 3931 ex
506 3867 652 3953 singulis,
670 3869 714 3933 ita
727 3870 894 3955 geminatis
911 3870 1081 3956 manipulis
1097 3890 1163 3936 een·

143 3959 283 4023 mriones
308 3960 458 4045 inposuit.
