2566 4524
360 284 478 338 maan
494 285 550 357 v1,
568 284 610 342 25.
624 286 666 341 26.
686 285 838 358 [adaco]
1052 279 1114 345 331

94 439 137 509 M
149 442 279 508 Furium
292 464 372 508 esse.
400 441 583 510 introductis
597 444 631 510 in
644 454 787 511 senatum
800 446 932 532 captivis
946 471 1019 514 cum
1032 448 1115 518 bello
1134 471 1151 522 5

87 536 318 624 persequendos
343 537 541 605 Tusculanos
567 548 673 626 patres
699 540 896 606 censuissent
918 541 1116 629 Camilloque
1178 574 1184 581 ·

85 631 118 697 id
133 632 251 699 bellum
268 632 485 711 mandassent,
513 632 687 700 adiutorem
705 633 766 701 sibi
784 637 825 700 ad
842 658 913 702 eam
934 661 1001 704 rem
1019 662 1117 706 unum

80 727 169 814 petit,
187 726 415 814 permissoque,
433 737 469 793 ut
482 750 522 793 ex
536 727 666 816 collegis
680 739 801 816 optaret
811 733 1022 815 quemvellct,
1042 757 1117 800 con-

80 832 128 890 tra
151 846 243 910 spem
264 823 404 889 omnium
425 823 467 888 L.
489 823 622 888 Furium
645 824 772 910 optavit.
814 848 877 910 qua
903 828 1149 900 moderationes

77 917 177 985 animi
194 942 269 986 cum
286 919 426 1007 collegae
442 919 559 985 levavit
575 918 748 998 infamiam,
768 929 834 984 turn
849 921 909 986 sibi
922 924 1054 1010 gloriam
1069 926 1117 989 in-

77 1025 208 1102 gentem
229 1015 360 1102 peperit.
397 1037 455 1080 nec
480 1013 542 1079 fuit
567 1036 639 1079 cum
662 1014 851 1082 Tusculanis
878 1015 1010 1083 bellurn:
1037 1042 1116 1105 pace

77 1109 237 1176 constanti
254 1110 319 1175 vim
331 1109 508 1175 Romanam
526 1119 700 1188 arcuerunt,
720 1132 815 1194 quam
833 1111 928 1177 armis
946 1136 1009 1178 non
1027 1123 1116 1199 pote-

77 1215 160 1270 rant.
193 1204 382 1271 intrantibus
400 1204 478 1270 fines
496 1204 649 1270 Romanis
666 1227 731 1270 non
748 1204 957 1293 demigratum
979 1229 1020 1273 ex
1041 1230 1114 1293 pro-
1133 1230 1147 1276 7

77 1299 206 1385 pinquis
234 1299 354 1364 itineris
380 1298 473 1377 locis,
504 1321 568 1364 non
594 1299 696 1364 cultus
728 1322 876 1387 agrorum
905 1299 1112 1381 intermissus,

77 1393 260 1480 patentibus
278 1394 376 1481 portis
399 1392 486 1459 urbis
509 1393 608 1481 togati
630 1393 756 1460 obviam
778 1393 958 1479 frequentes
980 1395 1116 1482 impera-

77 1489 200 1556 toribus
218 1512 413 1577 processere,
433 1499 625 1556 commeatus
645 1489 795 1555 exercitui
814 1490 944 1556 comiter
959 1491 994 1556 in
1011 1501 1115 1559 castra

77 1606 118 1651 ex
134 1585 215 1652 urbe
233 1595 265 1651 et
283 1608 323 1650 ex
340 1585 424 1672 agris
442 1583 615 1649 devehitur.
644 1583 807 1663 Camillus,
828 1585 938 1652 castris
957 1595 1028 1652 ante
1042 1609 1115 1672 por·
1132 1606 1147 1654 8

77 1688 125 1746 tas
144 1681 268 1767 positis,
288 1681 438 1745 eademne
456 1678 558 1745 forma
574 1680 672 1766 pacis,
691 1680 824 1763 quaein
842 1681 927 1767 agris
941 1691 1115 1748 ostentare-

77 1784 137 1854 tur,
158 1775 254 1840 etiam
270 1774 352 1840 intra
368 1775 493 1840 moenia
510 1787 605 1853 esset,
624 1773 703 1839 scire
722 1773 861 1859 cupiens,
880 1775 1043 1863 ingressus
1063 1798 1114 1839 ur·
1132 1795 1146 1843 9

77 1864 150 1935 bem
164 1868 220 1934 ubi
232 1878 375 1956 patentes
388 1870 499 1935 ianuas
514 1878 545 1935 et
558 1868 695 1935 tabernis
706 1863 821 1954 apertis
835 1869 998 1955 proposita
1007 1869 1114 1934 omnia

77 1959 111 2029 in
127 1964 233 2030 medio
252 1963 331 2028 vidit
347 1964 546 2048 intentosque
568 1963 697 2051 opifices
721 1985 778 2029 suo
801 1985 958 2049 quemque
977 1963 1064 2050 operi
1083 1971 1114 2029 et

77 2053 169 2125 ludos
190 2059 365 2124 litterarum
387 2068 524 2146 strepere
547 2058 733 2124 discentium
752 2057 887 2124 ⁴vocibus
914 2081 951 2124 ac
977 2059 1114 2144 repletas
1196 2118 1203 2128 ,

77 2154 206 2220 semitas
233 2154 315 2218 inter
339 2152 455 2241 vulgus
484 2153 570 2218 aliud
594 2174 764 2239 puerorum
791 2160 822 2216 et
852 2152 1019 2217 mulierum
1049 2152 1113 2218 huc

77 2259 172 2334 utque
188 2248 266 2314 illuc
284 2248 438 2327 euntium,
462 2271 525 2333 qua
542 2268 699 2332 quemque
717 2268 846 2311 suorum
863 2267 980 2309 usuum
998 2268 1112 2311 causae

77 2340 208 2422 terrent,
233 2342 311 2407 nihil
329 2365 463 2428 usquam
481 2365 544 2406 non
560 2340 684 2427 pavidis
703 2340 811 2416 modo,
835 2339 893 2404 scd
913 2360 953 2402 ne
972 2338 1111 2403 miranti·
1130 2359 1163 2408 10

77 2432 134 2507 hus
155 2439 287 2522 quidem
304 2437 418 2516 simile,
447 2433 717 2523 circumspiciebat
735 2432 840 2498 omnia
856 2431 1018 2517 inquirens
1038 2455 1112 2497 ocu-

77 2532 126 2613 is,
155 2532 289 2598 ubinam
305 2531 423 2597 bellum
441 2531 568 2610 luisset3
596 2531 676 2596 adeo
693 2550 752 2593 nec
770 2535 892 2593 amotae
910 2525 956 2591 rei
976 2547 1112 2610 usquam
1130 2548 1163 2595 11

77 2651 133 2696 occ
151 2628 278 2695 oblatae
296 2628 336 2692 ad
354 2636 479 2713 tempus
499 2627 667 2713 vestigium
684 2624 784 2688 ullum
802 2631 881 2702 erat,
905 2621 962 2688 sed
982 2622 1028 2687 ita
1045 2644 1112 2686 om-

77 2726 123 2791 ria
143 2722 304 2789 constanti
322 2721 489 2807 tranquilla
506 2743 593 2808 pace,
612 2729 648 2785 ut
666 2742 703 2785 eo
721 2718 775 2784 vix
792 2718 879 2782 fama
900 2715 975 2783 belli
991 2716 1112 2803 perlata

77 2819 176 2887 ideri
194 2826 312 2903 posset.

133 2910 275 2979 XXVI.
307 2909 420 2976 Victus
441 2909 539 2997 igitur
559 2909 710 2996 patientia
731 2907 869 2973 hostiurn
892 2917 1037 2973 senatum
1059 2927 1144 2976 e0-1

77 3033 142 3077 um
166 3005 276 3072 vocari
297 3005 398 3071 iussit.
436 3003 510 3070 ‘soli
531 3003 658 3082 adhnc‚'
685 3003 787 3087 inquit
805 3001 1009 3080 ‘Tusculani‚
1037 3024 1112 3067 vcra

77 3125 165 3171 uma
180 3121 335 3184 verasque
353 3099 446 3177 vires,
465 3097 580 3183 quibus
599 3097 639 3164 ab
653 3097 701 3163 ira
713 3096 928 3162 Romanorum
942 3103 1048 3160 vestra
1062 3106 1112 3159 tu-

77 3193 232 3273 aremini,
250 3194 423 3259 invenistis.
454 3193 497 3259 ite
510 3193 646 3259 Romam
664 3192 705 3258 ad
722 3199 881 3269 senatum3
900 3186 1111 3254 aestimabunt
1128 3209 1144 3258 2

77 3305 191 3369 ratres,
213 3297 318 3353 utrum
334 3288 406 3374 plus
421 3297 493 3354 ante
505 3310 625 3374 poenae
639 3311 679 3353 an
693 3308 776 3351 nunc
790 3284 900 3359 veniae
914 3281 1016 3348 meriti
1030 3280 1109 3346 sitis.

77 3412 131 3456 ‚on
152 3383 348 3472 praecipiam
365 3383 500 3471 gratiam
517 3382 635 3469 publici
656 3379 814 3446 beneficii:
841 3376 1031 3466 deprecandi
1053 3398 1112 3463 po-

77 3489 224 3551 estatem
242 3500 261 3542 a
278 3500 328 3543 me
346 3477 531 3556 habueritis3
553 3475 699 3564 precibus
718 3483 866 3541 eventum
887 3472 1001 3540 vestris
1020 3493 1111 3536 sena·

77 3603 128 3660 ns,
152 3596 254 3662 quem
272 3573 437 3652 videbitur,
456 3573 561 3639 dabit’
596 3582 764 3660 postquam
781 3571 918 3637 Romam
936 3565 1143 3637 Tusculanis

77 3677 230 3743 enerunt
252 3679 442 3753 senatusque
463 3667 558 3755 paulo
580 3677 651 3734 ante
677 3666 818 3732 fidelium
842 3665 999 3732 sociorum
1024 3684 1110 3728 mae-

77 3782 136 3837 tus
157 3766 195 3832 in
214 3763 369 3830 vestibulo
387 3764 492 3829 curiae
510 3771 559 3829 est
576 3771 774 3849 conspectus,
792 3761 870 3827 moti
883 3758 1040 3845 extemplo
1052 3781 1110 3843 pa

77 3886 131 3932 res
153 3857 265 3926 vocari
282 3852 336 3925 eos
354 3858 418 3924 iam
435 3869 502 3924 tum
519 3857 714 3945 hospitaliter
726 3856 829 3945 magis
847 3878 943 3942 quam
956 3851 1109 3919 hostiliter

77 3976 288 4118 nssggtator
310 4049 510 4116 Tusculanus
532 4047 576 4115 ita
597 4013 695 4115 verba
715 4046 803 4113 fecit:
832 4043 961 4130 ‘quibus
987 4037 1142 4106 belluml
