2550 4530
313 290 432 348 ιιιιιιιι
449 292 533 360 vm,
551 292 593 349 aa.
606 291 648 349 aa
669 294 707 366 [a.
719 289 848 363 coroa]
1032 279 1098 349 435

80 453 173 521 ratoris
191 451 355 540 pugnavit,
375 451 431 518 sed
449 472 551 517 noxae
568 450 734 517 damnatus
754 450 887 517 donatur
903 451 1021 538 populo
1030 452 1096 519 Ro-

79 570 166 626 nano,
182 547 316 612 donatur
333 544 517 612 tribuniciae
534 554 590 631 pot
577 546 683 612 testati
699 545 885 632 precarium,
898 567 963 611 non
977 545 1095 614 iustum

79 642 216 708 auxilium
235 639 356 707 ferenti.
384 640 465 718 vive,
482 637 581 724 Quint
569 638 704 720 teFabi,
722 638 844 708 felicior
860 641 921 708 hoc
939 663 1096 708 consensu
1114 660 1129 709 6

79 736 199 803 civitatis
223 734 264 800 ad
286 734 437 800 tuendum
460 744 490 799 te
508 756 603 819 quam
621 757 685 820 qua
706 735 801 823 paulo
820 745 891 802 ante
913 735 1095 834 exsultabas

78 832 208 909 victoria,
227 829 314 908 vive,
332 829 366 895 id
383 828 506 894 facinus
525 853 636 909 ausus,
656 831 744 896 cuius
764 829 878 897 tibine
895 852 1009 917 parens
1027 821 1097 917 qui-

79 924 146 1004 dem,
166 949 195 991 sr
184 923 327 990 eodem
344 923 415 989 loco
432 922 554 1003 fuisset,
573 947 636 1010 quo
654 924 715 990 fuit
731 925 774 990 L.
792 923 950 1010 Papirius,
968 925 1095 992 veniam

79 1019 213 1087 dedisset.
250 1040 374 1084 mecum
396 1027 431 1082 ut
418 1020 539 1085 tvoles
562 1020 726 1087 reverteris
748 1020 781 1084 in
803 1020 950 1107 gratiam3
977 1019 1129 1106 populor

79 1111 226 1193 Romano,
250 1113 302 1179 cui
318 1112 416 1179 vitam
435 1113 546 1191 debes,
570 1113 648 1179 nihil
670 1113 771 1180 maius
789 1114 982 1201 praestiteris
1001 1136 1096 1200 quam

79 1208 98 1273 si
111 1210 161 1275 hic
178 1207 238 1275 tibi
256 1208 323 1274 dies
348 1208 424 1273 satis
448 1206 627 1274 documenti
649 1209 783 1288 dederit,
806 1218 841 1274 ut
862 1207 945 1275 bello
963 1230 1001 1273 ac
1017 1228 1097 1294 pace

77 1305 130 1386 pati
151 1302 296 1391 legitima
317 1301 449 1388 imperia
466 1302 591 1388 possis!
626 1325 699 1368 cum
717 1325 752 1368 se
769 1302 846 1367 nihil
864 1302 979 1368 morari
996 1301 1096 1389 magi-
1114 1311 1130 1360 8

77 1409 164 1464 tuum
183 1396 324 1482 equitum
342 1398 583 1483 pronuntiasset,
600 1398 784 1486 degressum
806 1421 880 1464 eum
897 1397 1014 1485 templo
1032 1397 1097 1464 lae-

75 1497 115 1560 tus
130 1502 270 1570 senatus,
285 1492 395 1558 laetior
407 1492 554 1579 populus,
569 1492 751 1560 circumfusi
766 1515 803 1560 ae
816 1493 1008 1582 gratulantes
1022 1493 1096 1559 hino

75 1589 219 1678 magistro
237 1587 387 1673 equitum,
402 1587 474 1652 hinc
488 1587 639 1667 dictatori,
653 1588 813 1675 prosecuti
827 1600 910 1668 sunt,
924 1583 1102 1656 firmatum?
1115 1608 1129 1656 9

75 1699 125 1766 lue
141 1682 311 1769 imperium
328 1681 461 1747 militare
478 1682 564 1749 haud
578 1684 680 1748 minus
694 1683 833 1770 periculo
844 1681 884 1768 Q.
894 1684 987 1750 Fabii
1001 1706 1097 1768 quam

75 1777 222 1867 supplicio
240 1776 411 1842 miserabili
429 1777 638 1844 adulescentis
656 1777 771 1843 Manlii
788 1778 962 1845 videbatur.

122 1872 224 1940 Forte
246 1872 290 1936 ita
308 1894 345 1936 eo
364 1895 447 1937 anno
465 1874 578 1952 evenit,
597 1881 646 1951 ut,
665 1873 946 1958 quotienscumque
965 1872 1097 1939 dictator
1116 1893 1147 1939 10

74 1965 104 2036 rb
122 1967 266 2033 exercitu
284 1967 423 2045 recessit,
442 1966 549 2034 hostes
568 1968 601 2033 in
621 1965 752 2035 Samnio
769 1978 979 2035 moverentur.
1016 1977 1098 2034 cete-

74 2083 135 2131 um
153 2063 188 2127 in
207 2061 306 2128 oculis
325 2062 503 2150 exemplum
518 2074 584 2129 erat
598 2062 639 2147 Q.
648 2062 769 2131 Fabius
782 2063 830 2130 M.
839 2063 968 2130 Valerio
980 2063 1096 2152 legato,

74 2159 118 2243 [ιιι
139 2156 255 2224 eastris
276 2166 431 2243 praeerat,
455 2178 609 2242 nequam
631 2157 696 2223 vim
717 2158 857 2224 hostium
879 2159 982 2246 magis
1000 2180 1098 2243 quam

74 2273 189 2322 nucem
208 2251 367 2318 dictatoris
386 2253 465 2317 iram
483 2252 614 2318 timeret.
645 2253 751 2338 itaque
769 2253 1010 2319 frumentatores
1024 2264 1096 2318 cum
1117 2272 1147 2319 ιι

74 2347 274 2416 ircumventi
292 2368 332 2412 ex
349 2347 472 2412 insidiis
491 2347 575 2413 caesi
591 2346 662 2413 loco
679 2348 787 2433 iniquo
806 2357 921 2425 essent,
945 2346 1098 2412 creditum

73 2444 164 2532 ulgo
183 2450 242 2520 est,
262 2440 421 2508 subveniri
435 2442 480 2507 cis
495 2439 534 2507 ab
548 2440 653 2530 legato
670 2443 822 2528 potuisse,
836 2442 870 2507 ni
883 2441 983 2506 tristia
996 2440 1099 2506 edicta

75 2536 291 2604 xhorruisset.
327 2557 365 2600 ea
382 2558 507 2621 quoque
525 2537 572 2602 ira
590 2535 737 2603 alienavit
755 2560 774 2603 a
791 2536 942 2602 dictatore
963 2534 1098 2600 militum
1117 2555 1148 2601 12

73 2633 190 2700 nimos
220 2632 285 2696 iam
315 2640 387 2696 ante
413 2631 567 2710 infensos,
595 2633 681 2717 quod
710 2631 905 2719 inplacabilis
934 2628 975 2715 Q.
998 2629 1099 2697 Fabio

73 2731 182 2797 'uisset
205 2739 236 2792 et
258 2726 343 2811 quod
366 2727 431 2792 suis
453 2727 599 2813 precibus
621 2738 784 2816 negasset,
809 2729 876 2795 eius
898 2727 1016 2814 populo
1033 2725 1100 2794 Ro-

73 2843 161 2892 nano
179 2820 306 2886 veniam
324 2820 473 2887 dedisset.

125 2912 303 2983 XXXVI.
334 2913 415 2981 Post
402 2924 510 3000 tquam
533 2914 628 2981 dictat
615 2926 665 2980 tor
689 2915 869 3001 praeposito
896 2915 928 2981 in
942 2903 1032 2982 ‘urbe
1054 2916 1096 2981 L‘.
1119 2934 1131 2981 1

72 3009 197 3101 Papirio
221 3007 354 3088 Crasso,
381 3010 533 3096 magistro
556 3010 696 3094 equitum
715 3006 755 3092 Q
774 3006 875 3075 Fabio
897 3010 994 3074 vetito
1012 3009 1100 3093 quic-

72 3126 163 3196 [unm
179 3126 239 3192 pro
252 3104 440 3170 manistratu
457 3126 560 3190 agere,
575 3104 608 3170 in
622 3113 689 3170 cast
689 3127 724 3169 ra
677 3103 842 3180 trediit,
855 3124 958 3187 neque
977 3101 1099 3167 civibus

74 3199 145 3270 atis
162 3197 266 3265 laetus
285 3158 496 3264 atdveu
388 3209 439 3264 tus
458 3199 525 3264 eius
542 3197 603 3264 fuit
620 3220 678 3264 neo
696 3194 840 3264 hostibus
858 3195 1027 3282 quicquam
1045 3195 1100 3260 ad-

72 3294 136 3363 ulit
150 3292 288 3359 terroris.
319 3314 455 3378 namque
468 3302 593 3378 postero
608 3292 667 3371 die,
683 3314 740 3360 seu
752 3290 854 3380 ignari
865 3290 990 3356 venisse
1004 3289 1101 3355 dicta
1119 3309 1134 3356 2

72 3409 169 3461 orem
197 3408 254 3454 seu
279 3387 406 3454 adesset
427 3411 468 3453 an
490 3384 615 3454 abesset
639 3388 730 3474 parvi
755 3386 922 3465 facientes,
948 3385 1102 3452 instructa

71 3486 133 3557 reio
156 3483 202 3552 ed
223 3493 325 3551 eastra
345 3493 555 3550 accesserunt.
592 3493 730 3549 ceterum
752 3492 874 3549 tautum
896 3482 1046 3548 momenti
1068 3482 1135 3548 ina

71 3602 133 3651 mo
148 3578 220 3646 viro
236 3578 279 3645 L.
296 3577 426 3666 Papirio
447 3578 522 3658 fuit,
545 3589 594 3658 ut,
619 3577 646 3646 si
664 3578 753 3646 ducis
772 3578 902 3646 consilia
919 3577 1010 3644 favor
1027 3576 1103 3643 sub-

71 3682 199 3744 uentus
225 3672 360 3740 militum
381 3673 476 3752 foret,
504 3672 654 3740 debellari
676 3695 713 3739 eo
736 3673 787 3739 die
810 3694 882 3740 oum
906 3669 1101 3739 Samnitibus

71 3768 213 3838 ιοιιιιεεθ
229 3789 289 3856 pro
304 3768 390 3836 haud
412 3767 508 3835 dubio
526 3765 614 3834 habit
601 3778 668 3834 tum
687 3767 741 3835 sit·
768 3767 812 3833 ita
833 3768 981 3834 instruxit
1002 3766 1101 3832 aciem
1119 3760 1145 3820 4Ι

72 3882 141 3931 oco
157 3884 198 3930 sc
215 3862 375 3942 subsidiis,
394 3863 438 3929 ita
456 3862 541 3930 omni
559 3872 624 3929 arte
643 3861 755 3930 bellica
772 3861 917 3928 firmavit.
895 3868 1102 3927 tcessatum

71 3972 96 4021 ι
108 3956 207 4026 milite
224 3977 264 4026 ae
281 3958 321 4025 de
342 3957 508 4037 industria,
531 3968 567 4024 ut
588 3957 643 4026 obt
630 3966 812 4025 trectaretur
832 3953 979 4022 laudibus
1001 3951 1100 4030 ducis,

70 4047 213 4137 medita
234 4052 365 4120 victoria
387 4062 445 4120 est.
480 4053 586 4141 plures
606 4051 796 4121 Samnitium
818 4050 973 4205 ιιοιὲιὸιιε,
995 4046 1101 4135 plures
