2566 4524
334 259 654 334 praeamata
673 257 824 332 [acute]
1030 250 1110 331 389¹

77 420 149 488 hosti
174 420 285 487 cessit:
322 429 399 505 quot
429 419 511 486 intra
536 417 655 485 vallum
682 429 789 508 egerat
812 442 913 508 pavor
936 459 981 473 -
1006 421 1094 490 fuere
1149 467 1153 472 ·

77 527 169 583 autem
187 516 230 581 ad
246 515 375 602 triginta
390 513 538 580 milia-
555 536 664 582 omnes
683 515 780 595 caesi,
800 526 903 584 castra
920 516 1050 604 direpta.

128 609 318 677 XXXVII.
353 609 404 676 Ita
420 608 515 677 rebus
533 609 632 697 gestis
650 609 761 677 consid
778 611 931 681 advocata
948 613 1093 680 contione
1111 636 1131 698 1,

77 704 103 773 P.
120 705 216 773 Decii
241 726 307 772 non
332 714 460 793 coeptas
488 705 589 771 solum
616 713 702 786 ante,
731 705 789 772 sed
809 706 984 774 cumulatas
1010 731 1094 776 nova

77 801 176 867 virtute
197 800 310 867 laudes
330 799 454 887 peragit
471 807 503 864 et
518 807 642 885 praeter
658 799 804 867 militaria
821 801 883 868 alia
899 803 983 870 dona
1000 825 1095 870 aurea

77 918 177 963 corona
195 918 270 962 eum
288 903 320 961 et
336 902 464 961 centum
480 892 585 961 bubus
608 893 785 979 eximioque
807 917 871 962 uno
893 895 966 976 albo
988 896 1093 984 opimo
1131 941 1155 984 3-

77 993 179 1058 auratis
207 987 354 1056 cornibus
381 989 486 1055 donat.
531 987 660 1067 milites,
688 989 743 1072 qui
764 989 798 1054 in
819 991 976 1076 praesidio
1000 991 1126 1059 simula

77 1086 202 1166 fuerant,
240 1083 357 1170 duplici
383 1083 541 1149 frumento
568 1083 601 1148 in
625 1092 827 1171 perpetuum,
858 1084 893 1151 in
916 1087 1094 1172 praesentia

77 1180 226 1268 (singulis)
243 1179 348 1245 bubus
366 1179 463 1265 privis
482 1177 626 1264 binisque
645 1178 758 1244 tunicis
776 1179 891 1245 donati.
919 1181 1093 1247 secundum

77 1276 201 1341 mnsnhs
229 1274 429 1341 donationem
455 1273 596 1361 legiones
622 1273 817 1360 gramineam
839 1295 986 1341 coronam
1008 1274 1093 1341 obsi·

77 1370 178 1437 lialem
214 1368 350 1434 clamore
389 1368 507 1434 donum
546 1367 755 1453 adprobantes
790 1366 893 1435 Decio
927 1369 1090 1455 inponunt,

77 1465 160 1532 ltere
177 1487 306 1543 corona,
326 1463 467 1529 eiusdem
484 1462 611 1529 honoris
629 1462 738 1542 index,
758 1486 777 1530 a
794 1464 949 1550 praesidio
968 1487 1027 1530 suo
1043 1463 1092 1530 in·

77 1561 167 1627 >onita
184 1569 242 1626 est.
273 1558 324 1624 his
338 1559 503 1625 decoratus
516 1557 693 1645 insignibus
704 1557 820 1626 bovem
834 1559 985 1625 eximium
992 1557 1091 1626 Marti
1108 1581 1123 1630 3

78 1655 253 1733 inmolavit,
272 1661 399 1720 centum
412 1653 509 1719 boves
523 1652 674 1720 militibus
693 1654 776 1719 dono
793 1653 893 1733 dedit,
912 1654 967 1740 qui
985 1676 1092 1721 secum

77 1773 94 1816 n
120 1748 320 1838 expeditione
346 1748 479 1815 fuerant.
524 1749 637 1815 iisdem
658 1748 810 1816 militibus
833 1749 973 1837 legiones
995 1750 1091 1816 libras

77 1846 154 1912 larris
173 1854 204 1912 et
223 1844 375 1911 sextarios
397 1842 464 1909 vini
486 1844 696 1923 contulerunt;
724 1844 890 1929 omniaque
913 1867 951 1911 ea
971 1845 1092 1932 ingenti

77 1940 221 2024 lacritate
238 1963 296 2027 per
318 1940 487 2006 clamorem
507 1940 688 2020 militarem,
715 1940 852 2007 indicem
875 1940 1015 2007 omnium
1036 1942 1092 2006 ad·

77 2056 189 2115 tensus,
209 2033 409 2122 gerebantur.
900 2091 902 2095 i

126 2131 234 2197 Tertia
256 2154 365 2219 pugna
382 2131 423 2196 ad
442 2128 628 2197 Suessulam
647 2133 816 2200 commissa
833 2143 896 2212 est,
919 2156 982 2219 qua
999 2132 1126 2221 fuga-4

77 2247 113 2292 ns
135 2249 155 2290 a
176 2223 225 2290 Μ.
244 2220 372 2290 Valerio
396 2222 585 2291 Samnitium
608 2226 777 2304 exercitus,
805 2227 890 2291 omni
911 2226 1023 2292 robore
1044 2229 1093 2292 iu-

77 2319 199 2388 'entutis
218 2321 312 2386 domo
331 2319 444 2398 accito,
468 2319 635 2385 certamine
653 2319 763 2386 ultimo
781 2318 940 2386 fortunam
958 2320 1092 2405 experiri

77 2415 180 2483 tatuit
221 2413 262 2481 ab
282 2411 435 2481 Suessula
452 2413 552 2479 nuntii
570 2413 683 2500 trepidi
701 2412 859 2501 Capuam,
877 2415 951 2481 inde
970 2414 1089 2499 equites
1109 2433 1124 2481 5

77 2510 149 2578 itati
166 2507 208 2575 ad
226 2507 389 2575 Valerium
408 2508 569 2575 consulem
587 2531 679 2594 opem
697 2518 820 2574 oratum
838 2509 992 2574 veniunt·
1017 2530 1092 2574 con·
1108 2528 1123 2576 6

77 2604 168 2673 'estim
185 2604 278 2692 signa
294 2613 394 2683 mota,
412 2603 590 2688 relictisque
607 2603 828 2689 inpedimentis
847 2611 1019 2669 castrorum
1036 2625 1092 2668 va—
1118 2644 1125 2687 5

77 2699 125 2766 ido
141 2698 301 2786 praesidio
318 2698 433 2784 raptim
451 2698 555 2785 agitur
576 2720 704 2786 agmen,
730 2719 790 2764 nec
810 2697 921 2784 procul
942 2695 982 2764 ab
999 2696 1091 2762 hoste

77 2816 167 2861 ocum
191 2793 413 2881 perexiguum,
441 2792 615 2877 atquibus
641 2802 765 2879 praeter
792 2815 889 2878 equos
902 2801 1091 2859 ¹ceterorum

77 2896 273 2955 umentorum
286 2887 494 2970 calonumque
508 2886 600 2952 turba
612 2887 747 2966 abesset,
763 2888 873 2955 castris
887 2888 979 2975 cepit.
999 2884 1092 2954 Sam·
1110 2911 1125 2960 ⁷

77 2983 174 3051 titium
200 2982 370 3061 exercitus,
401 2981 489 3047 velut
513 2980 600 3047 haud
625 2981 690 3047 ulla
716 3005 803 3048 mora
828 2999 955 3070 pugnae
985 2981 1093 3048 futura
1125 3019 1127 3023 ·

77 3088 160 3158 acet,
179 3078 279 3144 aciem
292 3076 432 3154 instruit3
451 3076 576 3154 deinde,
595 3085 763 3163 postquam
777 3097 870 3141 nemo
885 3077 996 3142 obvius
1014 3076 1090 3155 ibat,

77 3171 185 3240 ulestis
204 3172 304 3259 signis
322 3172 364 3236 ad
382 3181 485 3237 castra
500 3171 640 3236 hostium
658 3170 806 3236 succedit.
842 3170 891 3236 ibi
908 3179 944 3234 ut
960 3169 1091 3245 militem
1108 3191 1125 3239 8

77 3267 194 3334 nvallo
212 3266 292 3333 vidit
309 3265 460 3352 missique
479 3265 518 3332 ab
541 3265 627 3332 omni
648 3273 736 3351 parte
759 3262 968 3349 exploratum,
996 3284 1093 3347 quam

77 3384 93 3429 n
119 3362 274 3450 exiguum
301 3358 409 3427 orbem
436 3369 594 3426 contracta
620 3368 722 3426 castra
752 3367 871 3437 essent,
901 3357 1092 3445 paucitatem
1116 3405 1119 3409 -

77 3456 133 3524 ndc
146 3456 288 3523 hostium
301 3455 497 3543 colligentes,
515 3455 714 3534 rettulerunt,
733 3453 866 3520 fremere
880 3454 982 3520 omnis
996 3454 1089 3535 acies,
1110 3474 1124 3524 9

77 3551 253 3639 onplendas
271 3573 342 3616 esse
359 3549 464 3617 fossas
483 3550 750 3634 scindendumque
767 3549 886 3614 vallum
900 3559 931 3617 et
942 3549 976 3613 in
990 3557 1093 3615 castra

77 3645 319 3733 rrumpendum3
346 3654 599 3731 transactumque
616 3658 655 3710 'ea
672 3643 845 3711 temeritate
863 3643 981 3711 bellum
998 3642 1090 3725 foret,

77 3742 92 3808 i
109 3742 210 3808 duces
229 3740 459 3808 continuissent
478 3738 796 3826 impetummilitum.
841 3748 994 3816 ceterum,
1017 3737 1092 3822 quia
1110 3754 1142 3803 10

77 3836 231 3903 nultitudo
249 3839 314 3903 sua
330 3835 554 3903 commeatibus
577 3834 698 3922 gravis,
726 3843 757 3899 et
778 3833 870 3920 prius
889 3831 1029 3899 sedendo
1050 3831 1091 3895 ad

77 3928 252 3999 luessulam
270 3940 301 3997 et
317 3939 385 3997 tum
404 3929 579 3997 certaminis
593 3952 695 4008 mora,
713 3928 799 3995 haud
811 3927 920 4015 procul
933 3925 973 3993 ab
986 3942 1092 3991 rerum

77 4027 202 4093 mnium
215 4025 323 4112 inopia
336 4035 433 4104 esset,
451 4025 576 4112 placuit,
597 4025 673 4090 dum
685 4024 824 4091 inclusus
838 4029 966 4110 paveret
978 4017 1089 4099 hostis,
