2566 4524
142 235 208 304 498
414 245 534 302 LIBER
550 245 592 318 X,
608 240 675 300 46.
694 240 905 314 [aucddlltl]

109 434 125 482 1
207 406 288 474 ΠΠ.
322 402 476 472 Nuntiata
496 426 535 471 ea
557 402 664 471 clades
682 401 819 470 Romam
841 401 997 469 maiorem
1014 423 1105 490 qnam
1122 425 1163 472 res

145 511 213 570 erat
233 512 383 568 terrorem
406 499 531 567 excivit
571 520 647 565 nam
672 507 708 564 ut
729 497 870 564 exercitu
891 497 999 565 deleto
1024 498 1068 566 ita
1089 498 1165 567 iusti-

110 620 127 670 2
144 597 224 664 tium
236 596 399 674 indictum,
414 593 576 661 custodiae
587 593 622 660 in
633 592 744 683 portis,
758 591 885 681 vigiliae
899 592 1030 660 vicatim
1042 603 1166 672 emotae,

110 717 127 768 a
145 714 245 771 arma,
264 691 328 758 tela
343 691 379 756 in
395 711 502 755 muros
520 697 680 778 congesta
716 686 864 755 omnibus
881 686 1061 757 iunioribus
1077 710 1166 756 saua-

143 795 251 854 mento
276 786 397 853 adactis
423 785 557 851 dictator
581 783 624 851 ad
649 782 821 851 exercitum
845 783 967 852 missus
993 783 1100 852 omnic
1122 805 1167 872 spo

143 880 359 966 tranquilliora
375 890 408 947 et
424 879 588 966 conposita
604 878 748 968 magistri
764 878 907 966 equitum
924 901 1014 960 cura,
1032 879 1168 948 castrain

110 1003 128 1052 4
144 976 292 1043 tutiorem
312 975 418 1042 locum
439 975 581 1054 redacta,
609 974 767 1054 cohortes,
790 994 872 1061 quae
889 975 987 1064 signa
1003 975 1167 1053 amiserant,

146 1081 236 1139 extra
256 1070 375 1137 vallum
397 1071 465 1137 sine
487 1069 629 1137 tentoriis
652 1069 818 1138 destitutas
845 1070 984 1151 invenit,
1011 1069 1168 1140 exercitum

112 1194 130 1246 5
146 1167 275 1234 avidum
296 1187 438 1254 pugnae,
455 1186 520 1252 quo
537 1164 691 1232 maturius
708 1163 884 1254 ignominia
900 1164 1091 1234 aboleretur.
1123 1165 1169 1231 ita·

146 1284 209 1349 qne
227 1261 396 1329 confestim
409 1270 512 1328 caena
527 1260 602 1327 inde
619 1260 653 1326 in
665 1282 778 1350 agrum
786 1259 998 1328 Rusellanum
1015 1259 1168 1350 promovit

112 1385 129 1437 ο
147 1378 186 1424 eo
204 1365 236 1422 et
252 1355 360 1424 hostes
379 1355 488 1436 secuti,
507 1377 700 1442 quamquam
713 1377 754 1422 ex
765 1353 847 1422 bene
864 1365 958 1444 gesta
974 1378 1011 1423 re
1029 1376 1170 1423 summam

145 1451 229 1518 etin
245 1461 353 1540 aperto
371 1450 541 1520 certamine
553 1450 668 1518 virium
686 1471 776 1540 spem
792 1448 964 1532 habebant,
983 1459 1093 1518 tamen
1106 1448 1170 1517 insi·

146 1545 207 1612 diis
221 1567 357 1633 quoque,
371 1568 451 1632 quas
468 1545 603 1613 feliciter
619 1545 741 1633 experti
757 1553 856 1625 erant,
873 1543 1002 1614 hostem
1020 1553 1170 1634 temptant

113 1648 231 1711 rtecta
247 1641 398 1708 semiruta
413 1640 477 1707 vici
498 1662 555 1728 per
571 1640 781 1708 coemtionem
802 1662 952 1730 agrorum
970 1641 1079 1708 deusti
1098 1637 1170 1706 haud

145 1735 256 1824 procul
282 1735 393 1804 castris
415 1734 631 1803 Romanorum
658 1734 796 1803 aberant
840 1734 885 1802 ibi
911 1733 1030 1802 abditis
1057 1732 1170 1802 armatis

145 1854 244 1920 pecus
270 1831 304 1899 in
330 1839 502 1919 conspectu
526 1829 676 1918 praesidii
697 1828 849 1910 Romani,
875 1829 928 1896 cui
953 1840 1102 1919 praeerat
1121 1826 1169 1897 eu

112 1926 281 1996 sFulvius
302 1925 443 2014 legatus,
469 1925 666 2014 propulsum.
706 1926 749 1991 ad
773 1946 870 2011 quam
894 1922 1092 1992 inlecebram
1111 1944 1170 1992 cun

146 2029 327 2089 moveretur
342 2042 436 2088 nemo
454 2018 495 2086 ab
504 2019 649 2086 Romana
667 2019 810 2098 statione,
827 2027 995 2109 pastorum
1011 2041 1097 2088 unus
1113 2039 1171 2108 pro·

146 2135 279 2204 gressus
306 2112 366 2181 snb
392 2114 480 2202 ipsas
501 2114 691 2182 munitiones
712 2113 862 2181 inclamat
883 2111 980 2194 alios,
1002 2122 1173 2183 cunctanter

147 2209 189 2277 ab
206 2209 306 2277 ruinis
323 2209 386 2276 vici
402 2230 502 2297 pecus
518 2208 739 2298 propellentes,
758 2208 835 2294 quid
852 2218 1025 2290 cessarent,
1043 2231 1117 2277 cum
1127 2227 1172 2296 per

114 2326 129 2376 9
147 2306 254 2372 media
266 2314 371 2373 castra
378 2305 525 2373 Romam
538 2313 607 2371 tuto
620 2326 715 2394 agere
732 2313 871 2393 possent
898 2302 981 2372 haee
993 2326 1070 2372 cnm
1081 2303 1172 2394 legato

149 2400 292 2468 Caerites
311 2401 440 2487 quidam
461 2401 738 2488 interpretarentur
754 2409 786 2467 et
806 2422 864 2489 per
879 2400 984 2466 omnis
1007 2398 1172 2489 manipnlos

146 2495 282 2562 militum
298 2495 473 2584 indignatio
489 2496 602 2583 ingens
621 2505 706 2562 esset
721 2516 781 2562 nec
794 2503 901 2560 tamen
917 2494 1047 2562 iniussu
1059 2513 1171 2562 movere

148 2591 312 2670 auderent,
330 2590 419 2658 iubet
434 2590 552 2679 peritos
570 2589 698 2679 linguae
715 2589 884 2657 adtendere
902 2589 1047 2656 animum
1052 2638 1062 2669 ,
1080 2597 1172 2680 pasto

97 2705 130 2756 10
146 2709 218 2752 rum
240 2707 344 2752 sermo
366 2685 484 2774 agresti
506 2707 548 2751 an
568 2685 689 2752 urbano
710 2684 838 2773 propior
859 2694 955 2752 esset.
993 2707 1069 2752 oum
1091 2683 1174 2752 reler-

146 2790 226 2860 rent,
245 2802 358 2847 sonum
374 2780 502 2867 linguae
520 2790 552 2846 et
569 2802 736 2868 corporum
753 2779 897 2847 habitum
915 2791 947 2846 et
965 2781 1105 2848 nitorem
1120 2777 1173 2846 oul-

148 2873 229 2941 tiora
258 2896 354 2959 quam
383 2874 556 2962 pastoralia
586 2897 677 2942 esser
708 2875 769 2941 ‘ite
795 2875 906 2964 igitur,
933 2874 1058 2957 dicite,'
1087 2872 1173 2961 inquit

149 2968 312 3058 ‘detegant
331 2969 524 3055 nequiquam
551 2970 693 3037 conditas
714 2969 859 3036 insidias:
886 2970 997 3037 omnia
1018 2970 1102 3037 scire
1121 2969 1173 3037 Rc

147 3086 277 3132 manum
294 3086 354 3131 neo
366 3063 469 3154 magis
486 3064 551 3131 iam
563 3064 636 3133 dolo
649 3064 721 3152 capi
738 3087 834 3152 quam
851 3064 948 3132 armis
967 3066 1057 3132 vinci
1074 3061 1175 3155 possc’

97 3182 128 3232 11
147 3161 227 3228 haec
244 3160 300 3228 ubi
317 3161 424 3228 audita
442 3170 516 3228 sunt
533 3169 565 3228 et
581 3159 623 3226 ad
640 3182 695 3227 eos
713 3160 768 3246 qui
785 3160 996 3227 consederant
1013 3161 1050 3228 in
1066 3158 1173 3228 insidiis
1210 3190 1212 3253 3

147 3257 277 3345 perlata,
297 3265 533 3324 consurrectum
549 3265 678 3344 repente
693 3275 734 3321 ex
750 3254 877 3322 latebris
895 3263 955 3334 est,
976 3255 1064 3322 etin
1080 3265 1173 3345 pater
1210 3264 1212 3295 ⁵

97 3372 130 3421 12
148 3361 213 3417 tem
230 3351 272 3419 ad
289 3362 493 3441 conspectum
510 3350 649 3436 undique
666 3373 813 3437 campum
834 3349 959 3437 prolata
978 3350 1085 3441 signa.
1119 3349 1173 3417 via
1210 3408 1212 3435 =

147 3445 253 3534 legato
275 3446 376 3514 maior
396 3447 480 3514 acies
503 3469 599 3532 quam
620 3467 702 3531 quae
723 3445 764 3513 ab
782 3467 841 3512 suo
857 3444 1021 3533 praesidio
1041 3441 1173 3514 sustineri

148 3549 278 3628 posset*
297 3541 404 3628 itaque
421 3563 554 3630 propere
567 3540 609 3607 sd
624 3540 809 3608 dictatorem
826 3539 945 3606 auxilia
958 3541 1100 3608 accitum
1116 3538 1173 3606 mit·
1210 3560 1212 3573 ·

148 3635 200 3715 tit;
222 3632 341 3702 interea
357 3635 426 3723 ipse
442 3638 579 3725 impetus
596 3634 736 3702 hostium
754 3635 896 3702 sustinet
1210 3668 1212 3681 ·

115 3752 130 3803 1
213 3727 255 3798 V.
290 3728 408 3797 Nuntio
431 3731 535 3798 adlato
557 3730 691 3797 dictator
712 3730 804 3817 signa
824 3729 901 3796 ferri
923 3751 964 3796 ac
988 3731 1081 3818 sequi
1100 3726 1172 3795 iubet
1209 3728 1212 3819 ξ

114 3835 294 3900 darmatas.
331 3824 389 3891 sed
410 3824 559 3892 celeriora
578 3846 677 3914 prope
695 3824 801 3892 omnia
817 3824 951 3912 imperio
971 3835 1077 3906 erant,
1098 3830 1172 3910 rapte

148 3921 308 4010 extemplo
326 3920 418 4009 signa
435 3942 599 4006 armaque,
618 3928 649 3986 et
666 3919 721 3985 vix
738 3919 778 3986 ab
796 3920 918 4007 impetu
936 3928 969 3986 et
988 3942 1085 3988 cursu
1101 3928 1170 3984 tene

148 4016 272 4084 bantur.
309 4040 381 4085 cum
398 4016 446 4082 ira
464 4016 504 4083 ab
523 4024 652 4103 accepta
669 4037 770 4102 nuper
788 4014 877 4082 clade
897 4013 1096 4095 stimulabat,
1116 4022 1169 4078 tun
