2566 4524
334 262 453 321 nunu
467 264 502 336 v,
522 266 562 322 u.
575 264 618 319 ra.
639 263 862 336 [acassam]
1049 254 1112 320 269

144 419 262 486 XVII.
289 416 408 508 Ingens
419 421 496 486 inde
507 420 617 488 baberi
630 423 754 508 captivo
770 422 836 488 vati
853 423 953 490 bonos
972 434 1111 512 coeptus,
1131 447 1144 494 1

83 534 218 600 eumque
245 512 393 581 adlabere
417 512 535 581 tribuni
559 516 695 580 militum
722 515 887 584 Cornelius
914 516 1113 585 Postumius-

83 630 141 695 que
164 609 207 673 ad
229 607 365 695 prodigii
386 606 506 674 Albani
526 610 777 695 procurationem
799 632 837 676 ac
859 613 935 678 deos
961 613 1019 678 rite
1045 613 1113 700 pla-

83 700 200 768 candos
223 722 365 789 coepere.
400 702 628 788 inventumque
646 703 773 768 tandem
790 715 853 783 est,
875 704 932 770 ubi
952 706 1111 794 neglectas
1130 728 1146 775 a

82 796 288 862 acrimonias
309 796 564 862 intermissumve
585 798 736 862 sollemne
762 799 807 863 dii
828 796 1010 886 arguerent,-
1035 800 1113 864 nihil

82 891 224 978 profecto
243 890 328 954 aliud
349 910 420 956 esse
442 911 538 974 quam
560 892 763 978 magistratus
785 893 861 957 vitio
884 904 1008 959 creatos
1024 894 1114 959 Lari·

82 1002 337 1068 nassamumqne
351 985 384 1048 in
393 983 520 1050 Albano
534 1001 639 1050 monte
653 1004 717 1050 non
730 986 791 1050 rite·
801 987 995 1072 concepisse.
1017 1006 1112 1052 unam
1132 1009 1147 1057 a

83 1079 296 1164 expiationem
312 1098 421 1143 eorum
439 1098 522 1157 esse,
540 1093 577 1143 ut
593 1079 711 1144 tribuni
728 1080 863 1144 militum
881 1079 1061 1145 abdicarent
1079 1104 1115 1145 se

84 1174 279 1259 magistratu,
299 1174 439 1258 auspicia
451 1173 491 1237 de
500 1174 625 1261 integro
631 1183 844 1259 repeterentur
857 1184 889 1238 et
901 1175 1115 1261 interregnum

86 1268 221 1332 iniretur.

150 1360 202 1426 Ea
219 1361 265 1424 ita
283 1361 366 1426 facta
384 1369 458 1425 sunt
476 1382 517 1425 ex
534 1372 661 1427 senatus
680 1362 832 1427 consulto.
863 1363 1034 1449 interreges
1051 1372 1153 1430 treet

86 1456 232 1540 deinceps
252 1455 341 1518 fuere
357 1455 398 1519 L.
414 1454 570 1534 Valerius,
590 1455 632 1539 Q.
649 1454 802 1521 Servilius
820 1456 969 1536 Fidenas,
987 1457 1035 1521 M.
1050 1452 1116 1522 ru-

88 1550 148 1616 rius
168 1548 334 1615 Camillus.
366 1570 540 1633 numquam
558 1550 694 1615 desitum
711 1551 834 1616 interim
853 1551 972 1616 turbari
990 1552 1149 1620 comitiae

88 1643 354 1730 interpellantibus
374 1644 507 1710 tribunis
528 1645 645 1732 plebis,
673 1646 774 1711 donee
796 1648 996 1712 convenisset
1018 1646 1116 1732 prius,

91 1752 122 1805 ut
136 1741 237 1805 maior
254 1762 327 1825 pars
345 1739 541 1805 tribunorum
559 1741 694 1805 militum
712 1741 861 1826 explebe
880 1753 1046 1806 crearetur.

151 1836 244 1920 Quae
262 1837 338 1900 dum
355 1848 505 1923 aguntur,
529 1837 661 1902 concilia
677 1837 824 1902 Etruriae
846 1838 887 1902 ad
909 1839 1020 1902 fanum
1038 1836 1117 1902 Vol-
1135 1857 1150 1905 6

96 1942 213 1997 toronae
235 1928 343 1996 habita
364 1931 659 2018 postulantibusque
677 1931 893 2020 Capenatibus
916 1955 954 1998 ac
970 1933 1114 2011 Faliscis,

101 2037 131 2090 ut
142 2026 236 2092 Veios
255 2027 415 2091 communi
432 2027 538 2093 animo
556 2028 749 2112 consilioque
767 2051 876 2094 omnes
894 2027 1040 2093 Etruriae
1059 2050 1117 2113 po-

103 2120 155 2205 puli
171 2145 210 2185 ex
233 2121 395 2186 obsidione
418 2122 585 2208 eriperent,
612 2143 800 2208 responsum
822 2133 884 2201 est,
912 2133 1005 2188 antea
1026 2144 1062 2187 se
1082 2122 1149 2189 ida

104 2212 273 2280 Veientibus
296 2238 445 2303 negasse,
472 2218 560 2300 quia,
587 2217 672 2280 unde
694 2216 858 2282 consilium
880 2237 943 2280 non
964 2217 1118 2302 petissent

108 2328 184 2395 super
200 2324 286 2376 tanta
302 2334 351 2389 re,
378 2312 530 2376 auxilium
552 2325 657 2398 petere
674 2334 738 2376 non
760 2311 923 2377 deberent:
951 2313 1117 2376 nunciam

109 2422 151 2486 pro
170 2426 200 2469 se
223 2407 382 2471 fortunam
404 2428 494 2472 suam
516 2406 577 2472 illis
596 2429 721 2493 negare.
757 2407 894 2470 maxime
912 2407 949 2470 in
971 2427 1009 2471 ea
1030 2414 1118 2492 parte

112 2492 233 2565 Etruriae
255 2516 381 2586 gentem
407 2502 600 2567 invisitatam
623 2522 722 2566 novos
749 2501 872 2565 accolas
897 2498 1007 2566 Gallos
1035 2521 1115 2577 esse,
1135 2517 1151 2564 8

116 2609 166 2656 eun
182 2595 293 2679 quibus
316 2618 375 2661 nec
396 2618 460 2683 pax
482 2597 558 2662 satis
581 2597 644 2662 lida
666 2619 724 2662 nec
746 2596 864 2662 bellum
886 2617 943 2682 pro
965 2605 1050 2660 certo
1069 2594 1118 2659 sit.

115 2690 235 2773 urgdni
258 2706 363 2755 tamen
384 2691 564 2776 nominique
587 2702 618 2756 et
639 2690 855 2776 praesentibus
877 2690 1023 2777 periculis
1046 2704 1152 2754 con-9

114 2784 332 2868 sugoueorum
348 2784 383 2849 id
400 2786 476 2864 dari,
495 2797 538 2863 ut,
558 2787 586 2851 si
603 2787 657 2869 qui
674 2786 844 2852 iuventutis
863 2804 939 2850 suae
956 2784 1117 2850 voluntate

115 2871 145 2933 td
157 2875 184 2939 id
196 2877 311 2943 bellum
325 2889 406 2957 eant,
424 2901 488 2943 non
503 2880 672 2964 inpediant.
701 2902 773 2944 eum
786 2902 938 2966 magnum
952 2877 1118 2944 advenisse
1138 2895 1170 2945 10
1236 2937 1242 2946 .

115 2961 226 3036 hostium
243 2995 408 3037 numerum
426 2973 512 3038 fama
528 2973 649 3038 Romae
667 2983 742 3050 erat,
761 2996 863 3057 eoque
876 2974 1040 3038 mitescere
1055 2971 1120 3036 dis·

119 3063 213 3130 ardiae
231 3068 395 3132 intestinae
414 3080 500 3132 metu
517 3067 684 3145 communi,
703 3077 738 3131 ut
755 3066 799 3144 fit,
819 3079 958 3152 coeptae.

167 3156 284 3226 XVlll.
304 3160 394 3226 Haut
402 3162 508 3226 invitis
518 3161 659 3248 patribus
669 3161 706 3226 P.
713 3161 874 3225 Licinium
885 3160 1020 3226 Calvum
1030 3178 1121 3245 prae-
1139 3176 1153 3225 1

117 3253 230 3332 rogativa
248 3254 408 3320 tribunum
425 3256 560 3320 militum
577 3278 640 3320 non
658 3268 816 3340 petentem
839 3264 955 3331 creant,
978 3253 1121 3317 modera—

117 3339 188 3412 tionis
207 3367 353 3435 expertae
374 3350 408 3414 in
429 3351 532 3436 priore
553 3350 739 3436 magistratu
756 3349 874 3425 virum,
902 3358 1040 3412 ceterum
1056 3345 1121 3411 iam

117 3441 168 3502 turn
182 3460 304 3509 exactae
321 3445 446 3524 aetatis3
470 3466 642 3528 omnesque
659 3444 806 3528 deinceps
825 3464 865 3506 ex
887 3440 1023 3528 collegio
1037 3441 1121 3506 eius-
1138 3459 1154 3507 r

117 3525 173 3598 dem
188 3540 255 3603 anni
272 3539 358 3603 refici
376 3539 555 3624 apparebat,
573 3540 615 3602 L.
631 3538 792 3614 Titinium,
813 3533 866 3623 [P.
880 3532 1063 3620 Manlium]
1082 3534 1120 3599 P.

119 3616 254 3710 Maelium,
271 3632 331 3698 Cn.
340 3630 526 3710 Genucium,
542 3631 734 3698 bmnium.
754 3632 807 3715 qui
816 3630 999 3716 priusquam
1008 3650 1123 3694 renun-

119 3712 250 3805 florenum,
269 3728 337 3792 iure
350 3728 469 3792 vocatis
483 3726 627 3792 tribubus
642 3726 799 3812 permissu
812 3725 976 3813 interregis
986 3723 1024 3789 P.
1034 3722 1122 3788 Lici-

121 3807 175 3877 niu,
183 3817 294 3886 Calvus
303 3823 346 3886 ita
355 3821 452 3886 verba
465 3821 553 3885 fecit:
573 3828 681 3886 ‘omen
694 3820 888 3898 concordiae,
909 3818 1058 3901 Quirites,
1075 3816 1122 3879 rei
1140 3833 1156 3882 8

124 3910 232 3980 mxime
247 3917 281 3980 in
298 3917 359 3981 hoc
376 3928 500 4002 tempus
520 3916 602 3995 utili,
625 3917 776 3980 memoria
796 3915 897 3980 nostri
919 3915 1121 3999 magistratus

123 4008 166 4061 vos
180 4004 220 4075 his
241 4011 372 4077 contitiis
394 4025 500 4098 petere
521 4012 555 4077 in
576 4012 792 4098 insequentem
815 4033 931 4075 annum
954 4007 1054 4072 video.
1096 4003 1158 4070 sit
