2566 4524
150 244 214 313 356
331 302 335 307 .
438 252 557 308 LIBER
573 252 643 321 VH,
662 251 686 307 6.
707 252 892 324 [auctet]

149 424 224 484 runt
241 413 434 491 dubitantes,
458 434 499 476 an
516 410 616 476 ullum
633 410 736 497 magis
750 411 933 476 Romanum
949 407 1068 477 bonum
1083 432 1154 498 quan

115 535 238 584 ιιιιιιι
258 509 422 592 virtusque
444 505 546 572 esset?
573 505 696 570 silentio
723 505 806 572 facto
834 505 954 592 templa
980 506 1105 573 deorum
1122 508 1156 574 in·

149 605 342 682 mortalium,
361 624 443 686 quae
460 601 529 666 foro
546 599 714 679 inmineat,
735 599 994 686 Capitoliumque
1010 601 1156 671 intuentem

150 712 182 769 et
196 722 315 766 manus
337 718 422 762 nunc
443 696 476 760 in
499 695 620 760 caelum
642 716 726 760 nunc
747 695 780 759 in
797 704 941 781 patentes
961 704 1061 762 terrae
1076 697 1157 764 hiatus

116 819 131 867 5
150 796 192 861 ad
209 795 286 860 deos
303 813 412 857 manes
430 790 641 876 porrigentem
661 812 695 854 se
709 789 889 867 devovisse,
910 811 1056 877 equoque
1069 791 1193 859 deinde

150 913 245 975 quam
258 896 379 975 poterat
393 885 529 951 maxime
548 894 698 951 exornato
715 884 905 950 insidentem
922 895 1079 955 armatum
1092 908 1120 953 se
1133 885 1159 952 in
1187 864 1193 969 l

151 1006 280 1072 specum
298 981 471 1060 inmisisse3
490 979 635 1063 donaque
653 1002 691 1044 ac
707 979 816 1067 fruges
836 1002 931 1066 super
950 1003 1025 1046 eum
1043 979 1159 1047 amulti·
1182 1058 1187 1067 1

150 1079 259 1145 tudine
276 1077 415 1142 virorum
433 1096 471 1140 ac
488 1075 654 1139 mulierum
672 1083 839 1161 congestas
854 1075 1024 1161 lacumque
1039 1075 1160 1161 Curtium

149 1197 214 1240 non
231 1172 271 1238 ab
290 1171 421 1255 antiquo
438 1169 491 1234 illo
511 1168 576 1233 Titi
590 1168 664 1233 Tati
681 1169 779 1233 milite
794 1167 905 1234 Curtio
918 1168 1049 1250 Mettio,
1068 1167 1159 1237 sedcb
1178 1180 1181 1187 '

117 1269 211 1338 choo
232 1266 432 1354 appellatum.
469 1286 545 1330 cura
565 1287 630 1329 non
651 1265 791 1343 deesset,
815 1265 842 1329 si
860 1286 924 1348 qua
942 1267 986 1331 ad
1002 1289 1108 1333 verum
1120 1264 1160 1331 vis

53 1389 55 1392 ⁴
149 1362 359 1448 inquirentem
379 1359 490 1438 ferret3
517 1381 601 1423 nunc
622 1358 709 1423 fama
729 1381 834 1424 rerum
861 1360 1012 1425 standum
1038 1371 1103 1446 est,
1118 1356 1159 1425 ubi

150 1467 269 1523 certam
295 1456 427 1542 derogat
451 1462 592 1519 vetustas
618 1453 727 1532 fidem,
757 1462 789 1519 et
809 1452 897 1520 lacus
919 1476 1039 1522 nomen
1060 1455 1097 1522 ab
1114 1453 1159 1519 hat

148 1551 321 1618 recentiore
338 1548 517 1636 insignitius
536 1547 645 1614 fabula
662 1557 719 1613 est.

118 1666 133 1712 ι
214 1645 296 1711 Post
313 1644 391 1709 tanti
407 1644 544 1730 prodigii
560 1642 812 1728 procurationem
825 1643 937 1708 eodem
951 1666 1035 1709 anno
1050 1642 1159 1709 dellet-

150 1740 229 1807 uicis
257 1740 419 1806 consultus
448 1747 574 1803 senatus
602 1759 674 1802 cum
700 1737 822 1802 fetiales
850 1738 968 1804 adres
994 1737 1158 1826 repetendo

149 1837 341 1920 nequiquam
363 1834 515 1910 misisset,
542 1832 643 1918 primo
666 1855 790 1917 quoque
813 1832 864 1897 die
882 1832 1052 1899 ferendum
1068 1835 1104 1900 ad
1117 1854 1158 1919 po·

149 1931 261 2016 pulum
278 1931 318 1994 de
335 1928 419 1994 bello
437 1928 603 1994 indicendo
616 1927 765 1993 Hernicis
780 1927 915 2006 censuit,
935 1923 1157 2014 populusqueid

117 2042 132 2090 8
150 2024 270 2090 bellum
291 2023 439 2106 frequens
462 2022 563 2086 iussit.
599 2023 640 2087 L.
662 2020 805 2088 Genucio
824 2023 947 2088 consuli
966 2047 1005 2089 ea
1021 2020 1158 2110 provinc·

150 2129 234 2184 sorte
257 2117 371 2184 evenit
406 2116 440 2181 in
462 2119 695 2203 exspectatione
718 2118 828 2183 civitas
852 2127 932 2197 erat,
957 2121 1046 2204 quod
1061 2119 1156 2206 primu

147 2214 201 2281 ille
223 2214 263 2279 de
284 2211 377 2300 plebe
400 2213 511 2279 consul
533 2212 650 2277 bellum
668 2213 734 2278 suis
753 2213 900 2298 auspiciis
918 2223 1070 2300 gesturus
1086 2217 1157 2290 esset,

148 2308 279 2395 perinde
301 2317 336 2375 ut
358 2308 515 2374 evenisset
536 2330 602 2384 res,
630 2307 674 2373 ita
696 2308 942 2374 communicatos
965 2309 1098 2376 honores
1114 2322 1156 2394 pot

117 2419 131 2466 9
149 2403 230 2469 bene
249 2413 304 2469 aut
322 2425 414 2469 secus
433 2402 575 2468 consulto
588 2402 743 2467 habitura.
771 2401 851 2467 forte
869 2403 913 2468 ita
931 2404 1003 2468 tulit
1022 2405 1157 2481 casus,nt

150 2496 313 2564 Genucius
340 2499 382 2563 ad
407 2497 514 2563 hostes
536 2520 652 2584 magno
675 2507 790 2562 conatu
810 2497 972 2583 profectus
994 2499 1030 2564 in
1050 2495 1155 2564 insidis

147 2595 379 2681 praecipitaret,
407 2592 583 2680 legionibus
605 2593 790 2678 necopinato
811 2615 928 2677 pavore
952 2593 1035 2660 fusis
1062 2587 1154 2667 consul,

149 2689 380 2754 circumventus
412 2687 452 2753 ab
483 2687 590 2752 insciis
617 2709 712 2770 quem
737 2687 982 2768 interfecissent,
1017 2689 1154 2756 occideret

99 2797 132 2846 10
149 2783 236 2865 quod
258 2781 312 2846 ubi
330 2790 379 2846 est
396 2781 741 2861 Romam-nuntiatum,
764 2804 964 2867 nequaquam
983 2792 1101 2849 tantum
1115 2800 1155 2868 pt·

149 2874 233 2940 blica
264 2874 440 2939 calamitate
466 2877 578 2940 maesti
603 2885 708 2961 patres
736 2888 888 2960 quantum
913 2877 1039 2944 feroces
1063 2868 1154 2943 infelici

150 2969 288 3034 consulis
307 2967 421 3054 plebeii
439 2970 536 3035 ductu
553 2970 691 3036 fremunt
709 2969 854 3036 omnibus
872 2971 966 3038 locis·
984 2973 1075 3052 irem,
1093 2989 1154 3037 rtet·

149 3074 220 3130 rent
207 3064 387 3130 tconsules
411 3088 451 3130 ex
472 3065 578 3151 plebe,
606 3066 809 3131 transferrent
797 3066 974 3152 tauspicia
1001 3090 1066 3152 quo
1088 3061 1152 3132 refut

97 3177 128 3224 11
148 3170 241 3226 esset
268 3169 324 3269 pot
326 3160 410 3225 uisse
423 3169 477 3268 pat
478 3183 528 3225 res
541 3159 680 3246 plebi'
637 3170 695 3224 scrt
697 3183 715 3225 ο
728 3160 802 3246 pelli
815 3160 990 3228 honoribus
1005 3163 1085 3242 suis;
1100 3174 1151 3225 ιιι

148 3256 242 3319 etiam
268 3255 303 3318 in
328 3253 439 3319 deos
430 3264 545 3319 rnmort
533 3255 611 3320 tales
638 3255 880 3365 inauspicatam
891 3255 998 3343 legem
1025 3212 1151 3324 velbitttl
1191 3248 1193 3253 ¹

146 3349 352 3415 vindicasse
343 3371 430 3434 1psos
450 3372 543 3414 suum
560 3372 690 3428 numen,
715 3374 773 3415 sua
790 3350 946 3459 auspicia,
967 3375 1049 3436 quae
1066 3360 1097 3418 ut
1109 3342 1151 3434 pti·

146 3463 236 3505 mum
258 3451 401 3508 contacta
423 3444 486 3508 sint
473 3442 547 3507 tab
571 3466 622 3522 eo,
650 3465 753 3528 aquo
776 3466 835 3509 nec
856 3445 906 3510 ius
929 3468 990 3511 nec
1007 3445 1058 3513 fas
1075 3437 1148 3520 fuerit

148 3529 287 3600 deletum
305 3558 377 3601 cum
395 3537 475 3603 duce
490 3539 607 3604 exercit
607 3562 660 3605 um
675 3539 863 3607 documento
878 3539 994 3621 fuisse,
1014 3565 1054 3607 ne
1067 3531 1148 3606 dent·

96 3647 128 3697 12
146 3629 251 3695 turbat
238 3641 271 3695 to
284 3642 359 3718 gent
359 3631 425 3696 ium
438 3633 505 3697 iure
518 3633 613 3698 comit
613 3633 645 3699 ia
601 3632 807 3700 tthaberen
796 3645 854 3700 t.ur
881 3635 933 3702 his
947 3636 1078 3704 vocibus
1089 3625 1148 3698 cult

146 3725 294 3791 etforum
307 3737 463 3813 personat
491 3729 554 3813 Ap.
567 3726 749 3808 Claudium,
769 3731 844 3814 quia
857 3731 1052 3799 dissuaserat
1064 3732 1147 3816 leges
1190 3764 1193 3777 ·

144 3821 262 3886 maiore
279 3843 364 3887 nunc
381 3822 563 3888 auctoritate
582 3833 730 3889 eventum
746 3825 929 3912 reprehensi
947 3826 988 3894 ab
1007 3851 1042 3896 se
1055 3808 1147 3894 unffi

143 3913 354 3994 incusantem,
391 3916 488 3982 dictta
443 3925 574 3984 tutorem
606 3940 763 3986 consensu
792 3922 996 4084 patriciorum
1022 3913 1144 3990 sautu

145 4009 256 4076 consul
274 4011 361 4090 dicit,
336 4010 580 4099 tdilectusque
599 4023 630 4080 et
646 4014 800 4080 iustitium
818 4015 973 4084 indictum
