2566 4524
371 117 489 172 amsa
505 117 564 186 111,
583 118 625 173 ss.
639 119 680 173 aa.
701 119 852 193 [seam]
1065 111 1128 177 183

94 277 251 366 proelium
269 275 343 353 fuit,
363 276 454 360 quale
472 276 553 340 inter
569 275 701 342 fidentes
716 276 842 343 sibimet
855 279 948 344 ambo
963 281 1126 359 exercitus,

96 371 212 438 veteris
230 380 462 457 perpetuaeque
481 369 612 434 alterum
629 370 762 456 gloriae,
781 372 912 438 alterum
929 396 1028 460 nuper
1045 397 1128 440 nova

96 466 230 532 victoria
261 464 386 531 elatum.
431 465 561 530 consilio
593 466 686 532 etiarn
715 464 826 533 Sabini
855 469 938 534 vires
969 470 1160 538 adiuvere?

98 585 170 627 nam
198 583 273 625 cum
299 570 487 644 aequassent
513 560 626 637 aciem,
663 561 725 625 duo
751 571 840 628 extra
865 564 1006 628 ordinem
1031 564 1125 642 milia,

100 679 179 740 quae
205 656 240 720 in
268 654 427 719 sinistrum
454 675 551 718 cornu
572 654 787 722 Romanorum
812 657 936 743 inipso
959 659 1126 723 certamine

97 749 326 836 inpressionem
344 748 496 826 facerent,
516 757 651 813 tenuere.
680 771 761 832 quae
777 750 832 815 ubi
849 751 953 817 inlatis
972 775 1012 817 ex
1027 763 1128 819 trans-
1145 773 1161 821 8

99 867 192 910 verso
207 843 307 930 signis
321 842 535 930 degravabant
546 864 645 929 prope
657 845 902 911 circumventum
916 870 1022 925 comu,
1042 849 1129 932 equi-

99 950 144 1003 tes
163 939 300 1004 duarum
316 938 477 1024 legionum
494 938 629 1003 sescenti
646 937 713 1002 fere
735 961 775 1002 ex
797 940 885 1023 equis
908 941 1055 1005 desiliunt
1077 965 1128 1008 ee-

99 1032 308 1116 dentibusque
333 1033 397 1097 iam
424 1033 489 1098 suis
515 1032 679 1117 provolant
704 1033 738 1096 in
762 1032 897 1118 primum
921 1035 1075 1118 simulque
1097 1045 1129 1100 et

100 1127 181 1192 hosti
204 1148 240 1192 se
263 1135 425 1212 opponunt
451 1135 482 1192 et
508 1136 641 1209 aequato
666 1127 803 1213 primum
828 1128 981 1214 periculo,
1007 1130 1127 1214 pudore

100 1221 211 1285 deinde
226 1220 347 1284 animos
360 1220 500 1306 peditum
515 1221 696 1285 accendunt.
724 1223 929 1287 verecundiae
943 1232 1022 1300 erat,
1042 1224 1129 1306 equi·
1147 1244 1161 1291 9

101 1325 163 1380 tem
186 1337 246 1379 suo
269 1314 432 1397 alienoque
450 1313 555 1379 Marte
576 1337 731 1402 pugnare,
754 1316 892 1400 peditem
913 1338 953 1380 ue
971 1316 1012 1381 ad
1028 1318 1125 1404 pedes

101 1409 229 1493 quidem
247 1408 397 1495 degresso
415 1409 511 1492 equiti
528 1431 635 1493 parem
654 1431 733 1474 esse.

163 1502 297 1567 LXlH.
321 1501 449 1567 Vadunt
463 1503 558 1588 igitur
575 1503 607 1566 in
624 1504 778 1588 proelium
795 1503 835 1569 ab
854 1527 912 1569 sua
927 1514 1016 1590 parte
1034 1506 1129 1571 omis-
1148 1527 1161 1574 1

98 1622 171 1664 sum
189 1608 222 1662 et
238 1598 355 1675 locum,
379 1620 418 1662 ex
440 1619 502 1680 quo
525 1608 695 1673 cesserant,
722 1608 880 1683 repetunt:
907 1610 1128 1684 momentoque

95 1716 163 1759 non
189 1693 333 1756 restituta
353 1691 449 1756 modo
469 1714 591 1777 pugna,
618 1692 674 1757 sed
696 1692 861 1757 inclinatur
882 1694 976 1757 etiam
1000 1693 1127 1758 Sabinis

96 1810 207 1853 comu.
244 1807 352 1869 eques,
374 1785 455 1850 inter
477 1787 600 1852 ordines
622 1787 761 1871 peditum
780 1797 894 1866 tectus,
919 1810 953 1853 se
971 1788 1011 1853 ad
1029 1809 1127 1871 equos
1146 1807 1161 1854 s

99 1880 226 1967 recipit,
254 1880 424 1945 transvolat
445 1880 518 1945 inde
540 1882 573 1945 in
593 1893 715 1966 partem
737 1883 866 1948 alteram
889 1883 954 1948 suis
981 1882 1128 1947 victoriae

101 1976 244 2051 nuntius,
264 1975 357 2039 simul
374 1974 455 2039 etin
472 1975 579 2040 hostes
597 1976 660 2040 iam
672 1978 818 2061 pavidos,
837 1977 953 2063 quippe
966 1976 1037 2041 fuso
1052 1998 1128 2041 suae

100 2070 199 2158 partis
224 2069 374 2135 validiore
401 2091 512 2148 cornu,
538 2070 690 2156 impetum
717 2072 801 2136 facit.
841 2095 905 2136 non
931 2072 1063 2137 aliorum
1089 2093 1127 2136 eo

96 2163 220 2253 proelio
238 2165 337 2229 virtus
354 2165 456 2251 magis
475 2164 592 2229 enituit.
621 2165 730 2229 consul
747 2166 911 2249 providere
929 2166 1043 2242 omnia,
1062 2165 1129 2229 lau·
1148 2183 1163 2229 3

96 2261 177 2325 dare
194 2258 299 2336 fortis,
317 2259 477 2344 increpare
492 2259 592 2324 sicubi
607 2259 732 2346 segnior
744 2282 852 2344 pugna
865 2269 957 2323 esset.
986 2258 1129 2347 castigati

95 2355 231 2421 fortium
258 2352 362 2418 statim
388 2354 525 2418 virorum
557 2376 652 2440 opera
682 2353 829 2431 edebant,
860 2362 1044 2436 tantumque
1070 2353 1127 2416 hos

96 2449 215 2536 pudor,
234 2456 386 2530 quantum
402 2447 480 2514 alios
498 2448 608 2513 laudes
627 2447 813 2512 excitabant.
843 2447 1053 2533 redintegrato
1067 2446 1164 2511 cla-4

98 2565 189 2609 more
207 2542 346 2626 undique
363 2565 472 2607 omnes
490 2543 589 2608 conisi
612 2544 736 2607 hostem
756 2551 913 2618 avertunt,
940 2562 1000 2607 neo
1017 2540 1130 2607 deinde

96 2639 249 2705 Romana
266 2635 313 2701 vis
333 2637 479 2701 sustineri
496 2637 605 2722 potuit.
635 2634 746 2702 Sabini
758 2636 822 2701 fusi
836 2636 955 2722 passim
967 2657 1024 2723 per
1037 2656 1129 2722 agros

99 2742 207 2796 castra
232 2729 316 2794 hosti
342 2729 556 2816 adpraedam
582 2729 769 2813 relinquunt.
808 2728 853 2794 ibi
878 2753 943 2795 non
965 2729 1130 2806 sociorum,

99 2827 186 2891 sicut
206 2824 240 2888 iu
257 2822 391 2911 Algido,
413 2846 479 2901 res,
507 2824 564 2889 sed
586 2847 659 2889 suas
677 2824 854 2902 Romanus,
876 2823 1131 2911 populationibus

104 2941 252 3004 agrorum
270 2917 418 2996 amissas,
435 2917 554 3004 recipit.

174 3008 307 3079 Gemina
315 3012 445 3077 victoria
458 3012 581 3078 duobus
595 3012 740 3078 bifariam
753 3011 878 3097 proeliis
892 3020 982 3096 parta
994 3010 1130 3095 maligne
1149 3029 1164 3076 5

104 3116 234 3171 senatus
252 3105 287 3169 in
303 3127 401 3169 unum
414 3106 497 3170 diem
511 3106 746 3192 supplicationis
760 3105 925 3171 consulum
938 3103 1063 3168 nomine
1078 3103 1133 3167 de·

102 3199 212 3266 crevit.
239 3198 374 3284 populus
387 3199 510 3263 iniussu
528 3210 559 3265 et
575 3200 671 3265 altero
690 3200 739 3263 die
758 3200 905 3282 frequens
923 3197 959 3263 iit
976 3195 1133 3281 supplica·

103 3306 187 3372 tum,
211 3303 244 3357 et
264 3293 344 3358 haec
360 3316 444 3380 vaga
459 3293 682 3379 popularisque
700 3291 885 3378 supplicatio
904 3291 1014 3355 studiis
1033 3311 1131 3375 prope

103 3387 292 3454 celebratior
312 3387 381 3453 fuit.
417 3389 561 3453 consules
584 3410 623 3451 ex
646 3386 818 3472 composito
840 3387 951 3451 eodem
973 3384 1069 3450 biduo
1092 3384 1132 3448 ad
1151 3404 1165 3450 6

103 3482 219 3548 urbem
237 3503 397 3547 accessere
416 3491 621 3566 senatumque
638 3482 671 3545 in
687 3481 839 3545 Martium
857 3502 1003 3566 campum
1021 3499 1132 3543 evoca-

102 3599 191 3642 vere.
228 3574 283 3641 ubi
300 3597 373 3640 cum
389 3575 429 3640 de
446 3575 541 3641 rebus
559 3575 599 3641 ab
618 3598 652 3641 se
669 3575 768 3662 gestis
786 3584 928 3662 agerent,
952 3571 1054 3657 questi
1071 3571 1134 3657 pri-

103 3692 212 3736 mores
229 3679 367 3755 patrum,
387 3679 530 3736 senatum
546 3670 626 3734 inter
643 3670 756 3734 milites
775 3669 880 3733 dedita
897 3691 991 3754 opera
1009 3664 1133 3729 terroris

104 3787 206 3830 causa
223 3762 340 3829 haberi.
373 3765 479 3848 itaque
495 3764 568 3829 inde
586 3764 745 3843 consules,
764 3785 804 3828 ne
823 3759 1029 3827 criminationi
1045 3757 1133 3821 locus
1152 3778 1167 3824 r

104 3868 208 3936 esset,
227 3857 261 3922 in
277 3869 367 3943 prata
382 3858 553 3937 Flaminia,
571 3858 625 3924 ubi
642 3881 725 3924 nuuc
744 3859 836 3923 aedes
850 3855 1008 3944 Apollinis
1023 3850 1227 4144 Γ
