2550 4530
325 254 444 309 mauu
460 254 519 325 ur,
539 253 564 307 1.
584 253 805 325 [asumma]
1019 243 1081 310 125

75 413 144 468 ubido
158 410 211 482 Ap.
222 408 348 479 Claudii,
368 408 430 480 qui,
450 409 552 465 cumin
565 426 690 466 amorem
699 408 816 480 virginis
826 409 989 483 incidisset,
1008 430 1082 467 sum·

74 491 153 559 misso,
175 488 223 560 qni
241 504 305 542 eam
323 487 353 540 in
373 487 538 541 servitutem
555 494 680 559 peteret,
703 488 905 544 necessitatem
927 489 1002 559 patri
1021 491 1082 545 eius

74 567 186 638 Verginio
196 565 340 636 imposuit
358 571 441 635 rapto
452 581 486 619 ex
495 566 617 621 taberna
625 566 753 636 proxima
763 565 854 620 cultro
865 563 952 619 filiam
967 567 1082 637 occidit,

75 661 119 699 cum
128 645 206 698 aliter
216 642 291 698 effici
299 658 358 696 non
367 648 479 713 posset,
498 660 534 697 ne
544 643 573 697 in
582 649 755 714 potestatem
765 650 895 713 stuprum
909 644 1025 698 inlaturi
1034 661 1081 700 ve-

73 723 134 777 niret
157 721 280 775 hoctam
289 736 411 790 magnae
425 719 544 774 iniuriae
559 721 688 790 exemplo
703 721 785 791 plebs
801 721 945 776 concitata
957 728 1083 776 montem

73 799 220 854 lvenunum
238 798 390 869 occupavit
407 797 559 868 coegitque
578 798 754 853 decemviros
777 798 914 853 abdicare
939 816 969 853 se
993 799 1081 870 magi-

75 883 149 931 stratu
175 893 209 931 ex
220 875 324 946 quibus
334 874 455 946 Appius,
467 875 515 945 qui
526 875 678 946 praecipue
687 891 810 945 poenam
819 882 970 944 meruerat,
981 876 1010 929 in
1021 893 1081 930 car-

68 968 143 1008 cerem
160 953 307 1008 coniectus
325 959 384 1019 est,
404 952 491 1006 ceteri
505 951 534 1004 in
549 951 663 1005 exilium
683 957 750 1005 sunt
768 951 833 1006 acti.
865 969 911 1006 res
932 959 1082 1022 praeterea

68 1039 151 1119 ltoutra
160 1031 282 1087 Sabinos
297 1029 458 1086 etVulscos
472 1045 610 1099 prospere
626 1034 724 1098 gestas
739 1029 868 1084 continet
882 1035 912 1083 et
921 1047 1021 1099 parum
1029 1030 1081 1082 bo·

68 1116 160 1179 {aeuum
169 1109 269 1180 populi
278 1109 400 1163 Romani
409 1107 557 1176 iudicium,
577 1107 626 1177 qni
640 1107 726 1160 iudex
740 1101 814 1160 inter
823 1105 964 1160 Ardeates
980 1114 1010 1160 et
1018 1107 1080 1160 Ari·

77 1186 133 1242 cinos
142 1195 266 1259 sumptus
276 1204 385 1259 agrum,
400 1187 435 1241 de
446 1201 503 1257 quo
514 1184 721 1255 ambigebatur,
737 1184 792 1238 sibi
801 1184 998 1252 adiudicarit.]

430 1462 548 1546 ΤΙΤΙ
573 1461 697 1544 LlVl
787 1538 790 1543 .

294 1622 363 1682 AB
396 1622 540 1683 vnum
574 1618 828 1681 commus

462 1793 591 1852 LIBER
613 1792 672 1851 III.

116 1912 141 1978 I.
171 1910 272 1978 Antio
290 1919 382 1995 capto
400 1907 491 1972 Titus
509 1905 667 1972 Aemilius
687 1917 718 1971 et
737 1905 777 1990 Q
792 1907 913 1973 Fabius
932 1909 1078 1973 consules
1098 1932 1112 1977 1
1219 1971 1223 1979 .

119 2021 137 2072 t
170 2006 223 2070 hic
241 2015 308 2070 erat
324 2002 453 2080 Fabius,
472 2002 527 2087 qui
545 2025 626 2067 unus
645 2002 818 2067 exstinctae
837 2004 877 2067 ad
896 2002 1079 2069 Cremeram

95 2101 135 2166 nti
156 2101 361 2186 superfuerat.
396 2097 461 2162 iam
486 2097 589 2184 priore
612 2098 776 2163 consulatu
797 2096 954 2164 Aemilius
984 2100 1113 2166 dandis

68 2197 119 2278 *gd
134 2196 216 2282 plebi
235 2195 337 2259 fuerat
354 2205 471 2258 auctor.
498 2192 605 2277 itaque
619 2193 757 2257 secundo
770 2215 896 2277 quoque
914 2195 1080 2259 consulatu

68 2280 114 2356 lus
132 2302 164 2356 et
180 2289 296 2377 agrarii
318 2311 354 2354 se
375 2289 408 2352 in
430 2310 520 2375 spem
541 2287 621 2373 legis
645 2299 807 2352 erexerant
825 2300 856 2351 et
879 2287 995 2353 tribuni
1012 2312 1079 2354 rem

68 2398 152 2451 ontra
171 2384 317 2451 consules
336 2406 429 2470 saepe
448 2392 631 2468 temptatam
654 2382 796 2447 adiutore
818 2383 926 2466 utique
949 2385 1077 2449 consule

68 2468 176 2545 btineri
198 2500 294 2565 posse
315 2478 375 2542 rati
397 2477 572 2562 suscipiunt
595 2486 626 2540 et
649 2477 759 2540 consul
782 2477 930 2541 manebat
952 2478 985 2542 in
1008 2501 1078 2542 sen-

68 2577 140 2640 mtia
159 2597 228 2639 sua.
254 2595 454 2660 possessores
473 2582 504 2636 et
521 2595 638 2658 magna
655 2594 728 2656 pars
746 2583 881 2656 patrum,
902 2570 1076 2636 tribuniciis
1097 2594 1111 2640 a

68 2685 78 2729 r
99 2670 219 2736 iactare
240 2667 414 2732 actionibus
437 2667 612 2753 prinoipem
636 2667 770 2731 civitatis
793 2677 825 2730 et
850 2666 1012 2753 largiendo
1040 2668 1079 2732 de

68 2762 143 2830 ieno
161 2762 347 2850 popularem
365 2761 433 2827 fieri
450 2772 629 2845 querentes,
649 2761 744 2826 totius
763 2761 914 2826 invidiam
930 2762 976 2826 rei
994 2761 1080 2826 atri-

68 2861 135 2924 mis
154 2860 189 2924 in
208 2857 369 2922 consulem
387 2866 573 2922 averterant.
609 2867 699 2921 atrox
722 2867 880 2921 certamen
903 2858 1024 2936 aderat,
1047 2857 1080 2922 ni
1098 2878 1115 2925 4

68 2955 163 3020 abins
191 2952 323 3018 consilio
349 2952 451 3016 neutri
477 2951 558 3037 parti
584 2951 697 3016 acerbo
719 2974 786 3015 rem
803 2953 1002 3038 expedisset.
1040 2952 1078 3016 T.

68 3048 177 3126 :uincti
193 3049 291 3112 ductu
309 3056 340 3112 et
357 3047 497 3131 auspicio
515 3045 584 3131 agri
601 3046 686 3130 capti
707 3047 810 3129 priore
832 3069 914 3109 anno
937 3046 1079 3128 aliquan-

68 3167 112 3208 tm
133 3166 155 3207 a
170 3140 296 3208 Volscis
315 3164 398 3220 esse,
426 3140 573 3218 Antium,
597 3139 819 3225 propinquam,
843 3150 1029 3225 oportunam
1048 3151 1112 3206 ets

68 3237 232 3305 aritimam
249 3236 375 3315 urbem,
402 3235 557 3301 coloniam
580 3234 694 3298 deduci
711 3256 820 3319 posse:
847 3234 891 3298 ita
913 3235 981 3298 sine
1003 3256 1079 3318 que-

68 3335 125 3400 dlis
144 3354 368 3419 possessorum
389 3330 516 3418 plebem
537 3331 570 3394 in
593 3354 685 3416 agros
709 3331 838 3408 ituram,
866 3328 1024 3394 civitatem
1046 3329 1079 3393 in

68 3428 212 3495 uncordia
237 3427 314 3492 fore.
355 3426 434 3491 haec
451 3425 615 3498 ,sententia
641 3438 770 3510 accepta
801 3437 858 3488 est.
898 3424 1077 3490 triumviros
1097 3445 1112 3495 6

68 3547 119 3613 gro
131 3523 240 3589 dando
254 3532 340 3588 creat
352 3521 391 3586 Τ.
407 3520 599 3604 Quinctium,
618 3518 661 3584 A.
672 3519 868 3607 Verginium,
887 3518 925 3584 P.
935 3519 1076 3584 Furium.

68 3620 122 3686 tasi
137 3617 269 3684 nomina
286 3617 374 3695 dare,
397 3617 452 3702 qui
469 3639 582 3702 agrum
600 3615 741 3700 accipere
760 3615 884 3679 vellent.
922 3615 996 3679 fecit
1014 3631 1077 3680 sta·
1095 3637 1110 3685 r

68 3736 108 3793 m,
126 3726 162 3779 ut
178 3714 230 3792 fit,
250 3712 412 3778 fastidium
430 3713 521 3799 copia
537 3712 678 3796 adeoque
696 3711 789 3795 pauci
807 3710 934 3775 uomina
952 3711 1076 3790 dedere,

68 3818 79 3873 t
94 3808 135 3874 ad
153 3807 347 3895 explendum
364 3829 529 3873 numerum
548 3807 650 3872 coloni
666 3805 777 3871 Volsci
800 3807 1002 3883 adderentur;
1025 3828 1078 3871 ce·

68 3923 109 3970 tra
127 3903 301 3969 multitudo
321 3925 452 3989 poscere
469 3901 592 3967 Romae
615 3924 726 3988 agrum
748 3900 856 3979 malle,
883 3922 979 3984 quam
1002 3898 1078 3964 alibi

68 3998 196 4089 ccipere.
235 3997 344 4086 Aequi
365 4021 386 4065 a
407 3994 449 4082 Q.
467 3997 568 4063 Fabio
591 4036 633 4046 —
655 3997 683 4062 is
707 4019 744 4062 eo
767 4018 839 4061 cum
861 3996 1000 4061 exercitu
1021 4010 1110 4062 ve·8
