2566 4524
349 255 467 310 Lusus
485 255 557 325 1111,
575 254 618 311 so.
630 254 674 310 41.
694 254 845 325 [acuo]
1049 247 1113 310 231

92 441 143 505 que
159 415 217 483 ubi
235 413 275 482 0.
295 411 516 501 Sempronius,
539 410 594 480 ubi
611 412 752 501 legiones
770 409 896 481 nostrae
914 414 990 494 sint,
1009 417 1116 482 deser-

95 524 133 578 tus
151 513 195 578 sis
208 535 251 577 an
264 510 439 576 deserueris
453 510 616 576 consulem
628 510 875 596 exercitumque,
894 511 968 577 victi
980 514 1114 598 denique

98 609 180 674 simus
199 631 243 672 an
260 605 459 671 vicerimusi’

147 701 324 767 XXXXL
359 697 526 765 Adversus
548 699 627 765 haee
649 698 805 788 Tempani
831 702 930 767 oratio
955 703 1115 789 incompta
1135 723 1147 769 1

102 797 181 862 fuisse
195 795 321 874 dieitur,
337 805 475 860 cetenrm
488 794 662 861 militariter
674 797 791 883 gravis,
805 819 868 862 non
883 797 948 862 suis
958 821 1040 862 vana
1048 798 1116 864 lau-

101 891 186 969 dibus,
197 891 612 957 noneriminealienolseta.
631 908 748 976 quanta
756 894 923 978 prudentia
931 893 976 958 rei
984 893 1115 959 bellicae
1134 913 1148 960 2

101 985 165 1052 int).
173 983 362 1072 Sempronio
372 994 465 1062 esset,
479 1009 543 1051 non
551 986 658 1051 militis
667 988 707 1052 de
716 987 902 1073 imperatore
912 988 1117 1055 existimatio-

103 1103 156 1145 nem
169 1103 251 1159 esse,
267 1081 323 1145 sed
332 1081 440 1167 populi
448 1080 585 1145 Romani
598 1081 707 1160 fuisse,
722 1104 793 1146 cum
808 1105 881 1146 eum
895 1083 1028 1147 comitiis
1043 1105 1117 1146 oon-

104 1176 185 1240 sulem
197 1176 327 1262 legeret.
353 1175 460 1260 itaque
473 1198 513 1240 ne
526 1176 567 1241 sb
581 1199 616 1242 se
624 1176 823 1263 imperatoria
832 1178 962 1242 consilia
971 1200 1033 1241 neu
1042 1199 1117 1241 oon·
1135 1197 1151 1244 3

107 1271 202 1336 edures
221 1282 306 1335 artes
321 1271 533 1355 exquirerent,
552 1293 633 1355 quae
646 1272 832 1358 pensitanda
849 1295 974 1355 quoque
992 1273 1116 1358 magnis

107 1366 197 1429 mimis
207 1374 302 1448 atque
312 1364 446 1451 ingeniis
455 1375 576 1443 essent3
591 1367 647 1430 sed
657 1366 741 1450 quod
752 1367 872 1444 viderit,
886 1367 1001 1431 referre
1010 1389 1115 1452 posse.

106 1461 203 1525 vidisse
221 1469 327 1524 autem
345 1482 393 1537 se,
412 1460 597 1545 priusquam
614 1461 655 1526 ab
673 1461 740 1525 soie
757 1461 1025 1538 intercluderetur,
1044 1485 1117 1526 oon·
1135 1482 1152 1528 4

109 1554 188 1619 sulem
205 1555 239 1618 in
256 1555 359 1639 prima
376 1554 443 1618 acie
461 1565 669 1641 pugnantem,
693 1556 910 1620 adhortantem
928 1557 1008 1620 inter
1026 1556 1118 1643 signa

107 1646 232 1712 Romana
246 1648 370 1731 telaque
384 1647 522 1712 hostium
536 1659 723 1714 versantem.
742 1662 853 1735 postea
867 1674 902 1715 se
915 1674 934 1715 a
948 1664 1119 1736 conspectu
1136 1671 1152 1719 5

107 1756 215 1799 suorum
237 1733 378 1798 ablatum
400 1756 441 1798 ex
463 1735 595 1821 strepitu
616 1747 722 1800 tamen
748 1747 779 1799 et
806 1737 941 1801 clamore
969 1738 1116 1812 sensisse,

108 1831 246 1913 usquead
268 1841 392 1894 noctem
414 1840 588 1894 extractum
610 1842 782 1908 certamem
809 1854 867 1896 neo
889 1832 930 1896 ad
952 1833 1117 1909 tumulum,

107 1945 182 2005 quem
199 1926 268 2010 ipse
286 1934 440 2002 tenuerat,
459 1947 534 2010 prae
547 1927 745 1991 multitudine
758 1927 895 1991 hostium
909 1929 1035 1991 credere
1049 1949 1119 2011 per·

111 2022 192 2105 rumpi
209 2021 359 2106 potuisse.
396 2021 551 2086 exercitus
569 2021 624 2086 ubi
642 2033 738 2098 esset,
760 2044 793 2085 se
811 2023 946 2086 nesciret
965 2021 1117 2097 arbitrari,
1137 2040 1152 2087 o

112 2114 176 2179 velut
193 2116 259 2201 ipse
278 2114 311 2180 in
328 2137 362 2179 re
380 2115 502 2201 trepida
519 2115 580 2180 loci
597 2118 753 2202 praesidio
772 2139 806 2182 se
825 2140 961 2201 suosque
981 2117 1020 2181 sit
1039 2131 1120 2180 tuto-

112 2216 161 2285 tus,
184 2212 227 2275 sio
249 2211 411 2275 consulem
434 2211 580 2276 servandi
606 2213 761 2277 exercitus
788 2235 885 2278 causa
910 2212 980 2276 loca
1006 2213 1120 2275 tutiora

113 2306 201 2370 eastris
219 2306 351 2391 cepisse.
390 2328 450 2370 neo
467 2305 656 2371 Volscorum
674 2307 817 2372 meliores
835 2330 885 2372 res
904 2329 975 2371 esse
993 2307 1119 2370 eredere
1139 2327 1153 2372 7

113 2417 187 2477 quum
208 2401 314 2487 populi
331 2401 480 2466 Romani:
503 2403 662 2466 fortunam
680 2416 865 2486 noctemque
884 2403 989 2467 omnia
1007 2401 1119 2466 erroris

116 2497 193 2559 nutui
205 2497 350 2581 inplesse.
377 2508 619 2581 precantemque
632 2498 758 2575 deinde,
778 2521 817 2562 ne
832 2521 866 2562 se
879 2498 999 2563 fessum
1014 2498 1120 2562 labore

120 2606 146 2649 eo
158 2591 326 2656 volneribus
344 2604 497 2670 tenerent,
516 2615 589 2656 cum
603 2591 723 2678 ingenti
734 2594 827 2657 laude
841 2616 903 2658 non
917 2594 1040 2657 virtutis
1055 2616 1121 2656 ma-

118 2680 254 2767 gIsquam
273 2687 494 2752 moderationis
512 2687 689 2752 dimissum.

166 2778 239 2845 Cum
257 2781 337 2847 haee
355 2794 535 2869 agerentur,
557 2783 621 2846 iam
638 2783 748 2847 consul
765 2783 817 2846 via
834 2782 998 2848 Labicana
1016 2781 1056 2845 ad
1074 2781 1122 2845 fa-
1139 2799 1154 2846 8

120 2889 175 2936 nun
190 2875 310 2957 Quietis
334 2893 409 2942 erat.
446 2899 484 2941 eo
506 2877 604 2941 missa
626 2878 766 2962 plaustra
783 2878 984 2961 iumentaque
1002 2877 1063 2940 alia
1080 2875 1120 2940 ab

121 2963 177 3030 urbe
192 2972 360 3036 exercitum
373 2971 532 3037 adfectum
546 2972 663 3057 proelio
678 2995 715 3036 ac
728 2973 779 3037 via
793 2984 945 3037 nocturna
958 2992 1119 3056 excepere.

123 3061 191 3137 patilo
205 3077 275 3150 post
291 3066 325 3128 in
337 3065 448 3130 urbem
461 3077 510 3131 est
522 3066 683 3152 ingressus
697 3067 821 3144 consul,
840 3090 903 3130 non
917 3066 957 3130 ab
972 3089 1005 3130 se
1019 3065 1120 3150 magis
1140 3082 1154 3129 9

126 3151 192 3221 enine
205 3181 352 3224 amovens
370 3160 494 3245 culpam
512 3182 607 3244 quam
622 3161 831 3246 Tempanium
844 3161 962 3224 meritis
976 3158 1121 3222 laudibus

124 3241 208 3317 fusus,
233 3265 373 3318 maestae
385 3254 503 3319 civitati
516 3254 557 3319 ab
569 3277 603 3319 re
620 3255 702 3320 male
719 3269 809 3341 gesta
828 3267 858 3319 et
874 3256 971 3318 iratae
989 3250 1121 3315 ducibus
1142 3271 1174 3318 10

123 3334 335 3413 MPostumius
349 3371 421 3413 reus
436 3348 587 3427 obiectus,
606 3351 661 3434 qui
674 3350 817 3414 tribunus
831 3350 963 3414 militum
978 3370 1035 3434 pro
1049 3370 1123 3411 con-

123 3435 172 3501 tule
182 3443 218 3506 ad
225 3442 323 3508 Veios
337 3442 453 3521 fuerat,
471 3445 580 3509 decem
593 3444 720 3509 milibus
734 3445 814 3508 aeris
828 3445 933 3530 gravis
948 3444 1121 3507 damnatur.

124 3523 152 3591 T·
169 3533 342 3617 Quinctium
368 3537 521 3624 collegam
548 3536 630 3614 eius,
658 3539 732 3621 quia
754 3549 785 3602 et
807 3539 839 3601 in
860 3537 985 3603 Volscis
1013 3538 1173 3604 consulu

124 3630 236 3711 euspicio
254 3631 413 3697 dictatoris
431 3631 576 3696 Postumi
594 3631 726 3696 Tuberti
743 3643 774 3696 et
791 3633 832 3696 ad
844 3632 981 3697 Fidenas
999 3632 1123 3719 legatus

121 3713 255 3792 adiutoria
273 3726 401 3792 alterius
419 3725 519 3791 Mem.
533 3725 651 3791 Aemili
669 3749 719 3791 res
737 3750 885 3813 prospere
903 3739 1059 3814 gesserat,
1079 3740 1125 3791 to-

125 3816 171 3878 ltm
196 3820 316 3906 eulpam
347 3821 415 3887 eius
445 3821 593 3907 temporis
624 3821 657 3885 in
687 3822 944 3907 praedamnatum
971 3823 1124 3905 collegam

128 3908 335 4009 trutslerentsm
351 3938 462 3983 omnes
479 3916 578 3981 tribus
592 3915 803 3980 absolverunt.
834 3915 991 4001 profuisse
1005 3915 1034 3979 ei
1049 3913 1125 3976 Cin·
1144 3930 1175 3978 12

126 4009 217 4074 Ueneti
230 4011 328 4098 patris
346 4011 497 4076 memoris
515 4010 636 4089 dieitur,
655 4010 841 4083 venerabilis
856 4011 927 4087 viri,
947 4019 978 4072 et
996 4022 1124 4071 exactae
