<?xml version="1.0" encoding="UTF-8"?>
<!DOCTYPE html PUBLIC "-//W3C//DTD XHTML 1.0 Transitional//EN"
    "http://www.w3.org/TR/xhtml1/DTD/xhtml1-transitional.dtd">
<html xmlns="http://www.w3.org/1999/xhtml" xml:lang="en" lang="en">
 <head>
  <title>
</title>
<meta http-equiv="Content-Type" content="text/html;charset=utf-8" />
  <meta name='ocr-system' content='tesseract 3.04.00' />
  <meta name='ocr-capabilities' content='ocr_page ocr_carea ocr_par ocr_line ocrx_word'/>
</head>
<body>
  <div class='ocr_page' id='page_1' title='image "./titiliviaburbec01weisgoog_0564.png"; bbox 0 0 2566 4524; ppageno 0'>
   <div class='ocr_carea' id='block_1_1' title="bbox 318 100 1139 182">
    <p class='ocr_par' dir='ltr' id='par_1_1' title="bbox 318 100 1139 182">
     <span class='ocr_line' id='line_1_1' title="bbox 318 100 1139 182; baseline 0.007 -20"><span class='ocrx_word' id='word_1_1' title='bbox 318 116 325 127; x_wconf 94' lang='lat'><strong>·</strong></span> <span class='ocrx_word' id='word_1_2' title='bbox 356 110 475 164; x_wconf 74' lang='grc'><strong>11111111</strong></span> <span class='ocrx_word' id='word_1_3' title='bbox 490 109 705 179; x_wconf 64' lang='grc'><strong>11113131.</strong></span> <span class='ocrx_word' id='word_1_4' title='bbox 725 115 763 180; x_wconf 74' lang='lat' dir='ltr'><strong>[a.</strong></span> <span class='ocrx_word' id='word_1_5' title='bbox 773 111 805 168; x_wconf 91' lang='lat' dir='ltr'><strong>o.</strong></span> <span class='ocrx_word' id='word_1_6' title='bbox 814 112 877 182; x_wconf 86' lang='lat'>311]</span> <span class='ocrx_word' id='word_1_7' title='bbox 1073 100 1139 168; x_wconf 75' lang='grc'><strong>415</strong></span> 
     </span>
    </p>
   </div>
   <div class='ocr_carea' id='block_1_2' title="bbox 93 267 1280 3956">
    <p class='ocr_par' dir='ltr' id='par_1_2' title="bbox 99 267 1137 641">
     <span class='ocr_line' id='line_1_2' title="bbox 100 267 1137 358; baseline 0.003 -23"><span class='ocrx_word' id='word_1_8' title='bbox 100 267 297 354; x_wconf 88' lang='lat' dir='ltr'><strong>pidationem</strong></span> <span class='ocrx_word' id='word_1_9' title='bbox 316 267 400 345; x_wconf 81' lang='lat' dir='ltr'><strong>fecit,</strong></span> <span class='ocrx_word' id='word_1_10' title='bbox 415 267 490 332; x_wconf 91' lang='lat' dir='ltr'><strong>dum</strong></span> <span class='ocrx_word' id='word_1_11' title='bbox 504 290 591 333; x_wconf 87' lang='lat' dir='ltr'><strong>arma</strong></span> <span class='ocrx_word' id='word_1_12' title='bbox 604 268 741 354; x_wconf 86' lang='lat' dir='ltr'><strong>capiunt,</strong></span> <span class='ocrx_word' id='word_1_13' title='bbox 760 270 898 337; x_wconf 89' lang='lat' dir='ltr'><strong>sarcinas</strong></span> <span class='ocrx_word' id='word_1_14' title='bbox 917 282 1091 358; x_wconf 85' lang='lat' dir='ltr'><strong>congerunt</strong></span> <span class='ocrx_word' id='word_1_15' title='bbox 1103 273 1137 338; x_wconf 92' lang='lat' dir='ltr'><strong>in</strong></span> 
     </span>
     <span class='ocr_line' id='line_1_3' title="bbox 99 361 1136 448; baseline 0.002 -17"><span class='ocrx_word' id='word_1_16' title='bbox 99 362 244 433; x_wconf 88' lang='lat' dir='ltr'><strong>medium</strong></span> <span class='ocrx_word' id='word_1_17' title='bbox 249 386 259 441; x_wconf 93' lang='lat'>;</span> <span class='ocrx_word' id='word_1_18' title='bbox 286 361 360 428; x_wconf 90' lang='lat' dir='ltr'><strong>dein</strong></span> <span class='ocrx_word' id='word_1_19' title='bbox 376 370 558 448; x_wconf 82' lang='lat' dir='ltr'>postquam,</span> <span class='ocrx_word' id='word_1_20' title='bbox 581 371 617 427; x_wconf 94' lang='lat' dir='ltr'><strong>ut</strong></span> <span class='ocrx_word' id='word_1_21' title='bbox 634 363 767 447; x_wconf 91' lang='lat' dir='ltr'><strong>quisque</strong></span> <span class='ocrx_word' id='word_1_22' title='bbox 784 362 971 430; x_wconf 81' lang='lat' dir='ltr'><strong>liberauerat</strong></span> <span class='ocrx_word' id='word_1_23' title='bbox 989 388 1024 432; x_wconf 89' lang='lat' dir='ltr'><strong>se</strong></span> <span class='ocrx_word' id='word_1_24' title='bbox 1042 388 1136 433; x_wconf 89' lang='lat' dir='ltr'><strong>onere</strong></span> 
     </span>
     <span class='ocr_line' id='line_1_4' title="bbox 99 456 1137 544; baseline 0.004 -22"><span class='ocrx_word' id='word_1_25' title='bbox 99 465 328 544; x_wconf 87' lang='lat' dir='ltr'><strong>aptaveratque</strong></span> <span class='ocrx_word' id='word_1_26' title='bbox 346 456 451 535; x_wconf 90' lang='lat' dir='ltr'><strong>armis,</strong></span> <span class='ocrx_word' id='word_1_27' title='bbox 471 457 512 520; x_wconf 88' lang='lat' dir='ltr'><strong>ad</strong></span> <span class='ocrx_word' id='word_1_28' title='bbox 530 456 621 544; x_wconf 86' lang='lat' dir='ltr'><strong>signa</strong></span> <span class='ocrx_word' id='word_1_29' title='bbox 637 457 776 542; x_wconf 93' lang='lat' dir='ltr'><strong>undique</strong></span> <span class='ocrx_word' id='word_1_30' title='bbox 795 457 920 524; x_wconf 81' lang='lat' dir='ltr'>coibant</span> <span class='ocrx_word' id='word_1_31' title='bbox 938 467 969 524; x_wconf 91' lang='lat' dir='ltr'><strong>et</strong></span> <span class='ocrx_word' id='word_1_32' title='bbox 985 461 1068 525; x_wconf 86' lang='lat' dir='ltr'><strong>notis</strong></span> <span class='ocrx_word' id='word_1_33' title='bbox 1087 483 1137 526; x_wconf 90' lang='lat' dir='ltr'><strong>or·</strong></span> 
     </span>
     <span class='ocr_line' id='line_1_5' title="bbox 99 546 1135 641; baseline 0.003 -24"><span class='ocrx_word' id='word_1_34' title='bbox 99 549 231 617; x_wconf 83' lang='lat' dir='ltr'>dinibus</span> <span class='ocrx_word' id='word_1_35' title='bbox 253 550 287 615; x_wconf 92' lang='lat' dir='ltr'><strong>in</strong></span> <span class='ocrx_word' id='word_1_36' title='bbox 308 560 414 618; x_wconf 87' lang='lat' dir='ltr'><strong>vetere</strong></span> <span class='ocrx_word' id='word_1_37' title='bbox 441 546 606 636; x_wconf 84' lang='lat' dir='ltr'><strong>disciplina</strong></span> <span class='ocrx_word' id='word_1_38' title='bbox 632 551 760 617; x_wconf 90' lang='lat' dir='ltr'><strong>militiae</strong></span> <span class='ocrx_word' id='word_1_39' title='bbox 786 552 849 617; x_wconf 91' lang='lat' dir='ltr'><strong>iam</strong></span> <span class='ocrx_word' id='word_1_40' title='bbox 876 553 942 618; x_wconf 91' lang='lat' dir='ltr'><strong>sine</strong></span> <span class='ocrx_word' id='word_1_41' title='bbox 967 563 1135 641; x_wconf 91' lang='lat' dir='ltr'><strong>praecepto</strong></span> 
     </span>
    </p>

    <p class='ocr_par' dir='ltr' id='par_1_3' title="bbox 97 642 1186 924">
     <span class='ocr_line' id='line_1_6' title="bbox 98 642 1186 734; baseline 0.001 -21"><span class='ocrx_word' id='word_1_42' title='bbox 98 645 198 713; x_wconf 85' lang='lat' dir='ltr'><strong>ullius</strong></span> <span class='ocrx_word' id='word_1_43' title='bbox 222 667 280 710; x_wconf 90' lang='lat' dir='ltr'><strong>sua</strong></span> <span class='ocrx_word' id='word_1_44' title='bbox 303 654 414 732; x_wconf 89' lang='lat' dir='ltr'><strong>sponte</strong></span> <span class='ocrx_word' id='word_1_45' title='bbox 441 642 619 712; x_wconf 76' lang='lat' dir='ltr'><strong>struebatur</strong></span> <span class='ocrx_word' id='word_1_46' title='bbox 640 645 738 724; x_wconf 89' lang='lat' dir='ltr'><strong>acies,</strong></span> <span class='ocrx_word' id='word_1_47' title='bbox 766 647 876 713; x_wconf 89' lang='lat' dir='ltr'><strong>consul</strong></span> <span class='ocrx_word' id='word_1_48' title='bbox 902 649 943 714; x_wconf 89' lang='lat' dir='ltr'><strong>ad</strong></span> <span class='ocrx_word' id='word_1_49' title='bbox 969 650 1136 734; x_wconf 78' lang='lat' dir='ltr'><strong>ancipitem</strong></span> <span class='ocrx_word' id='word_1_50' title='bbox 1155 673 1186 722; x_wconf 86' lang='lat'><strong>10</strong></span> 
     </span>
     <span class='ocr_line' id='line_1_7' title="bbox 98 739 1136 827; baseline 0.004 -22"><span class='ocrx_word' id='word_1_51' title='bbox 98 739 242 806; x_wconf 83' lang='lat' dir='ltr'><strong>maxime</strong></span> <span class='ocrx_word' id='word_1_52' title='bbox 259 761 400 827; x_wconf 86' lang='lat' dir='ltr'><strong>pugnam</strong></span> <span class='ocrx_word' id='word_1_53' title='bbox 418 739 569 805; x_wconf 90' lang='lat' dir='ltr'><strong>advectus</strong></span> <span class='ocrx_word' id='word_1_54' title='bbox 587 740 691 806; x_wconf 83' lang='lat' dir='ltr'><strong>desilit</strong></span> <span class='ocrx_word' id='word_1_55' title='bbox 713 763 753 805; x_wconf 89' lang='lat' dir='ltr'><strong>ex</strong></span> <span class='ocrx_word' id='word_1_56' title='bbox 771 763 853 826; x_wconf 90' lang='lat' dir='ltr'><strong>equo</strong></span> <span class='ocrx_word' id='word_1_57' title='bbox 871 752 902 808; x_wconf 91' lang='lat' dir='ltr'><strong>et</strong></span> <span class='ocrx_word' id='word_1_58' title='bbox 919 743 1030 809; x_wconf 85' lang='lat' dir='ltr'><strong>Iovem</strong></span> <span class='ocrx_word' id='word_1_59' title='bbox 1047 743 1136 809; x_wconf 91' lang='lat' dir='ltr'><strong>Mar-</strong></span> 
     </span>
     <span class='ocr_line' id='line_1_8' title="bbox 97 834 1135 924; baseline 0.003 -24"><span class='ocrx_word' id='word_1_60' title='bbox 97 844 230 918; x_wconf 87' lang='lat' dir='ltr'><strong>temque</strong></span> <span class='ocrx_word' id='word_1_61' title='bbox 249 842 343 918; x_wconf 90' lang='lat' dir='ltr'><strong>atque</strong></span> <span class='ocrx_word' id='word_1_62' title='bbox 361 834 439 899; x_wconf 88' lang='lat' dir='ltr'><strong>alios</strong></span> <span class='ocrx_word' id='word_1_63' title='bbox 457 843 590 899; x_wconf 86' lang='lat' dir='ltr'><strong>testatur</strong></span> <span class='ocrx_word' id='word_1_64' title='bbox 606 834 693 913; x_wconf 89' lang='lat' dir='ltr'><strong>deos,</strong></span> <span class='ocrx_word' id='word_1_65' title='bbox 709 856 743 900; x_wconf 87' lang='lat' dir='ltr'><strong>se</strong></span> <span class='ocrx_word' id='word_1_66' title='bbox 757 835 875 900; x_wconf 91' lang='lat' dir='ltr'><strong>nullam</strong></span> <span class='ocrx_word' id='word_1_67' title='bbox 894 860 984 902; x_wconf 87' lang='lat' dir='ltr'><strong>suam</strong></span> <span class='ocrx_word' id='word_1_68' title='bbox 1001 838 1135 924; x_wconf 85' lang='lat' dir='ltr'><strong>gloriam</strong></span> 
     </span>
    </p>

    <p class='ocr_par' dir='ltr' id='par_1_4' title="bbox 96 928 1135 1015">
     <span class='ocr_line' id='line_1_9' title="bbox 96 928 1135 1015; baseline 0.002 -20"><span class='ocrx_word' id='word_1_69' title='bbox 96 929 190 1008; x_wconf 88' lang='lat' dir='ltr'><strong>inde,</strong></span> <span class='ocrx_word' id='word_1_70' title='bbox 210 928 268 994; x_wconf 90' lang='lat' dir='ltr'><strong>sed</strong></span> <span class='ocrx_word' id='word_1_71' title='bbox 283 929 435 1015; x_wconf 87' lang='lat' dir='ltr'><strong>praedam</strong></span> <span class='ocrx_word' id='word_1_72' title='bbox 451 929 542 993; x_wconf 84' lang='lat' dir='ltr'><strong>militi</strong></span> <span class='ocrx_word' id='word_1_73' title='bbox 559 938 761 1013; x_wconf 87' lang='lat' dir='ltr'><strong>quaerentem</strong></span> <span class='ocrx_word' id='word_1_74' title='bbox 778 930 811 994; x_wconf 93' lang='lat' dir='ltr'><strong>in</strong></span> <span class='ocrx_word' id='word_1_75' title='bbox 829 952 901 994; x_wconf 86' lang='lat' dir='ltr'><strong>eum</strong></span> <span class='ocrx_word' id='word_1_76' title='bbox 919 930 1022 996; x_wconf 91' lang='lat' dir='ltr'><strong>locum</strong></span> <span class='ocrx_word' id='word_1_77' title='bbox 1041 933 1135 997; x_wconf 89' lang='lat' dir='ltr'><strong>deve-</strong></span> 
     </span>
    </p>

    <p class='ocr_par' dir='ltr' id='par_1_5' title="bbox 96 1022 1185 1204">
     <span class='ocr_line' id='line_1_10' title="bbox 96 1022 1185 1108; baseline -0.001 -16"><span class='ocrx_word' id='word_1_78' title='bbox 96 1025 188 1092; x_wconf 82' lang='lat' dir='ltr'><strong>nisse</strong></span> <span class='ocrx_word' id='word_1_79' title='bbox 209 1044 313 1108; x_wconf 90' lang='lat' dir='ltr'><strong>neque</strong></span> <span class='ocrx_word' id='word_1_80' title='bbox 334 1022 368 1089; x_wconf 91' lang='lat' dir='ltr'><strong>in</strong></span> <span class='ocrx_word' id='word_1_81' title='bbox 390 1046 425 1089; x_wconf 91' lang='lat' dir='ltr'><strong>se</strong></span> <span class='ocrx_word' id='word_1_82' title='bbox 447 1023 532 1089; x_wconf 92' lang='lat' dir='ltr'><strong>aliud</strong></span> <span class='ocrx_word' id='word_1_83' title='bbox 554 1045 650 1108; x_wconf 91' lang='lat' dir='ltr'><strong>quam</strong></span> <span class='ocrx_word' id='word_1_84' title='bbox 675 1024 805 1088; x_wconf 91' lang='lat' dir='ltr'><strong>nimiam</strong></span> <span class='ocrx_word' id='word_1_85' title='bbox 831 1025 952 1090; x_wconf 90' lang='lat' dir='ltr'><strong>ditandi</strong></span> <span class='ocrx_word' id='word_1_86' title='bbox 977 1047 1018 1090; x_wconf 86' lang='lat' dir='ltr'><strong>ex</strong></span> <span class='ocrx_word' id='word_1_87' title='bbox 1043 1027 1133 1092; x_wconf 88' lang='lat' dir='ltr'><strong>hoste</strong></span> <span class='ocrx_word' id='word_1_88' title='bbox 1155 1051 1185 1098; x_wconf 83' lang='lat'><strong>11</strong></span> 
     </span>
     <span class='ocr_line' id='line_1_11' title="bbox 98 1117 1135 1204; baseline -0.001 -19"><span class='ocrx_word' id='word_1_89' title='bbox 98 1117 211 1185; x_wconf 88' lang='lat' dir='ltr'><strong>militis</strong></span> <span class='ocrx_word' id='word_1_90' title='bbox 235 1139 343 1183; x_wconf 89' lang='lat' dir='ltr'><strong>curam</strong></span> <span class='ocrx_word' id='word_1_91' title='bbox 362 1117 549 1204; x_wconf 86' lang='lat' dir='ltr'><strong>reprehendi</strong></span> <span class='ocrx_word' id='word_1_92' title='bbox 569 1140 674 1204; x_wconf 86' lang='lat' dir='ltr'><strong>posse.</strong></span> <span class='ocrx_word' id='word_1_93' title='bbox 715 1117 811 1192; x_wconf 87' lang='lat' dir='ltr'><strong>abeo</strong></span> <span class='ocrx_word' id='word_1_94' title='bbox 835 1141 869 1184; x_wconf 88' lang='lat' dir='ltr'><strong>se</strong></span> <span class='ocrx_word' id='word_1_95' title='bbox 892 1120 1044 1186; x_wconf 86' lang='lat' dir='ltr'><strong>dedecore</strong></span> <span class='ocrx_word' id='word_1_96' title='bbox 1066 1122 1135 1185; x_wconf 90' lang='lat' dir='ltr'><strong>nul-</strong></span> 
     </span>
    </p>

    <p class='ocr_par' dir='ltr' id='par_1_6' title="bbox 97 1212 1185 1389">
     <span class='ocr_line' id='line_1_12' title="bbox 97 1212 1185 1298; baseline 0.005 -18"><span class='ocrx_word' id='word_1_97' title='bbox 97 1213 165 1280; x_wconf 89' lang='lat' dir='ltr'><strong>lam</strong></span> <span class='ocrx_word' id='word_1_98' title='bbox 181 1233 251 1278; x_wconf 91' lang='lat' dir='ltr'><strong>rem</strong></span> <span class='ocrx_word' id='word_1_99' title='bbox 264 1212 358 1278; x_wconf 87' lang='lat' dir='ltr'><strong>aliam</strong></span> <span class='ocrx_word' id='word_1_100' title='bbox 371 1235 466 1298; x_wconf 90' lang='lat' dir='ltr'><strong>quarn</strong></span> <span class='ocrx_word' id='word_1_101' title='bbox 479 1213 626 1279; x_wconf 89' lang='lat' dir='ltr'><strong>virtutem</strong></span> <span class='ocrx_word' id='word_1_102' title='bbox 638 1213 773 1278; x_wconf 87' lang='lat' dir='ltr'><strong>militum</strong></span> <span class='ocrx_word' id='word_1_103' title='bbox 785 1214 1021 1280; x_wconf 88' lang='lat' dir='ltr'><strong>vindicaturam.</strong></span> <span class='ocrx_word' id='word_1_104' title='bbox 1050 1217 1135 1280; x_wconf 92' lang='lat' dir='ltr'><strong>coni·</strong></span> <span class='ocrx_word' id='word_1_105' title='bbox 1154 1238 1185 1286; x_wconf 77' lang='grc'><strong>11</strong></span> 
     </span>
     <span class='ocr_line' id='line_1_13' title="bbox 98 1306 1134 1389; baseline 0.001 -15"><span class='ocrx_word' id='word_1_106' title='bbox 98 1317 243 1374; x_wconf 87' lang='lat' dir='ltr'><strong>terentur</strong></span> <span class='ocrx_word' id='word_1_107' title='bbox 259 1306 353 1373; x_wconf 90' lang='lat' dir='ltr'><strong>modo</strong></span> <span class='ocrx_word' id='word_1_108' title='bbox 370 1330 434 1374; x_wconf 93' lang='lat' dir='ltr'><strong>uno</strong></span> <span class='ocrx_word' id='word_1_109' title='bbox 452 1308 556 1374; x_wconf 90' lang='lat' dir='ltr'><strong>animo</strong></span> <span class='ocrx_word' id='word_1_110' title='bbox 575 1329 683 1373; x_wconf 89' lang='lat' dir='ltr'><strong>omnes</strong></span> <span class='ocrx_word' id='word_1_111' title='bbox 701 1308 849 1374; x_wconf 86' lang='lat' dir='ltr'><strong>invadere</strong></span> <span class='ocrx_word' id='word_1_112' title='bbox 867 1309 1000 1389; x_wconf 90' lang='lat' dir='ltr'><strong>hostem,</strong></span> <span class='ocrx_word' id='word_1_113' title='bbox 1015 1311 1134 1375; x_wconf 89' lang='lat' dir='ltr'><strong>victum</strong></span> 
     </span>
    </p>

    <p class='ocr_par' dir='ltr' id='par_1_7' title="bbox 98 1401 1185 1774">
     <span class='ocr_line' id='line_1_14' title="bbox 99 1401 1134 1490; baseline 0.002 -22"><span class='ocrx_word' id='word_1_114' title='bbox 99 1402 179 1480; x_wconf 91' lang='lat' dir='ltr'><strong>acie,</strong></span> <span class='ocrx_word' id='word_1_115' title='bbox 193 1401 306 1467; x_wconf 88' lang='lat' dir='ltr'><strong>castris</strong></span> <span class='ocrx_word' id='word_1_116' title='bbox 319 1411 458 1481; x_wconf 89' lang='lat' dir='ltr'><strong>exutum,</strong></span> <span class='ocrx_word' id='word_1_117' title='bbox 469 1401 621 1467; x_wconf 89' lang='lat' dir='ltr'><strong>nudatum</strong></span> <span class='ocrx_word' id='word_1_118' title='bbox 635 1401 776 1482; x_wconf 89' lang='lat' dir='ltr'><strong>urbibus,</strong></span> <span class='ocrx_word' id='word_1_119' title='bbox 791 1403 933 1469; x_wconf 89' lang='lat' dir='ltr'><strong>ultimam</strong></span> <span class='ocrx_word' id='word_1_120' title='bbox 948 1427 1036 1490; x_wconf 88' lang='lat' dir='ltr'><strong>spem</strong></span> <span class='ocrx_word' id='word_1_121' title='bbox 1049 1405 1134 1470; x_wconf 90' lang='lat' dir='ltr'><strong>furto</strong></span> 
     </span>
     <span class='ocr_line' id='line_1_15' title="bbox 98 1497 1185 1583; baseline 0.006 -20"><span class='ocrx_word' id='word_1_122' title='bbox 98 1497 287 1564; x_wconf 85' lang='lat' dir='ltr'><strong>insidiarum</strong></span> <span class='ocrx_word' id='word_1_123' title='bbox 313 1505 517 1583; x_wconf 89' lang='lat' dir='ltr'><strong>temptantem</strong></span> <span class='ocrx_word' id='word_1_124' title='bbox 539 1506 571 1562; x_wconf 87' lang='lat' dir='ltr'><strong>et</strong></span> <span class='ocrx_word' id='word_1_125' title='bbox 592 1497 675 1576; x_wconf 91' lang='lat' dir='ltr'><strong>loco,</strong></span> <span class='ocrx_word' id='word_1_126' title='bbox 704 1521 768 1563; x_wconf 91' lang='lat' dir='ltr'><strong>non</strong></span> <span class='ocrx_word' id='word_1_127' title='bbox 794 1499 888 1565; x_wconf 87' lang='lat' dir='ltr'><strong>armis</strong></span> <span class='ocrx_word' id='word_1_128' title='bbox 911 1499 1035 1565; x_wconf 87' lang='lat' dir='ltr'><strong>fretum.</strong></span> <span class='ocrx_word' id='word_1_129' title='bbox 1079 1501 1136 1565; x_wconf 90' lang='lat' dir='ltr'><strong>sed</strong></span> <span class='ocrx_word' id='word_1_130' title='bbox 1154 1522 1185 1571; x_wconf 82' lang='lat'><strong>13</strong></span> 
     </span>
     <span class='ocr_line' id='line_1_16' title="bbox 99 1592 1135 1681; baseline 0.003 -24"><span class='ocrx_word' id='word_1_131' title='bbox 99 1614 196 1677; x_wconf 88' lang='lat' dir='ltr'><strong>quem</strong></span> <span class='ocrx_word' id='word_1_132' title='bbox 219 1612 290 1657; x_wconf 90' lang='lat' dir='ltr'><strong>esse</strong></span> <span class='ocrx_word' id='word_1_133' title='bbox 309 1592 375 1657; x_wconf 91' lang='lat' dir='ltr'><strong>iam</strong></span> <span class='ocrx_word' id='word_1_134' title='bbox 396 1592 504 1658; x_wconf 88' lang='lat' dir='ltr'><strong>virtuti</strong></span> <span class='ocrx_word' id='word_1_135' title='bbox 525 1593 688 1659; x_wconf 89' lang='lat' dir='ltr'><strong>Romanae</strong></span> <span class='ocrx_word' id='word_1_136' title='bbox 708 1593 985 1681; x_wconf 83' lang='lat' dir='ltr'><strong>inexpugnabilem</strong></span> <span class='ocrx_word' id='word_1_137' title='bbox 1011 1596 1135 1661; x_wconf 89' lang='lat' dir='ltr'><strong>locum?</strong></span> 
     </span>
     <span class='ocr_line' id='line_1_17' title="bbox 98 1683 1133 1774; baseline 0.002 -22"><span class='ocrx_word' id='word_1_138' title='bbox 98 1685 290 1774; x_wconf 82' lang='lat' dir='ltr'><strong>Fregellana</strong></span> <span class='ocrx_word' id='word_1_139' title='bbox 302 1709 359 1752; x_wconf 89' lang='lat' dir='ltr'><strong>arx</strong></span> <span class='ocrx_word' id='word_1_140' title='bbox 369 1683 552 1773; x_wconf 82' lang='lat' dir='ltr'><strong>Soranaque</strong></span> <span class='ocrx_word' id='word_1_141' title='bbox 565 1697 597 1755; x_wconf 93' lang='lat' dir='ltr'><strong>et</strong></span> <span class='ocrx_word' id='word_1_142' title='bbox 613 1686 804 1773; x_wconf 91' lang='lat' dir='ltr'><strong>ubicumque</strong></span> <span class='ocrx_word' id='word_1_143' title='bbox 821 1690 929 1773; x_wconf 91' lang='lat' dir='ltr'><strong>iniquo</strong></span> <span class='ocrx_word' id='word_1_144' title='bbox 948 1711 1133 1755; x_wconf 85' lang='lat' dir='ltr'><strong>successum</strong></span> 
     </span>
    </p>

    <p class='ocr_par' dir='ltr' id='par_1_8' title="bbox 98 1780 1185 1956">
     <span class='ocr_line' id='line_1_18' title="bbox 99 1780 1185 1853; baseline 0.005 -5"><span class='ocrx_word' id='word_1_145' title='bbox 99 1797 166 1848; x_wconf 88' lang='lat' dir='ltr'><strong>erat</strong></span> <span class='ocrx_word' id='word_1_146' title='bbox 182 1780 256 1848; x_wconf 91' lang='lat' dir='ltr'><strong>loco</strong></span> <span class='ocrx_word' id='word_1_147' title='bbox 272 1781 536 1849; x_wconf 89' lang='lat' dir='ltr'><strong>memorabantur.</strong></span> <span class='ocrx_word' id='word_1_148' title='bbox 571 1783 621 1850; x_wconf 91' lang='lat' dir='ltr'><strong>his</strong></span> <span class='ocrx_word' id='word_1_149' title='bbox 639 1806 792 1852; x_wconf 88' lang='lat' dir='ltr'><strong>accensus</strong></span> <span class='ocrx_word' id='word_1_150' title='bbox 813 1785 903 1850; x_wconf 92' lang='lat' dir='ltr'><strong>miles</strong></span> <span class='ocrx_word' id='word_1_151' title='bbox 923 1785 1064 1851; x_wconf 91' lang='lat' dir='ltr'><strong>omnium</strong></span> <span class='ocrx_word' id='word_1_152' title='bbox 1086 1786 1134 1850; x_wconf 92' lang='lat' dir='ltr'><strong>in·</strong></span> <span class='ocrx_word' id='word_1_153' title='bbox 1153 1806 1185 1853; x_wconf 84' lang='lat'><strong>14</strong></span> 
     </span>
     <span class='ocr_line' id='line_1_19' title="bbox 98 1875 1133 1956; baseline 0.002 -14"><span class='ocrx_word' id='word_1_154' title='bbox 98 1898 223 1947; x_wconf 84' lang='lat' dir='ltr'><strong>memor</strong></span> <span class='ocrx_word' id='word_1_155' title='bbox 239 1875 481 1956; x_wconf 84' lang='lat' dir='ltr'><strong>difficultatium,</strong></span> <span class='ocrx_word' id='word_1_156' title='bbox 499 1878 587 1943; x_wconf 86' lang='lat' dir='ltr'><strong>vadit</strong></span> <span class='ocrx_word' id='word_1_157' title='bbox 604 1879 756 1945; x_wconf 88' lang='lat' dir='ltr'><strong>adversus</strong></span> <span class='ocrx_word' id='word_1_158' title='bbox 773 1879 977 1947; x_wconf 84' lang='lat' dir='ltr'><strong>inminentem</strong></span> <span class='ocrx_word' id='word_1_159' title='bbox 994 1880 1133 1946; x_wconf 93' lang='lat' dir='ltr'><strong>hostium</strong></span> 
     </span>
    </p>

    <p class='ocr_par' dir='ltr' id='par_1_9' title="bbox 97 1969 1280 2440">
     <span class='ocr_line' id='line_1_20' title="bbox 99 1969 1280 2057; baseline 0.001 -18"><span class='ocrx_word' id='word_1_160' title='bbox 99 1971 213 2039; x_wconf 83' lang='lat' dir='ltr'><strong>aciem.</strong></span> <span class='ocrx_word' id='word_1_161' title='bbox 248 1969 293 2036; x_wconf 91' lang='lat' dir='ltr'><strong>ibi</strong></span> <span class='ocrx_word' id='word_1_162' title='bbox 309 1971 440 2057; x_wconf 87' lang='lat' dir='ltr'><strong>paulum</strong></span> <span class='ocrx_word' id='word_1_163' title='bbox 456 1971 573 2038; x_wconf 91' lang='lat' dir='ltr'><strong>laboris</strong></span> <span class='ocrx_word' id='word_1_164' title='bbox 591 1972 667 2053; x_wconf 88' lang='lat' dir='ltr'><strong>fuit,</strong></span> <span class='ocrx_word' id='word_1_165' title='bbox 686 1974 762 2039; x_wconf 94' lang='lat' dir='ltr'><strong>dum</strong></span> <span class='ocrx_word' id='word_1_166' title='bbox 779 1975 813 2039; x_wconf 93' lang='lat' dir='ltr'><strong>in</strong></span> <span class='ocrx_word' id='word_1_167' title='bbox 831 1975 999 2042; x_wconf 83' lang='lat' dir='ltr'><strong>adversum</strong></span> <span class='ocrx_word' id='word_1_168' title='bbox 1017 1976 1134 2040; x_wconf 89' lang='lat' dir='ltr'><strong>clivum</strong></span> <span class='ocrx_word' id='word_1_169' title='bbox 1275 2045 1280 2055; x_wconf 76' lang='lat'><em>.</em></span> 
     </span>
     <span class='ocr_line' id='line_1_21' title="bbox 99 2066 1184 2155; baseline 0.008 -25"><span class='ocrx_word' id='word_1_170' title='bbox 99 2066 232 2154; x_wconf 85' lang='lat' dir='ltr'><strong>erigitur</strong></span> <span class='ocrx_word' id='word_1_171' title='bbox 249 2088 378 2153; x_wconf 83' lang='lat' dir='ltr'><strong>agmen3</strong></span> <span class='ocrx_word' id='word_1_172' title='bbox 401 2075 539 2133; x_wconf 91' lang='lat' dir='ltr'><strong>ceterum</strong></span> <span class='ocrx_word' id='word_1_173' title='bbox 556 2076 725 2152; x_wconf 89' lang='lat' dir='ltr'><strong>postquam</strong></span> <span class='ocrx_word' id='word_1_174' title='bbox 742 2068 843 2154; x_wconf 90' lang='lat' dir='ltr'><strong>prima</strong></span> <span class='ocrx_word' id='word_1_175' title='bbox 862 2070 954 2154; x_wconf 86' lang='lat' dir='ltr'><strong>signa</strong></span> <span class='ocrx_word' id='word_1_176' title='bbox 969 2069 1132 2155; x_wconf 86' lang='lat' dir='ltr'><strong>planitiem</strong></span> <span class='ocrx_word' id='word_1_177' title='bbox 1153 2090 1184 2139; x_wconf 80' lang='lat'><strong>15</strong></span> 
     </span>
     <span class='ocr_line' id='line_1_22' title="bbox 99 2161 1132 2247; baseline 0 -20"><span class='ocrx_word' id='word_1_178' title='bbox 99 2182 259 2227; x_wconf 88' lang='lat' dir='ltr'><strong>summam</strong></span> <span class='ocrx_word' id='word_1_179' title='bbox 276 2170 426 2246; x_wconf 90' lang='lat' dir='ltr'><strong>ceperunt</strong></span> <span class='ocrx_word' id='word_1_180' title='bbox 443 2161 603 2247; x_wconf 86' lang='lat' dir='ltr'><strong>sensitque</strong></span> <span class='ocrx_word' id='word_1_181' title='bbox 620 2162 715 2239; x_wconf 89' lang='lat' dir='ltr'><strong>acies,</strong></span> <span class='ocrx_word' id='word_1_182' title='bbox 729 2182 830 2245; x_wconf 88' lang='lat' dir='ltr'><strong>aequo</strong></span> <span class='ocrx_word' id='word_1_183' title='bbox 849 2184 883 2227; x_wconf 91' lang='lat' dir='ltr'><strong>se</strong></span> <span class='ocrx_word' id='word_1_184' title='bbox 900 2163 963 2226; x_wconf 93' lang='lat' dir='ltr'><strong>iam</strong></span> <span class='ocrx_word' id='word_1_185' title='bbox 981 2163 1132 2227; x_wconf 88' lang='lat' dir='ltr'><strong>institisse</strong></span> 
     </span>
     <span class='ocr_line' id='line_1_23' title="bbox 97 2254 1132 2343; baseline 0.001 -22"><span class='ocrx_word' id='word_1_186' title='bbox 97 2254 305 2334; x_wconf 70' lang='lat' dir='ltr'><strong>locaremus</strong></span> <span class='ocrx_word' id='word_1_187' title='bbox 324 2256 480 2343; x_wconf 82' lang='lat' dir='ltr'><strong>extemplo</strong></span> <span class='ocrx_word' id='word_1_188' title='bbox 494 2266 542 2323; x_wconf 91' lang='lat' dir='ltr'><strong>est</strong></span> <span class='ocrx_word' id='word_1_189' title='bbox 560 2266 658 2323; x_wconf 90' lang='lat' dir='ltr'><strong>terror</strong></span> <span class='ocrx_word' id='word_1_190' title='bbox 669 2257 703 2322; x_wconf 95' lang='lat' dir='ltr'><strong>in</strong></span> <span class='ocrx_word' id='word_1_191' title='bbox 720 2256 927 2334; x_wconf 86' lang='lat' dir='ltr'><strong>insidiatores,</strong></span> <span class='ocrx_word' id='word_1_192' title='bbox 942 2257 1132 2340; x_wconf 87' lang='lat' dir='ltr'><strong>easdemque</strong></span> 
     </span>
     <span class='ocr_line' id='line_1_24' title="bbox 98 2350 1132 2440; baseline -0.003 -21"><span class='ocrx_word' id='word_1_193' title='bbox 98 2350 247 2431; x_wconf 86' lang='lat' dir='ltr'><strong>latebras,</strong></span> <span class='ocrx_word' id='word_1_194' title='bbox 266 2352 381 2436; x_wconf 91' lang='lat' dir='ltr'><strong>quibus</strong></span> <span class='ocrx_word' id='word_1_195' title='bbox 399 2375 434 2419; x_wconf 94' lang='lat' dir='ltr'><strong>se</strong></span> <span class='ocrx_word' id='word_1_196' title='bbox 451 2352 545 2440; x_wconf 89' lang='lat' dir='ltr'><strong>paulo</strong></span> <span class='ocrx_word' id='word_1_197' title='bbox 563 2362 636 2418; x_wconf 88' lang='lat' dir='ltr'><strong>ante</strong></span> <span class='ocrx_word' id='word_1_198' title='bbox 654 2361 805 2428; x_wconf 85' lang='lat' dir='ltr'><strong>texerant,</strong></span> <span class='ocrx_word' id='word_1_199' title='bbox 823 2350 921 2436; x_wconf 90' lang='lat' dir='ltr'><strong>palati</strong></span> <span class='ocrx_word' id='word_1_200' title='bbox 938 2360 1032 2435; x_wconf 91' lang='lat' dir='ltr'><strong>atque</strong></span> <span class='ocrx_word' id='word_1_201' title='bbox 1049 2351 1132 2416; x_wconf 92' lang='lat' dir='ltr'><strong>iner-</strong></span> 
     </span>
    </p>

    <p class='ocr_par' dir='ltr' id='par_1_10' title="bbox 97 2444 1192 2725">
     <span class='ocr_line' id='line_1_25' title="bbox 99 2444 1192 2534; baseline 0.006 -23"><span class='ocrx_word' id='word_1_202' title='bbox 99 2466 167 2511; x_wconf 87' lang='lat' dir='ltr'><strong>mes</strong></span> <span class='ocrx_word' id='word_1_203' title='bbox 193 2444 274 2533; x_wconf 83' lang='lat' dir='ltr'><strong>snga</strong></span> <span class='ocrx_word' id='word_1_204' title='bbox 297 2446 490 2534; x_wconf 89' lang='lat' dir='ltr'><strong>repetebant.</strong></span> <span class='ocrx_word' id='word_1_205' title='bbox 535 2448 592 2513; x_wconf 89' lang='lat' dir='ltr'><strong>sed</strong></span> <span class='ocrx_word' id='word_1_206' title='bbox 616 2448 687 2513; x_wconf 87' lang='lat' dir='ltr'><strong>loca</strong></span> <span class='ocrx_word' id='word_1_207' title='bbox 713 2446 854 2513; x_wconf 84' lang='lat' dir='ltr'><strong>difficilia</strong></span> <span class='ocrx_word' id='word_1_208' title='bbox 879 2447 964 2512; x_wconf 87' lang='lat' dir='ltr'><strong>hosti</strong></span> <span class='ocrx_word' id='word_1_209' title='bbox 989 2447 1133 2530; x_wconf 89' lang='lat' dir='ltr'><strong>quaesita</strong></span> <span class='ocrx_word' id='word_1_210' title='bbox 1154 2466 1192 2518; x_wconf 80' lang='grc'><strong>16·</strong></span> 
     </span>
     <span class='ocr_line' id='line_1_26' title="bbox 97 2541 1130 2630; baseline 0.001 -25"><span class='ocrx_word' id='word_1_211' title='bbox 97 2541 185 2626; x_wconf 88' lang='lat' dir='ltr'><strong>ipsos</strong></span> <span class='ocrx_word' id='word_1_212' title='bbox 204 2551 272 2606; x_wconf 94' lang='lat' dir='ltr'><strong>tum</strong></span> <span class='ocrx_word' id='word_1_213' title='bbox 290 2565 349 2608; x_wconf 88' lang='lat' dir='ltr'><strong>sua</strong></span> <span class='ocrx_word' id='word_1_214' title='bbox 365 2542 477 2609; x_wconf 86' lang='lat' dir='ltr'><strong>fraude</strong></span> <span class='ocrx_word' id='word_1_215' title='bbox 493 2542 706 2630; x_wconf 87' lang='lat' dir='ltr'><strong>inpediebant</strong></span> <span class='ocrx_word' id='word_1_216' title='bbox 742 2541 847 2626; x_wconf 86' lang='lat' dir='ltr'><strong>itaque</strong></span> <span class='ocrx_word' id='word_1_217' title='bbox 866 2563 942 2628; x_wconf 86' lang='lat' dir='ltr'><strong>ergo</strong></span> <span class='ocrx_word' id='word_1_218' title='bbox 965 2541 1130 2627; x_wconf 90' lang='lat' dir='ltr'><strong>perpaucis</strong></span> 
     </span>
     <span class='ocr_line' id='line_1_27' title="bbox 99 2635 1132 2725; baseline -0.001 -24"><span class='ocrx_word' id='word_1_219' title='bbox 99 2635 257 2724; x_wconf 86' lang='lat' dir='ltr'><strong>effugium</strong></span> <span class='ocrx_word' id='word_1_220' title='bbox 273 2637 389 2723; x_wconf 84' lang='lat' dir='ltr'><strong>patuit:</strong></span> <span class='ocrx_word' id='word_1_221' title='bbox 416 2660 509 2704; x_wconf 88' lang='lat' dir='ltr'><strong>caesa</strong></span> <span class='ocrx_word' id='word_1_222' title='bbox 526 2639 568 2704; x_wconf 90' lang='lat' dir='ltr'><strong>ad</strong></span> <span class='ocrx_word' id='word_1_223' title='bbox 584 2637 698 2725; x_wconf 85' lang='lat' dir='ltr'><strong>viginti</strong></span> <span class='ocrx_word' id='word_1_224' title='bbox 714 2636 801 2702; x_wconf 90' lang='lat' dir='ltr'><strong>milia</strong></span> <span class='ocrx_word' id='word_1_225' title='bbox 818 2638 995 2715; x_wconf 90' lang='lat' dir='ltr'><strong>hominum,</strong></span> <span class='ocrx_word' id='word_1_226' title='bbox 1018 2637 1132 2701; x_wconf 88' lang='lat' dir='ltr'><strong>victor-</strong></span> 
     </span>
    </p>

    <p class='ocr_par' dir='ltr' id='par_1_11' title="bbox 98 2731 1133 2819">
     <span class='ocr_line' id='line_1_28' title="bbox 98 2731 1133 2819; baseline 0.001 -23"><span class='ocrx_word' id='word_1_227' title='bbox 98 2751 162 2815; x_wconf 92' lang='lat' dir='ltr'><strong>que</strong></span> <span class='ocrx_word' id='word_1_228' title='bbox 171 2731 336 2799; x_wconf 87' lang='lat' dir='ltr'><strong>Romanus</strong></span> <span class='ocrx_word' id='word_1_229' title='bbox 354 2733 396 2800; x_wconf 89' lang='lat' dir='ltr'><strong>ad</strong></span> <span class='ocrx_word' id='word_1_230' title='bbox 413 2732 551 2799; x_wconf 88' lang='lat' dir='ltr'><strong>oblatam</strong></span> <span class='ocrx_word' id='word_1_231' title='bbox 568 2732 609 2799; x_wconf 90' lang='lat' dir='ltr'><strong>ab</strong></span> <span class='ocrx_word' id='word_1_232' title='bbox 627 2732 718 2799; x_wconf 90' lang='lat' dir='ltr'><strong>hoste</strong></span> <span class='ocrx_word' id='word_1_233' title='bbox 735 2733 884 2819; x_wconf 90' lang='lat' dir='ltr'><strong>praedam</strong></span> <span class='ocrx_word' id='word_1_234' title='bbox 902 2754 1050 2819; x_wconf 90' lang='lat' dir='ltr'><strong>pecorum</strong></span> <span class='ocrx_word' id='word_1_235' title='bbox 1068 2731 1133 2797; x_wconf 88' lang='lat' dir='ltr'><strong>dis-</strong></span> 
     </span>
    </p>

    <p class='ocr_par' dir='ltr' id='par_1_12' title="bbox 93 2827 1179 3956">
     <span class='ocr_line' id='line_1_29' title="bbox 96 2827 205 2893; baseline -0.018 0"><span class='ocrx_word' id='word_1_236' title='bbox 96 2827 205 2893; x_wconf 88' lang='lat' dir='ltr'><strong>currit.</strong></span> 
     </span>
     <span class='ocr_line' id='line_1_30' title="bbox 162 2907 1164 3011; baseline 0 -25"><span class='ocrx_word' id='word_1_237' title='bbox 162 2907 320 2986; x_wconf 85' lang='lat' dir='ltr'>XXXII.</span> <span class='ocrx_word' id='word_1_238' title='bbox 347 2920 437 2988; x_wconf 94' lang='lat' dir='ltr'><strong>Dum</strong></span> <span class='ocrx_word' id='word_1_239' title='bbox 453 2922 533 2989; x_wconf 91' lang='lat' dir='ltr'><strong>haec</strong></span> <span class='ocrx_word' id='word_1_240' title='bbox 550 2931 702 3011; x_wconf 86' lang='lat' dir='ltr'><strong>geruntur</strong></span> <span class='ocrx_word' id='word_1_241' title='bbox 719 2923 752 2988; x_wconf 93' lang='lat' dir='ltr'><strong>in</strong></span> <span class='ocrx_word' id='word_1_242' title='bbox 771 2919 917 2999; x_wconf 87' lang='lat' dir='ltr'><strong>Samnio,</strong></span> <span class='ocrx_word' id='word_1_243' title='bbox 939 2921 1004 2985; x_wconf 89' lang='lat' dir='ltr'><strong>iam</strong></span> <span class='ocrx_word' id='word_1_244' title='bbox 1021 2938 1131 2985; x_wconf 89' lang='lat' dir='ltr'><strong>omnes</strong></span> <span class='ocrx_word' id='word_1_245' title='bbox 1149 2938 1164 2986; x_wconf 94' lang='lat'>1</span> 
     </span>
     <span class='ocr_line' id='line_1_31' title="bbox 96 3012 1133 3103; baseline -0.002 -22"><span class='ocrx_word' id='word_1_246' title='bbox 96 3013 247 3081; x_wconf 84' lang='lat' dir='ltr'><strong>Etruriae</strong></span> <span class='ocrx_word' id='word_1_247' title='bbox 268 3015 379 3103; x_wconf 91' lang='lat' dir='ltr'><strong>populi</strong></span> <span class='ocrx_word' id='word_1_248' title='bbox 398 3027 523 3103; x_wconf 90' lang='lat' dir='ltr'><strong>praeter</strong></span> <span class='ocrx_word' id='word_1_249' title='bbox 540 3016 704 3084; x_wconf 83' lang='lat' dir='ltr'><strong>Arretinos</strong></span> <span class='ocrx_word' id='word_1_250' title='bbox 726 3017 767 3082; x_wconf 92' lang='lat' dir='ltr'><strong>ad</strong></span> <span class='ocrx_word' id='word_1_251' title='bbox 788 3039 875 3081; x_wconf 88' lang='lat' dir='ltr'><strong>arma</strong></span> <span class='ocrx_word' id='word_1_252' title='bbox 895 3016 996 3079; x_wconf 90' lang='lat' dir='ltr'><strong>ierant</strong></span> <span class='ocrx_word' id='word_1_253' title='bbox 1016 3012 1057 3080; x_wconf 89' lang='lat' dir='ltr'><strong>ab</strong></span> <span class='ocrx_word' id='word_1_254' title='bbox 1075 3035 1133 3099; x_wconf 90' lang='lat' dir='ltr'><strong>op·</strong></span> 
     </span>
     <span class='ocr_line' id='line_1_32' title="bbox 94 3107 1131 3197; baseline -0.002 -22"><span class='ocrx_word' id='word_1_255' title='bbox 94 3110 270 3197; x_wconf 84' lang='lat' dir='ltr'><strong>pugnando</strong></span> <span class='ocrx_word' id='word_1_256' title='bbox 289 3107 406 3188; x_wconf 86' lang='lat' dir='ltr'><strong>Sutrio,</strong></span> <span class='ocrx_word' id='word_1_257' title='bbox 424 3133 505 3196; x_wconf 89' lang='lat' dir='ltr'><strong>quae</strong></span> <span class='ocrx_word' id='word_1_258' title='bbox 521 3111 598 3178; x_wconf 90' lang='lat' dir='ltr'><strong>urbs</strong></span> <span class='ocrx_word' id='word_1_259' title='bbox 616 3112 702 3179; x_wconf 90' lang='lat' dir='ltr'><strong>socia</strong></span> <span class='ocrx_word' id='word_1_260' title='bbox 717 3111 871 3178; x_wconf 82' lang='lat' dir='ltr'><strong>Romanis</strong></span> <span class='ocrx_word' id='word_1_261' title='bbox 888 3108 975 3174; x_wconf 88' lang='lat' dir='ltr'><strong>velut</strong></span> <span class='ocrx_word' id='word_1_262' title='bbox 993 3107 1131 3174; x_wconf 89' lang='lat' dir='ltr'><strong>claustra</strong></span> 
     </span>
     <span class='ocr_line' id='line_1_33' title="bbox 94 3200 1165 3292; baseline -0.003 -22"><span class='ocrx_word' id='word_1_263' title='bbox 94 3203 247 3271; x_wconf 80' lang='lat' dir='ltr'><strong>Etruriae</strong></span> <span class='ocrx_word' id='word_1_264' title='bbox 265 3214 341 3283; x_wconf 88' lang='lat' dir='ltr'><strong>erat,</strong></span> <span class='ocrx_word' id='word_1_265' title='bbox 359 3205 472 3292; x_wconf 87' lang='lat' dir='ltr'><strong>ingens</strong></span> <span class='ocrx_word' id='word_1_266' title='bbox 490 3207 555 3273; x_wconf 90' lang='lat' dir='ltr'><strong>orsi</strong></span> <span class='ocrx_word' id='word_1_267' title='bbox 570 3206 698 3273; x_wconf 88' lang='lat' dir='ltr'><strong>bellum.</strong></span> <span class='ocrx_word' id='word_1_268' title='bbox 735 3228 773 3272; x_wconf 93' lang='lat' dir='ltr'><strong>eo</strong></span> <span class='ocrx_word' id='word_1_269' title='bbox 790 3206 870 3272; x_wconf 89' lang='lat' dir='ltr'><strong>alter</strong></span> <span class='ocrx_word' id='word_1_270' title='bbox 886 3202 1052 3269; x_wconf 85' lang='lat' dir='ltr'><strong>consulum</strong></span> <span class='ocrx_word' id='word_1_271' title='bbox 1065 3200 1165 3268; x_wconf 72' lang='lat' dir='ltr'><strong>Aea</strong></span> 
     </span>
     <span class='ocr_line' id='line_1_34' title="bbox 95 3296 1130 3367; baseline 0 -3"><span class='ocrx_word' id='word_1_272' title='bbox 95 3298 203 3364; x_wconf 86' lang='lat' dir='ltr'><strong>milius</strong></span> <span class='ocrx_word' id='word_1_273' title='bbox 223 3321 296 3366; x_wconf 93' lang='lat' dir='ltr'><strong>cum</strong></span> <span class='ocrx_word' id='word_1_274' title='bbox 314 3301 451 3366; x_wconf 86' lang='lat' dir='ltr'><strong>exercitu</strong></span> <span class='ocrx_word' id='word_1_275' title='bbox 470 3301 512 3366; x_wconf 88' lang='lat' dir='ltr'><strong>ad</strong></span> <span class='ocrx_word' id='word_1_276' title='bbox 532 3301 711 3367; x_wconf 88' lang='lat' dir='ltr'><strong>liberandos</strong></span> <span class='ocrx_word' id='word_1_277' title='bbox 729 3298 893 3366; x_wconf 84' lang='lat' dir='ltr'><strong>obsidione</strong></span> <span class='ocrx_word' id='word_1_278' title='bbox 914 3297 1017 3364; x_wconf 86' lang='lat' dir='ltr'><strong>socios</strong></span> <span class='ocrx_word' id='word_1_279' title='bbox 1035 3296 1130 3365; x_wconf 78' lang='lat' dir='ltr'><strong>venit.</strong></span> 
     </span>
     <span class='ocr_line' id='line_1_35' title="bbox 95 3393 1132 3482; baseline 0 -23"><span class='ocrx_word' id='word_1_280' title='bbox 95 3393 339 3461; x_wconf 87' lang='lat' dir='ltr'><strong>advenientibus</strong></span> <span class='ocrx_word' id='word_1_281' title='bbox 356 3394 510 3462; x_wconf 83' lang='lat' dir='ltr'><strong>Romanis</strong></span> <span class='ocrx_word' id='word_1_282' title='bbox 526 3393 646 3465; x_wconf 83' lang='lat' dir='ltr'><strong>Sutrini</strong></span> <span class='ocrx_word' id='word_1_283' title='bbox 664 3403 856 3461; x_wconf 88' lang='lat' dir='ltr'><strong>commeatus</strong></span> <span class='ocrx_word' id='word_1_284' title='bbox 874 3393 1010 3482; x_wconf 82' lang='lat' dir='ltr'><strong>benigne</strong></span> <span class='ocrx_word' id='word_1_285' title='bbox 1027 3393 1062 3459; x_wconf 93' lang='lat' dir='ltr'><strong>in</strong></span> <span class='ocrx_word' id='word_1_286' title='bbox 1079 3414 1132 3459; x_wconf 87' lang='lat' dir='ltr'><strong>cs·</strong></span> 
     </span>
     <span class='ocr_line' id='line_1_36' title="bbox 96 3488 1165 3576; baseline -0.001 -22"><span class='ocrx_word' id='word_1_287' title='bbox 96 3497 164 3555; x_wconf 87' lang='lat' dir='ltr'><strong>stra</strong></span> <span class='ocrx_word' id='word_1_288' title='bbox 184 3496 260 3555; x_wconf 86' lang='lat' dir='ltr'><strong>ante</strong></span> <span class='ocrx_word' id='word_1_289' title='bbox 281 3488 393 3556; x_wconf 91' lang='lat' dir='ltr'><strong>urbem</strong></span> <span class='ocrx_word' id='word_1_290' title='bbox 414 3490 518 3576; x_wconf 87' lang='lat' dir='ltr'><strong>posita</strong></span> <span class='ocrx_word' id='word_1_291' title='bbox 538 3490 703 3556; x_wconf 87' lang='lat' dir='ltr'><strong>advexere.</strong></span> <span class='ocrx_word' id='word_1_292' title='bbox 737 3488 868 3556; x_wconf 85' lang='lat' dir='ltr'><strong>Etrusci</strong></span> <span class='ocrx_word' id='word_1_293' title='bbox 889 3488 973 3556; x_wconf 90' lang='lat' dir='ltr'><strong>diem</strong></span> <span class='ocrx_word' id='word_1_294' title='bbox 994 3488 1165 3576; x_wconf 78' lang='lat' dir='ltr'><strong>primuma</strong></span> 
     </span>
     <span class='ocr_line' id='line_1_37' title="bbox 95 3583 1130 3664; baseline -0.007 -11"><span class='ocrx_word' id='word_1_295' title='bbox 95 3583 323 3664; x_wconf 81' lang='lat' dir='ltr'><strong>consultando,</strong></span> <span class='ocrx_word' id='word_1_296' title='bbox 341 3593 534 3651; x_wconf 87' lang='lat' dir='ltr'><strong>maturarent</strong></span> <span class='ocrx_word' id='word_1_297' title='bbox 550 3583 748 3651; x_wconf 87' lang='lat' dir='ltr'><strong>traherentne</strong></span> <span class='ocrx_word' id='word_1_298' title='bbox 765 3583 898 3663; x_wconf 89' lang='lat' dir='ltr'><strong>bellum,</strong></span> <span class='ocrx_word' id='word_1_299' title='bbox 916 3584 1130 3650; x_wconf 87' lang='lat' dir='ltr'><strong>traduxerunt.</strong></span> 
     </span>
     <span class='ocr_line' id='line_1_38' title="bbox 93 3673 1179 3766; baseline -0.008 -20"><span class='ocrx_word' id='word_1_300' title='bbox 93 3687 225 3766; x_wconf 88' lang='lat' dir='ltr'><strong>postero</strong></span> <span class='ocrx_word' id='word_1_301' title='bbox 239 3678 301 3757; x_wconf 93' lang='lat' dir='ltr'><strong>die,</strong></span> <span class='ocrx_word' id='word_1_302' title='bbox 318 3677 375 3745; x_wconf 89' lang='lat' dir='ltr'><strong>ubi</strong></span> <span class='ocrx_word' id='word_1_303' title='bbox 392 3679 540 3747; x_wconf 86' lang='lat' dir='ltr'><strong>celeriora</strong></span> <span class='ocrx_word' id='word_1_304' title='bbox 552 3701 648 3765; x_wconf 91' lang='lat' dir='ltr'><strong>quam</strong></span> <span class='ocrx_word' id='word_1_305' title='bbox 665 3679 780 3746; x_wconf 85' lang='lat' dir='ltr'><strong>tutiora</strong></span> <span class='ocrx_word' id='word_1_306' title='bbox 797 3679 928 3746; x_wconf 85' lang='lat' dir='ltr'><strong>consilia</strong></span> <span class='ocrx_word' id='word_1_307' title='bbox 944 3676 1045 3762; x_wconf 83' lang='lat' dir='ltr'><strong>magis</strong></span> <span class='ocrx_word' id='word_1_308' title='bbox 1062 3673 1132 3761; x_wconf 88' lang='lat' dir='ltr'><strong>pla·</strong></span> <span class='ocrx_word' id='word_1_309' title='bbox 1176 3732 1179 3737; x_wconf 90' lang='lat'>.</span> 
     </span>
     <span class='ocr_line' id='line_1_39' title="bbox 94 3769 1129 3865; baseline 0.007 -26"><span class='ocrx_word' id='word_1_310' title='bbox 94 3794 191 3839; x_wconf 87' lang='lat' dir='ltr'><strong>onere</strong></span> <span class='ocrx_word' id='word_1_311' title='bbox 213 3771 366 3853; x_wconf 88' lang='lat' dir='ltr'><strong>ducibus,</strong></span> <span class='ocrx_word' id='word_1_312' title='bbox 388 3773 455 3841; x_wconf 89' lang='lat' dir='ltr'><strong>sole</strong></span> <span class='ocrx_word' id='word_1_313' title='bbox 472 3784 540 3841; x_wconf 88' lang='lat' dir='ltr'><strong>orto</strong></span> <span class='ocrx_word' id='word_1_314' title='bbox 563 3773 689 3865; x_wconf 87' lang='lat' dir='ltr'><strong>signum</strong></span> <span class='ocrx_word' id='word_1_315' title='bbox 710 3795 837 3862; x_wconf 84' lang='lat' dir='ltr'><strong>pugnae</strong></span> <span class='ocrx_word' id='word_1_316' title='bbox 857 3769 1052 3859; x_wconf 76' lang='lat' dir='ltr'><strong>propositum</strong></span> <span class='ocrx_word' id='word_1_317' title='bbox 1070 3775 1129 3846; x_wconf 46' lang='lat'><strong>0⁸&amp;</strong></span> 
     </span>
     <span class='ocr_line' id='line_1_40' title="bbox 94 3858 1165 3956; baseline -0.007 -22"><span class='ocrx_word' id='word_1_318' title='bbox 94 3866 283 3953; x_wconf 76' lang='lat' dir='ltr'><strong>armatique,</strong></span> <span class='ocrx_word' id='word_1_319' title='bbox 298 3866 336 3936; x_wconf 87' lang='lat' dir='ltr'><strong>in</strong></span> <span class='ocrx_word' id='word_1_320' title='bbox 353 3868 454 3935; x_wconf 86' lang='lat' dir='ltr'><strong>aciem</strong></span> <span class='ocrx_word' id='word_1_321' title='bbox 479 3869 663 3956; x_wconf 87' lang='lat' dir='ltr'><strong>procedunt.</strong></span> <span class='ocrx_word' id='word_1_322' title='bbox 703 3866 789 3953; x_wconf 91' lang='lat' dir='ltr'><strong>quod</strong></span> <span class='ocrx_word' id='word_1_323' title='bbox 813 3874 982 3954; x_wconf 86' lang='lat' dir='ltr'><strong>postquam</strong></span> <span class='ocrx_word' id='word_1_324' title='bbox 1007 3858 1165 3929; x_wconf 70' lang='lat' dir='ltr'><strong>consulis</strong></span> 
     </span>
    </p>
   </div>
   <div class='ocr_carea' id='block_1_3' title="bbox 1171 4076 1241 4128">
    <p class='ocr_par' dir='ltr' id='par_1_13' title="bbox 1171 4076 1241 4128">
     <span class='ocr_line' id='line_1_41' title="bbox 1171 4076 1241 4128; baseline 0.014 -1"><span class='ocrx_word' id='word_1_325' title='bbox 1171 4076 1241 4128; x_wconf 61' lang='lat' dir='ltr'><strong>,fl</strong></span> 
     </span>
    </p>
   </div>
   <div class='ocr_carea' id='block_1_4' title="bbox 0 0 1288 4524">
    <p class='ocr_par' dir='ltr' id='par_1_14' title="bbox 0 0 1288 4524">
     <span class='ocr_line' id='line_1_42' title="bbox 0 0 1288 4524; baseline 0 1"><span class='ocrx_word' id='word_1_326' title='bbox 0 0 1288 4524; x_wconf 95' lang='lat' dir='ltr'><strong> </strong></span> 
     </span>
    </p>
   </div>
  </div>
 </body>
</html>
