2566 4524
348 113 466 168 urana
483 115 541 184 111,
561 115 670 170 14-16.
691 118 728 184 [a.
739 114 768 169 e.
777 115 836 170 461.
846 116 909 186 460]
1080 107 1142 172 139

105 272 311 339 suefeoerant
335 271 470 357 plebem.
515 272 564 336 his
592 294 648 359 per
674 281 774 336 totum
801 295 916 336 annum
943 273 1063 340 artibus
1089 276 1141 341 lex

106 368 198 432 elusa
218 375 277 430 est.

171 459 253 526 XV.
281 458 452 544 Accipiunt
462 459 618 523 civitatem
627 459 828 543 placidiorem
840 460 984 526 consules
995 460 1033 527 Ο.
1046 461 1141 528 Clau-
1161 486 1174 533 1

107 556 189 633 dius,
208 553 299 639 Appi
316 553 409 630 filius,
429 561 460 617 et
477 552 514 616 P.
529 552 675 617 Valerius
689 552 862 619 Publicola.
899 556 976 619 nihil
993 557 1068 623 novi
1085 580 1141 623 no-

106 670 168 713 vus
185 670 289 712 annus
309 647 466 711 attulerat:
493 646 574 732 legis
596 646 745 710 ferendae
767 658 821 711 aut
843 649 1043 735 accipiendae
1066 673 1141 716 cura

103 742 270 807 civitatem
288 740 423 805 tenebat.
451 751 603 823 quantum
620 740 758 805 iuniores
775 750 900 826 patrum
917 743 1003 828 plebi
1021 767 1055 809 se
1073 768 1140 810 ma-
1158 767 1173 814 2

102 837 154 924 gis
163 834 379 912 insinuabant,
399 856 436 899 eo
446 835 547 898 acrius
558 843 665 898 contra
679 833 795 898 tribuni
808 836 987 916 tendebant,
1006 848 1042 903 ut
1055 839 1140 924 plebi

103 939 274 1016 suspectos
293 951 347 993 eos
366 928 558 993 criminando
575 926 728 992 facerent:
748 930 992 995 coniurationem
1010 932 1136 1011 saetam,
1157 953 1173 1001 3

103 1024 290 1090 Caesonem
306 1023 428 1087 Romae
447 1044 527 1100 esse,
546 1022 831 1087 interficiendorum
849 1024 1053 1103 tribunorum,
1074 1035 1139 1090 tru-

103 1119 261 1183 cidandae
279 1116 379 1202 plebis
398 1116 529 1182 consilia
545 1117 631 1180 inita.
663 1117 697 1180 id
714 1117 832 1203 negotii
849 1119 958 1181 datum
976 1119 1015 1183 ab
1035 1120 1138 1185 senio-

104 1213 191 1278 ribus
219 1224 361 1298 patrum,
388 1221 424 1275 ut
449 1212 596 1276 iuventus
622 1211 820 1275 tribuniciam
845 1221 1033 1296 potestatem
1060 1237 1077 1279 e
1103 1237 1137 1279 re

103 1308 235 1394 publiea
252 1306 375 1371 tolleret
391 1305 555 1391 formaque
573 1308 683 1370 eadem
701 1306 835 1371 civitatis
854 1316 947 1385 esset,
966 1330 1048 1392 quae
1066 1320 1137 1374 ante

47 1428 62 1473 .··
106 1423 233 1466 sacrum
251 1410 389 1464 montem
407 1410 594 1485 occupatum
611 1400 723 1464 fuerat.

47 1510 52 1535 ²
167 1494 215 1559 Et
234 1493 394 1559 aVolseis
412 1503 443 1559 et
456 1493 579 1578 Aequis
599 1504 715 1559 statum
733 1494 796 1559 iam
814 1517 852 1560 ac
869 1516 967 1580 prope
986 1497 1136 1561 sollemne
1156 1517 1171 1563 4

104 1589 136 1654 in
153 1588 299 1676 singulos
318 1612 416 1654 annos
434 1589 553 1664 bellum
571 1588 747 1666 timebatur,
766 1591 958 1674 propiusque
976 1590 1063 1654 aliud
1081 1613 1137 1654 no·

47 1704 59 1755 ·,
104 1706 178 1748 vum
196 1685 319 1748 malum
336 1683 522 1768 necopinato
540 1693 696 1748 exortum:
725 1683 834 1747 exules
854 1683 998 1766 servique
1016 1684 1137 1747 adduc
1156 1702 1171 1750 5

47 1778 52 1853 s
105 1778 189 1843 milia
203 1778 368 1842 hominum
382 1788 412 1841 et
425 1777 588 1863 quingenti
615 1776 697 1840 duce
710 1776 818 1863 Appio
827 1776 992 1841 Herdonio
1016 1773 1136 1841 Sabino

47 1952 51 1959 Ι
108 1883 197 1937 nocte
216 1871 410 1956 Capitolium
432 1882 526 1954 atque
548 1892 652 1935 arcem
675 1893 876 1955 occupavere.
914 1870 1080 1936 confestim
1103 1871 1134 1934 in
1155 1891 1168 1938 t

109 1986 178 2029 arce
197 1966 285 2030 lacta
307 1966 420 2030 caedes
443 1987 564 2042 eorum,
592 1965 647 2048 qui
669 1966 830 2029 coniurare
855 1972 886 2029 et
908 1965 1001 2030 simul
1024 1987 1135 2049 capere

107 2080 191 2124 arnna
207 2061 383 2124 noluerant.
412 2060 464 2124 alii
481 2060 561 2123 inter
578 2059 747 2122 tumultum
763 2059 950 2144 praecipites
967 2080 1085 2144 pavore
1102 2059 1136 2123 in

47 2166 65 2241 [J
103 2152 206 2220 forum
217 2154 374 2231 devolant,
393 2154 529 2218 alternae
538 2175 632 2219 voces
648 2153 703 2216 ‘ad
716 2153 816 2216 arma’
830 2163 862 2216 et
876 2153 996 2219 ‘hostes
1009 2153 1043 2219 in
1056 2152 1134 2219 urbe

104 2248 189 2313 sunt'
208 2247 425 2312 audiebantur.
454 2248 598 2312 consules
618 2255 648 2310 et
666 2268 786 2310 armare
799 2244 925 2330 plebem
937 2256 969 2310 et
982 2247 1134 2311 inermem
1154 2267 1167 2312 7

47 2338 62 2395 ζ
102 2343 167 2429 pati
185 2341 347 2406 timebant.
374 2343 494 2420 incerti,
512 2342 597 2425 quod
615 2340 733 2404 malum
745 2339 951 2424 repentinum,
971 2350 1134 2405 externum

47 2440 58 2497 ς’
102 2458 143 2501 nn
159 2436 354 2514 intestinum,
374 2435 414 2501 ab
432 2436 505 2501 odio
522 2435 623 2520 plebis
643 2458 683 2499 au
701 2434 741 2499 ab
760 2433 865 2497 servili
883 2433 1004 2510 frande,
1023 2432 1134 2501 urbem

47 2534 49 2573 :
102 2530 287 2608 invasisset,
316 2530 467 2595 sedabant
489 2529 658 2608 tumultus,
683 2529 823 2594 sedando
848 2528 1006 2593 interdum
1028 2550 1134 2597 move-

47 2616 49 2621 ’
100 2622 193 2690 bant:
220 2646 281 2689 nec
303 2624 386 2688 enirn
407 2634 530 2710 poterat
551 2624 666 2709 pavida
688 2632 720 2688 et
742 2632 941 2688 consternata
967 2621 1134 2691 multitudo

100 2719 169 2805 regi
187 2717 329 2804 imperio.
357 2718 433 2782 dant
450 2729 555 2783 nmen
572 2740 670 2794 arma,
687 2739 751 2782 non
763 2717 869 2803 vulgo,
888 2726 1011 2783 tantum
1023 2725 1058 2781 ut
1085 2716 1133 2783 in·
1153 2735 1168 2784 8

100 2822 189 2877 certo
204 2812 298 2877 hoste
329 2813 521 2898 praesidium
538 2812 615 2877 satis
632 2812 732 2876 fidum
749 2813 791 2876 ad
808 2812 914 2877 omnia
931 2820 1024 2877 esset.
1048 2812 1134 2877 solli-
1250 2837 1253 2841 ·

102 2906 159 2971 citi
174 2906 330 2990 reliquum
346 2907 449 2972 noctis
464 2906 646 2991 incertique,
665 2906 720 2990 qui
736 2905 896 2982 homines,
920 2915 1056 2988 quantus
1074 2928 1133 2971 nu-

102 3020 210 3065 merus
225 3001 365 3068 hostium
383 3011 480 3080 esset,
503 3002 537 3065 in
555 3000 741 3066 stationibus
760 2999 963 3084 disponendis
981 2999 1024 3063 ad
1040 3021 1133 3085 opor-

100 3104 179 3159 tuna
195 3097 299 3161 ornms
321 3096 409 3160 urbis
430 3096 501 3160 loca
518 3116 621 3182 egere.
656 3092 712 3159 lux
724 3093 848 3158 deinde
870 3091 991 3176 aperuit
1014 3091 1131 3157 bellum

98 3186 279 3274 ducemque
299 3189 383 3254 belli.
421 3210 527 3255 servos
550 3190 591 3254 ad
612 3186 788 3254 libertatem
804 3186 932 3272 Appius
949 3185 1131 3253 Herdonius
1151 3207 1165 3254 9

98 3304 138 3349 ex
161 3282 324 3370 Capitolio
344 3282 492 3349 uocabat:
519 3306 554 3348 se
580 3282 747 3347 miserrimi
774 3280 926 3365 cuiusque
953 3281 1132 3367 suscepisse

97 3398 245 3457 mam,
268 3386 304 3441 nt
324 3378 433 3442 exules
454 3378 569 3442 iniuria
589 3378 698 3463 pulsos
720 3376 754 3440 in
771 3376 903 3461 patriam
921 3376 1083 3441 reduceret
1100 3387 1133 3441 et

97 3472 237 3539 servitiis
254 3494 351 3558 grave
367 3473 478 3561 iugum
495 3469 643 3536 demeret.
678 3470 712 3534 id
734 3468 827 3534 malle
849 3469 968 3554 populo
984 3469 1130 3537 Roman

95 3574 227 3633 auctore
244 3565 327 3645 ficri3
346 3564 434 3632 aiibi
452 3588 526 3652 spes
543 3586 606 3631 non
624 3565 673 3643 sit,
693 3586 728 3629 se
745 3562 880 3629 Volscos
900 3575 931 3629 et
948 3561 1082 3649 Aequos
1100 3572 1132 3631 et

93 3660 205 3729 omnia
221 3670 363 3726 anaema
379 3670 603 3746 temptaturum
620 3669 653 3724 et
670 3657 907 3724 concitaturum.

159 3754 261 3822 xvi
295 3754 446 3821 Dilucere
462 3776 514 3821 ras
531 3754 634 3840 magis
656 3752 797 3839 patribus
820 3762 913 3837 atque
937 3750 1127 3819 consulibus.
1150 3763 1162 3810 1

93 3858 224 3939 praeter
240 3870 280 3915 ea
296 3858 410 3929 mnan,
428 3871 509 3935 qima
527 3847 799 3924 denuntiabantur,
818 3869 857 3911 ne
872 3846 1052 3912 Veientium
1065 3864 1130 3910 neu
