2566 4524
327 250 442 306 amun
460 250 559 323 vnn,
579 253 603 306 e.
618 253 642 309 7.
662 256 699 322 [a.
710 251 740 308 c.
750 253 813 324 321]
1020 242 1085 311 447

65 415 161 500 isque
182 408 328 477 intentati
350 418 382 474 et
403 408 557 475 vulnerati
578 410 706 503 quidam
729 411 906 498 necatique,
930 415 958 480 si
979 416 1086 484 vultus

65 531 163 576 orum
184 504 372 594 indignitate
393 527 498 571 rerum
520 505 621 571 acrior
641 505 791 573 victorem
813 507 1006 576 offendisset.
1042 511 1121 576 itae

65 602 189 673 inducti
208 600 269 669 sub
285 600 396 690 iugum
414 610 459 679 et,
483 601 569 687 quod
589 623 690 687 paene
708 603 836 690 gravim
854 613 933 684 erat,
956 628 1013 693 per
1029 606 1087 673 ho-

65 701 148 769 rtium
168 696 277 765 oculos
295 718 368 763 cum
380 718 404 761 e
422 695 505 764 saltu
522 697 710 776 evasissent,
735 698 795 764 etsi
811 697 898 765 velut
914 700 955 766 ab
976 701 1085 767 inferis
1176 738 1177 742 =

65 792 187 863 abacti
203 802 272 859 tum
289 791 426 879 primum
443 791 546 857 lucem
564 792 704 878 aspicere
717 793 779 859 visi
796 804 880 873 sunt,
894 803 1000 861 tamen
1017 797 1088 884 ipsa

65 914 106 956 ux
118 889 168 955 ita
178 887 321 954 deforme
337 884 531 953 intuentibus
546 908 661 974 agmen
674 888 760 952 omni
772 897 872 955 morte
885 885 1003 957 tristioi
1015 891 1085 957 fuit.

65 993 160 1070 taque
174 1003 248 1049 cum
261 989 333 1048 ante
346 989 472 1047 noctem
481 978 627 1066 Capuam
642 981 806 1066 pervenire
818 992 958 1069 possent,
976 985 1087 1051 incerti
1104 1006 1122 1054 a

65 1079 92 1145 le
108 1077 174 1144 fide
193 1074 350 1145 sociorum
368 1083 399 1140 et
416 1074 501 1160 quod
519 1075 621 1161 pudor
641 1075 877 1162 praepediebat,
901 1078 984 1144 circa
1000 1079 1087 1144 viam

65 1173 141 1241 raud
157 1170 270 1259 procul
289 1169 401 1257 Capua
419 1170 559 1236 omnium
578 1192 678 1257 egena
696 1192 826 1258 corpora
843 1171 931 1238 humi
948 1182 1086 1260 prostra-

65 1277 177 1335 verunt.
205 1266 292 1352 quod
304 1265 359 1333 ubi
373 1276 421 1332 est
432 1263 578 1352 Capuam
594 1266 781 1344 nuntimum,
796 1266 911 1334 evincit
927 1268 1086 1335 miseratio
1104 1281 1121 1330 5

67 1373 136 1431 usta
153 1361 312 1428 sociorum
330 1360 510 1446 superbiam
528 1360 700 1447 ingenitam
710 1358 892 1447 Campanis.
920 1362 1086 1429 confestim
1105 1384 1121 1433 a
1245 1381 1249 1388 ·

65 1456 191 1547 nsignite
205 1479 263 1523 sua
276 1455 466 1534 consulibus,
481 1455 595 1535 fasces,
609 1455 749 1536 liotores;
767 1478 863 1536 arma,
874 1478 982 1542 equos,
992 1460 1087 1524 vesti-

65 1562 176 1632 nenta,
194 1562 389 1619 commeatus
407 1551 558 1617 militibus
576 1550 713 1640 benigne
731 1551 867 1632 mittunt,
887 1562 918 1620 et
935 1553 1087 1620 venienti-
1105 1574 1120 1621 7

65 1672 114 1716 >ns
123 1647 272 1734 Capuam
285 1657 417 1713 cunctus
436 1655 563 1712 senatus
581 1646 780 1732 populusque
794 1646 921 1715 obviam
938 1671 1085 1738 egressus

65 1744 144 1811 ustis
159 1742 307 1809 omnibus
320 1740 528 1828 hospitalibus
541 1741 734 1828 privatisque
748 1752 779 1809 et
790 1741 926 1829 publicis
943 1744 1088 1832 fungitur

65 1838 179 1906 ›fficiia
206 1858 308 1923 neque
321 1837 383 1903 illis
402 1836 558 1903 sociorum
575 1837 707 1902 comitas
721 1836 890 1931 vultusque
907 1836 1037 1926 benigni
1055 1849 1086 1905 et
1104 1857 1122 1905 8

65 1933 204 2018 tdloquia
225 1954 289 1998 non
311 1932 405 1999 modo
428 1953 604 1998 sermonem
626 1930 751 2011 elicere,
775 1932 894 1999 sedne
915 1942 951 1999 ut
977 1931 1086 2000 oculos

65 2029 183 2116 puidam
195 2029 372 2096 attollerent
385 2038 440 2095 aut
453 2027 650 2095 consolantes
667 2027 786 2095 amicos
805 2038 913 2096 contra
930 2029 1088 2096 intueren-

65 2148 107 2193 m·
123 2123 250 2191 efficere
266 2134 425 2211 poterant:
444 2123 523 2190 adeo
538 2145 633 2209 super
650 2145 823 2190 maerorem
840 2124 943 2212 pudor
959 2124 1088 2211 quidam
1107 2144 1121 2192 9

65 2219 168 2309 'ugare
186 2219 353 2304 conloquia
370 2227 402 2284 et
419 2227 526 2285 coetus
544 2217 708 2284 hominum
726 2216 868 2305 cogebat.
895 2229 1022 2305 postero
1037 2221 1087 2286 die
1107 2241 1140 2288 10

65 2338 128 2385 mm
144 2314 276 2381 iuvenes
293 2312 430 2392 nobiles,
449 2312 540 2378 missi
557 2335 576 2379 a
595 2310 720 2399 Capua,
743 2322 779 2378 ut
794 2312 1028 2399 proficiscentes
1047 2314 1088 2379 ad

65 2409 152 2477 inem
162 2407 362 2495 Campanum
377 2417 649 2494 prosequerentur,
663 2406 864 2472 revertissent
877 2407 1041 2493 vocatique
1054 2407 1088 2472 in
1106 2420 1137 2468 11

65 2502 176 2571 curiam
187 2501 463 2589 percunctantibus
477 2501 648 2569 maioribus
662 2510 739 2566 natu
751 2500 849 2566 multo
863 2500 925 2569 sibi
941 2502 1089 2568 maestio-

65 2621 110 2665 ,ηε
131 2606 162 2665 et
187 2595 373 2664 abiectiores
399 2597 496 2663 animi
517 2597 604 2664 visos
621 2595 793 2663 referrent:
821 2597 900 2662 adeo
928 2596 1023 2663 silens
1051 2619 1088 2662 ac
1107 2607 1139 2655 12

65 2715 155 2781 ¹>rope
172 2701 295 2759 mutum
312 2715 429 2780 agmen
446 2691 625 2770 incessisse,
643 2691 745 2757 iacere
762 2691 902 2758 indolem
919 2690 1004 2757 illam
1021 2691 1088 2759 Ro-

65 2810 186 2857 uenam
203 2786 388 2873 ablatosque
406 2811 479 2855 cum
497 2787 593 2855 armis
611 2787 747 2866 animos,
770 2809 835 2853 non
855 2787 986 2854 reddere
1005 2787 1089 2854 salu-

65 2907 131 2964 em,
148 2905 214 2949 non
230 2882 438 2950 salutantibus
457 2882 531 2948 dare
548 2904 747 2969 responsum,
765 2905 830 2949 non
846 2881 968 2949 hiscere
981 2904 1091 2968 quem-

65 3000 154 3067 [nam
171 2999 247 3064 prae
264 2986 351 3043 metu
368 2976 510 3063 potuisse
527 2984 690 3061 tamquam
707 2975 883 3042 ferentibus
902 2977 1005 3043 adhuc
1023 2999 1090 3042 cer-

65 3071 182 3141 deibus
198 3072 319 3160 iugum,
339 3071 398 3138 sub
416 3071 502 3157 quod
520 3071 628 3137 emissi
646 3080 760 3137 essent.
796 3068 914 3135 habere
928 3067 1088 3136 Samnites
1108 3090 1141 3139 13
1224 3097 1229 3103 ·

65 3167 221 3235 uictoriam
242 3189 306 3232 non
327 3165 520 3252 praeclaram
543 3165 659 3244 solum,
687 3164 744 3230 sed
769 3163 864 3229 etiam
889 3171 1088 3250 perpetuam:

65 3260 183 3352 cepisse
200 3260 284 3328 enim
303 3283 357 3328 eos
374 3284 440 3327 non
447 3260 594 3340 Romam,
609 3260 691 3327 sicut
703 3266 775 3329 ante
786 3256 907 3337 Gallos,
923 3256 989 3335 sed,
1003 3257 1089 3342 quod

65 3356 158 3427 nullo
164 3355 347 3425 bellicosius
360 3355 464 3436 fuerit,
473 3355 651 3435 Romanam
661 3352 807 3420 virtutem
815 3351 1091 3437 ferociamque:-

119 3450 201 3521 VH.
225 3474 298 3519 cum
310 3450 390 3521 haec
406 3452 583 3518 dicerentur
595 3448 837 3534 audirenturque
850 3457 882 3515 et
894 3446 1090 3535 deploratum
1109 3466 1122 3514 1

65 3569 159 3618 isene
166 3546 349 3615 Romanum
361 3568 476 3613 nomen
488 3547 523 3611 in
531 3545 662 3612 concilio
673 3545 829 3612 sociorum
841 3543 983 3609 fidelium
996 3551 1089 3621 esset,

65 3644 173 3711 licitur
181 3638 310 3709 Ofillius
325 3639 475 3708 Calavius
487 3638 553 3709 Ovi
569 3640 663 3719 filius,
682 3641 784 3707 clarus
803 3659 919 3728 genere
936 3637 1090 3724 factisque
1108 3655 1124 3702 2

65 3762 126 3807 um
147 3735 245 3809 etiem
271 3744 373 3809 aetate
394 3736 565 3815 verendus,
593 3734 687 3822 lenge
713 3734 803 3801 aliter
825 3755 860 3803 se
881 3732 997 3801 habere
1022 3754 1091 3796 rem

65 3833 193 3909 lixissez
212 3829 371 3903 mendum
387 3829 467 3897 illud
479 3829 671 3902 obstinatum
684 3828 829 3916 fixosque
841 3828 875 3893 in
888 3837 1002 3894 terram
1015 3845 1089 3889 ocu·
1107 3844 1124 3892 a
1222 3862 1224 3871 v

65 3952 104 3997 os
117 3938 151 3997 et
165 3924 280 3997 surdas
293 3925 335 3993 ad
347 3925 455 3993 omnia
467 3925 585 3993 solacia
598 3947 689 3992 aures
703 3935 735 3991 et
750 3925 903 4011 pudorem
920 3918 1089 3986 intuendae

65 4024 137 4093 ucis
154 4023 318 4113 ingentem
335 4022 451 4091 molem
468 4021 585 4103 irarum
599 4043 639 4088 ex
651 4020 715 4087 alto
728 4019 833 4086 animo
846 4015 956 4084 cientis
973 4012 1089 4080 indicia
