2566 4524
218 246 260 310 92
482 257 601 311 LIBER
618 256 661 326 H,
679 257 722 311 30.
735 257 776 310 31.
797 256 982 327 [a.u.c.260]

217 416 258 481 ad
275 415 386 501 fugam
407 413 535 497 quidem
558 413 634 478 satis
657 413 770 478 virium
787 412 861 492 fuit,
889 413 964 499 quia
984 435 1082 480 cursu
1103 414 1140 480 in
1159 438 1240 503 proo-
1272 410 1275 439 ⁵

167 533 199 580 14
216 508 293 574 lium
311 509 420 573 ierant.
456 507 592 572 Romani
610 516 727 584 contra,
746 507 821 590 quia
837 507 991 594 principio
1008 530 1139 596 pugnae
1152 509 1237 596 quieti

217 612 375 680 steterant,
394 601 501 687 vigent
520 601 712 686 corporibus.
739 601 832 666 facile
850 602 956 687 adepti
972 602 1078 668 fessos
1096 613 1130 669 et
1147 614 1236 671 casua

214 698 335 783 Mpetu
353 704 503 782 ceperunt
520 706 560 773 et,
579 695 688 760 castris
707 706 838 761 exutum
854 694 978 761 hostem
990 695 1131 765 Velitras
1143 720 1237 786 perse·

216 791 294 869 cuti,
321 812 385 855 uno
408 790 533 876 agmine
554 790 689 855 victores
713 812 784 855 cum
806 789 898 855 victis
919 791 954 855 in
974 790 1087 857 urbem
1103 792 1235 881 inrupee

165 907 200 958 15
215 884 350 972 plusque
367 882 413 948 ibi
431 883 592 970 sanguinis
614 884 794 969 promiscue
815 883 955 950 omnium
976 908 1131 972 generum
1153 888 1234 955 medo

216 1001 311 1063 quam
328 977 448 1064 inipso
465 977 663 1044 dimicatione
680 977 810 1079 fectum.
835 980 954 1065 'paucis
973 980 1047 1047 data
1064 982 1172 1063 venie,
1191 981 1234 1069 qui

215 1074 350 1139 inermes
367 1073 402 1137 in
419 1073 608 1138 deditionem
624 1082 790 1138 venerunt,

183 1190 197 1237 1
280 1166 419 1232 XXXI.
462 1165 554 1232 Dum
583 1167 662 1232 haec
691 1167 725 1231 in
751 1165 878 1233 Volscis
909 1179 1074 1255 geruntur,
1115 1170 1233 1238 dicato

217 1258 368 1340 Sabinos,
404 1260 459 1327 ubi
489 1262 583 1348 longe
608 1261 779 1347 plurimum
804 1261 881 1328 belli
909 1262 1026 1342 fuerat,
1062 1265 1168 1332 timdit
1193 1265 1232 1331 su·

181 1367 333 1445 agatque
360 1356 508 1440 exuitque
534 1356 654 1422 eastris.
695 1356 836 1440 equitatu
861 1357 992 1423 inmisso
1018 1360 1158 1425 mediam
1181 1370 1232 1425 tur·
1272 1404 1275 1412 ,

214 1451 344 1518 baverat
360 1451 499 1516 hostium
517 1451 631 1528 aciem,
658 1472 734 1535 qua,
763 1451 839 1516 dum
857 1473 892 1516 se
914 1474 1032 1518 cornua
1052 1453 1149 1520 latius
1169 1474 1231 1542 pau·
1272 1528 1275 1535 ¹

214 1545 302 1623 dunt,
319 1567 431 1631 parum
449 1554 520 1630 apte
537 1545 707 1610 introrsum
725 1544 886 1612 ordinibus
908 1544 1008 1611 aciem
1029 1546 1230 1625 firmaverant

215 1637 356 1704 turbatos
378 1639 475 1726 pedes
498 1638 623 1704 invasit.
663 1640 775 1705 eodem
799 1641 920 1726 impetu
945 1648 1049 1706 castra
1075 1651 1167 1728 capta
1186 1640 1231 1706 do

181 1731 427 1818 ebellatumque
450 1743 506 1798 est.
542 1741 615 1820 post
640 1756 782 1820 pugnam
809 1735 850 1799 ad
870 1733 1031 1822 Regillum
1052 1732 1160 1803 laeum
1179 1754 1230 1801 non

214 1829 275 1895 alia
300 1829 361 1896 illis
389 1830 478 1895 annis
504 1852 613 1916 pugna
639 1829 751 1894 clarior
775 1829 845 1895 fuit.
890 1830 1023 1895 dictator
1049 1830 1230 1919 triumphant

213 1922 325 1988 urbem
341 1923 508 1989 invehitur.
537 1945 631 2008 super
649 1923 756 1989 solitos
775 1924 909 1990 honores
927 1924 1016 1990 locus
1033 1924 1069 1989 in
1086 1927 1168 1992 circo
1182 1918 1230 2011 iptl

213 2018 410 2103 posterisque
428 2018 469 2083 ad
487 2018 700 2103 spectaculum
719 2019 820 2096 datus,
840 2018 917 2084 sella
934 2019 967 2083 in
985 2040 1023 2084 eo
1040 2020 1114 2087 loco
1128 2016 1228 2087 curuli·
1267 2050 1269 2055 ·

215 2111 328 2196 posita.

179 2224 196 2271 4
277 2204 405 2272 Volscis
432 2206 564 2272 devictis
590 2206 770 2272 Veliternus
797 2230 874 2295 ager
899 2207 1082 2295 ademptus,
1110 2208 1230 2277 Velitne

215 2300 317 2367 coloni
334 2300 375 2367 ab
393 2300 470 2367 urbe
488 2302 579 2366 missi
597 2311 628 2366 et
645 2301 768 2367 colonia
785 2303 929 2368 deducta.

280 2395 363 2461 Cum
381 2394 504 2481 Aequis
522 2407 595 2483 post
612 2396 772 2481 ahquanto
789 2407 964 2484 pugnatum
982 2405 1040 2476 est,
1058 2396 1161 2464 invito
1175 2394 1232 2482 qui·

214 2491 287 2556 dem
305 2490 443 2570 consule,
462 2492 537 2576 quia
553 2491 622 2557 loco
639 2491 747 2576 iniquo
766 2491 965 2557 subeundum
984 2500 1051 2557 erat
1068 2494 1113 2559 ad
1125 2493 1232 2569 hostsst

180 2608 196 2655 5
215 2587 272 2653 sed
288 2586 417 2663 milites,
446 2584 567 2650 extrahi
583 2607 650 2650 rem
673 2586 886 2664 criminantes,
913 2595 949 2650 ut
969 2586 1119 2666 dictator,
1146 2586 1234 2674 prius

213 2704 308 2767 quam
325 2679 387 2766 ipsi
403 2680 541 2745 redirent
556 2679 590 2744 in
611 2678 735 2759 urbem,
754 2682 941 2768 magistratu
959 2680 1062 2747 abiret
1079 2683 1234 2767 inritaque,

214 2777 295 2839 sicut
312 2784 384 2837 ante
407 2773 555 2851 consulis,
573 2774 729 2859 promissa
746 2776 813 2841 eius
832 2776 993 2854 caderent,
1010 2777 1191 2862 perpulere,
1204 2780 1233 2839 ut

182 2889 196 2937 s
213 2867 295 2932 forte
312 2876 429 2931 temere
446 2867 480 2931 in
497 2867 646 2933 adversos
665 2870 780 2934 montis
799 2892 913 2956 agmen
933 2870 1076 2955 erigeret.
1114 2872 1149 2936 id
1164 2866 1234 2936 mult

214 2962 408 3028 conmissum
430 2960 558 3049 ignavia
578 2963 716 3029 hostium
733 2965 767 3028 in
783 2965 902 3030 bonnm
919 2965 1025 3042 vertit,
1049 2966 1121 3050 qui,
1143 2965 1234 3053 prius·

214 3079 309 3140 quarn
332 3057 372 3122 ad
399 3057 574 3122 coniectum
596 3057 649 3122 teli
675 3059 845 3136 veniretur,
873 3059 1086 3143 obstupefacti
1113 3056 1234 3126 auum

212 3149 441 3229 Romanorum,
459 3150 575 3216 relictis
594 3152 718 3230 castris,
742 3175 823 3236 quae
840 3152 1059 3218 munitissimis
1078 3154 1234 3220 tenuerant

210 3245 304 3324 locis,
331 3246 365 3309 in
391 3269 518 3312 aversas
545 3245 643 3310 valles
670 3246 838 3325 desiluere,
864 3245 919 3311 ubi
946 3247 1023 3311 satis
1048 3248 1189 3333 praedae
1209 3252 1255 3319 et¹

212 3340 343 3406 victoria
359 3341 521 3405 incruenta
539 3341 608 3405 fuit.

179 3457 193 3502 r
274 3434 326 3500 Ita
352 3433 503 3500 trifariam
528 3457 562 3500 re
587 3434 671 3501 bello
696 3435 776 3502 benc
802 3445 906 3522 gesta,
933 3436 973 3501 de
999 3435 1235 3504 domesticarum

210 3550 315 3595 rerum
341 3539 456 3593 eventu
481 3552 540 3595 nec
569 3530 710 3617 patribus
740 3553 799 3597 nec
826 3529 912 3617 plebi
942 3552 1018 3595 eura
1048 3531 1234 3599 decesserat

211 3631 299 3688 tenta
324 3645 397 3690 cum
422 3625 523 3711 gratia
549 3634 616 3690 tum
642 3636 707 3690 arte
732 3633 994 3711 praeparaverant
1019 3624 1233 3697 faeneratores

211 3738 292 3800 quae
310 3741 374 3784 non
391 3720 486 3785 modo
503 3718 643 3806 plebem,
667 3719 723 3785 sed
740 3721 846 3806 ipsum
863 3719 958 3785 etiam
975 3719 1163 3786 dictatorem
1177 3717 1234 3785 fin

178 3832 193 3880 8
213 3820 391 3878 strarentur.
431 3836 567 3898 namque
589 3813 735 3879 Valerius
762 3823 834 3900 post
855 3812 970 3880 Vetusi
996 3813 1138 3881 consulis
1161 3809 1234 3879 redi·

211 3918 278 3972 tum
296 3908 436 3973 omnium
453 3909 613 3973 actionum
629 3908 663 3973 in
686 3919 797 3974 senatu
813 3908 947 3994 primum
968 3907 1081 3975 habuit
1100 3930 1161 3996 pro
1176 3903 1233 3971 vio·

211 4011 277 4068 tore
293 4002 410 4091 populo
441 4002 617 4086 retulitque,
637 4002 713 4086 quid
731 4003 770 4067 de
787 4002 877 4068 nexis
894 4003 963 4070 fieri
980 4002 1129 4090 placeret
1159 4014 1231 4087 quw
