2566 4524
215 262 218 267 ’
330 258 449 313 amun
467 258 524 329 111,
542 259 637 314 uuas.
656 257 805 328 [acteo.
818 259 888 331 aaa,
1055 248 1117 313 159

83 417 312 495 intermissam,
334 425 527 505 repararent,
550 436 623 482 cum
639 417 765 483 interim
781 418 899 483 mentio
922 419 1118 485 comitiorum
1136 439 1151 488 6

84 513 171 578 nulla
188 512 266 576 fieri.
304 521 335 576 et
356 510 540 589 decemviri,
567 512 622 596 qui
643 513 744 599 primo
763 512 945 579 tribunicios
962 514 1117 593 homines,

83 608 159 693 quia
175 606 208 671 id
225 605 378 692 populare
396 603 584 685 habebatur,
608 607 726 671 aucum
743 629 778 672 se
800 617 1034 674 ostentaverant
1050 609 1118 695 ple-

84 701 148 779 bei,
166 699 305 786 patriciis
322 698 489 765 iuvenibus
508 710 690 785 saepserant
706 700 814 766 latera.
847 724 955 768 corum
973 713 1116 768 catervae

85 794 254 860 tribunalia
275 793 471 859 obsidebant.
507 794 540 860 hi
562 794 657 872 ferre,
686 818 779 882 agere
805 797 931 883 plebem
952 796 1116 883 plebisque
1136 819 1149 863 ι

81 912 142 967 res,
161 911 238 954 cum
256 887 410 974 (fortuna)
429 910 491 972 qua
508 889 661 972 quidquid
679 890 819 974 cupitum
837 891 918 956 foret
933 892 1116 976 potentioris

81 993 175 1050 esset.
214 992 247 1047 et
263 983 327 1047 iam
344 1003 385 1048 nc
403 992 491 1069 tergo
509 983 636 1066 quidem
654 983 882 1050 abstinebatur:
900 986 998 1072 virgis
1017 985 1115 1064 caedi,
1134 1004 1151 1052 8

82 1079 134 1144 alii
152 1077 259 1142 securi
277 1076 378 1143 subici
396 1087 436 1154 et,
454 1099 494 1141 nc
512 1078 649 1163 gratuita
667 1079 833 1144 crudelitas
848 1090 941 1158 esset,
960 1080 1115 1147 bonorum

81 1172 211 1237 donatio
231 1172 322 1255 sequi
344 1171 462 1236 domini
485 1171 683 1256 supplicimn.
719 1171 780 1236 hac
801 1175 945 1238 mercede
966 1175 1114 1239 iuventus

81 1266 197 1332 nobilis
221 1275 368 1351 corrupta
388 1289 453 1332 non
473 1267 568 1331 modo
590 1289 653 1331 non
669 1267 715 1331 ire
738 1267 864 1332 obviam
885 1269 1030 1346 iniuriae,
1059 1269 1117 1333 sed

82 1361 247 1447 propalam
264 1361 423 1426 licentiam
441 1383 531 1426 snam
549 1361 641 1425 malle
659 1383 756 1445 quam
774 1363 913 1428 omnium
930 1362 1114 1428 libertatem.

145 1455 355 1522 XXXVIII.
385 1457 464 1521 Idus
481 1455 589 1520 Maiae
607 1456 722 1521 venire.
753 1456 847 1520 nullis
858 1456 1036 1544 subrogatis
1049 1480 1116 1522 ma-
1135 1479 1148 1525 1

87 1549 279 1634 gistratibus,
297 1551 412 1637 privati
428 1573 486 1636 pro
503 1551 689 1615 decemviris
707 1574 809 1635 neque
828 1552 940 1618 animis
959 1553 999 1617 ad
1016 1553 1116 1638 impo-

86 1644 164 1709 rium
190 1646 399 1711 inhibendum
424 1646 585 1710 inminutis
612 1668 714 1729 neque
746 1648 786 1712 ad
818 1649 956 1733 speciem
987 1647 1114 1712 honoris

89 1739 262 1826 insignibus
279 1742 443 1826 prodeunt.
478 1741 512 1805 id
532 1763 608 1805 vero
630 1756 763 1827 regnum
784 1741 982 1807 hauddubie
1005 1743 1114 1806 videri.

92 1833 264 1920 deploratur
284 1836 318 1900 in
334 1845 521 1921 perpetuum
547 1835 689 1912 libertas,
717 1857 777 1899 nec
803 1837 919 1899 vindex
946 1837 1147 1920 quisquama

97 1928 192 1994 existit
214 1939 269 1994 aut
291 1929 417 1994 futurus
441 1929 572 1994 videtur.
608 1951 667 1993 nec
684 1929 746 2014 ipsi
765 1929 867 1994 solum
885 1931 1116 2016 desponderant

100 2022 216 2101 animos,
236 2025 293 2088 sed
312 2023 469 2088 contemni
486 2023 589 2109 coepti
606 2034 694 2088 erant
712 2023 883 2089 afinitimis
897 2024 1022 2110 populis
1027 2051 1036 2103 ;
1054 2026 1121 2088 im·

102 2117 268 2203 pedumque
285 2118 331 2185 ibi
349 2141 429 2197 esse,
448 2117 503 2185 ubi
520 2141 584 2184 non
602 2128 686 2184 esset
702 2118 840 2197 libertas,
859 2119 1112 2206 indignabantur.

109 2206 197 2276 Sebini
213 2237 289 2300 mag
290 2237 331 2278 na
348 2237 445 2279 manu
461 2213 672 2278 incursionem
689 2213 723 2280 in
740 2237 852 2300 agrum
869 2215 1048 2278 Romanum
1066 2214 1114 2279 se·
1131 2236 1148 2282 3

77 2298 172 2417 Qu
187 2308 230 2373 lat
217 2319 311 2417 teque
327 2309 468 2395 populati
486 2331 558 2373 cum
571 2308 734 2372 hominum
747 2319 840 2391 atque
853 2309 1010 2393 pecudum
1023 2309 1114 2372 inulti

77 2426 82 2473 3
110 2403 217 2482 praedas
235 2404 389 2490 egissent
408 2414 533 2488 recepto
552 2403 593 2466 ad
609 2402 757 2481 Eretum,
776 2403 862 2485 quod
879 2403 999 2488 passim
1016 2425 1113 2489 vaga·

112 2500 159 2558 tun
173 2508 244 2576 erat,
264 2497 390 2584 agmine
403 2507 506 2562 castra
517 2497 632 2575 locant,
651 2519 740 2582 spem
753 2497 786 2561 in
800 2497 957 2561 discordia
968 2497 1114 2561 Romana

77 2586 82 2655 ἶ
112 2602 251 2672 ponentes,
280 2616 350 2658 eam
375 2594 622 2679 inpedimentum
649 2592 774 2656 dilect
732 2602 777 2656 tur
803 2592 880 2657 fore
921 2615 984 2656 non
1010 2591 1147 2658 nuntiit

77 2748 83 2767 ,
114 2681 202 2764 ulum,
228 2689 285 2753 sed
305 2711 362 2773 per
383 2688 493 2753 urbem
516 2687 686 2774 agrestium
708 2687 787 2773 fuga
808 2687 1045 2772 trepidationem
1066 2686 1114 2750 in-

112 2774 171 2846 iecit
202 2784 369 2848 decemviri
387 2783 564 2848 consultant
552 2783 674 2865 t,quid
692 2805 772 2868 opus
790 2782 948 2861 facto'ts1t,
972 2782 1067 2846 destit
1055 2781 1114 2846 tuti

77 2888 80 2895 “
112 2867 234 2942 iniat
184 2887 234 2962 pat
235 2888 353 2942 rumet
370 2877 472 2963 plebis
490 2877 571 2942 ο(ιιι.
600 2876 687 2946 addit
705 2887 854 2942 terrorem
870 2877 1000 2961 insuper
1016 2876 1113 2941 alium

112 2961 219 3036 fortuna.
250 2971 357 3056 Aequi
375 2971 436 3036 alia
454 2980 598 3056 exparte
616 2971 769 3035 castrain
785 2969 905 3056 Algido
923 2971 1041 3049 locanu
1060 2971 1148 3038 (ιθ-5

115 3063 336 3150 populanturque
349 3066 422 3130 inde
436 3063 674 3130 excursionibus
689 3065 906 3129 Tusculanum
920 3087 1041 3150 agrum.
1068 3063 1114 3127 le-

114 3153 165 3235 gali
182 3158 214 3225 ab
234 3160 376 3226 Tusculo
396 3160 588 3247 praesidium
610 3168 735 3225 orantes
762 3159 915 3223 nuntiant.
960 3158 987 3221 is
1013 3178 1145 3241 pavore

112 3252 216 3329 perculit
231 3253 435 3332 decemviros,
455 3266 489 3318 ut
507 3263 651 3318 senatum
666 3253 759 3318 simul
772 3251 895 3317 duobus
909 3251 1114 3316 circumstan-

112 3338 174 3410 tibus
186 3349 291 3415 urbem
304 3347 395 3415 bellis
410 3348 618 3414 consulerent.
651 3347 740 3412 citari
756 3346 865 3414 iubent
878 3346 911 3410 in
924 3344 1043 3410 curiam
1056 3366 1113 3429 pa-

111 3442 165 3518 ιιιι,
180 3441 260 3508 haud
277 3445 388 3532 ignari,
408 3454 525 3528 quanta
541 3443 677 3507 invidiae
711 3443 888 3507 immineret
926 3449 1111 3524 tempestas:

109 3550 195 3603 onnes
211 3539 325 3604 vastati
343 3539 410 3626 agri
427 3538 699 3624 periculorumque
712 3534 941 3601 imminentium
954 3557 1065 3600 causas
1079 3535 1113 3599 in
1131 3555 1145 3600 ι

108 3642 134 3691 ιι
150 3643 345 3721 congestums
368 3632 667 3720 temptationemque
695 3654 765 3696 eam
786 3631 854 3695 fore
880 3629 1025 3695 abolendi
1052 3627 1113 3692 sibi

104 3727 300 3813 auguratus,
319 3729 352 3792 ui
370 3748 526 3794 consensu
543 3726 724 3792 resisterent
712 3725 930 3811 timperioqnc
942 3722 1112 3788 inhibendo

102 3821 222 3888 auur
212 3847 246 3890 ιιι
263 3846 382 3910 paucos
399 3821 590 3910 praeferocis
613 3821 710 3886 animi
732 3829 823 3885 conat
824 3842 861 3884 us
811 3819 1017 3884 taliorum
1039 3840 1112 3881 con-

100 3915 261 3999 ptinerent.
289 3927 458 4004 postquam
476 3917 583 3983 audita
600 3938 663 3980 vox
680 3916 713 3979 in
730 3915 799 3984 foro
818 3911 1036 3999 estpraeconis
1055 3932 1112 3994 pa-
1128 3927 1144 3974 8

99 4012 193 4079 resin
206 4013 327 4080 curiam
340 4013 381 4080 ad
390 4012 584 4080 decemviros
594 4009 744 4087 vocantu
764 4008 849 4073 velut
837 4017 1017 4081 tnoiares,
1037 4001 1111 4086 quia
