2566 4524
286 265 288 268 .
326 217 447 273 omno
462 215 623 289 κω.
641 213 792 290 [auus]
891 200 902 223 ‘'
1019 203 1086 273 blo

67 399 236 470 ppugnare
257 377 387 443 adortus
410 375 657 464 quadringentos
678 375 878 463 septuaginta
899 375 1082 458 ditisaiomsy
1245 460 1248 469 Ι

67 475 186 542 sconis
201 471 316 562 grandi
331 481 457 558 pactos,
484 470 626 538 utubios
637 471 716 536 inde
732 471 852 549 lueret,
876 470 1007 550 dimisi,
1029 493 1082 537 ce
1100 491 1131 539 11

67 593 152 638 eram
177 565 410 634 multitudinem
436 565 651 652 oppidumque
679 563 784 652 ipsun
813 565 848 630 si
873 565 964 652 oepit.
1007 565 1082 632 iude

67 667 190 752 ¹uinque
208 661 337 730 castella
353 660 433 728 lonis
455 661 517 728 sita
535 660 665 728 minuitis
687 660 890 750 expmguult.
925 683 1017 729 oaesa
1036 661 1082 728 ibi
1100 681 1132 730 12
1211 730 1215 736 ,

67 762 190 828 ostium
216 757 384 824 duomilia
404 756 640 846 quadringenti,
667 757 772 824 minus
795 756 966 824 duomilia
987 758 1079 845 capti.

67 854 229 922 tFaliscis
247 873 359 939 pacem
375 851 554 939 petentibus
573 873 693 916 annuas
711 850 848 918 indutias
867 852 953 918 dedit
969 861 1081 940 pactus

66 959 178 1017 sutum
195 947 282 1014 milia
298 945 405 1034 gravis
428 946 508 1013 aeris
530 955 562 1012 et
583 945 775 1033 stipendium
796 946 864 1013 eius
887 947 961 1012 anni
977 946 1083 1012 militi-

67 1068 125 1111 us:
143 1043 195 1110 his
212 1041 307 1109 rebus
326 1040 404 1106 actis
422 1040 464 1106 ad
480 1040 672 1128 triumphum
690 1038 834 1120 decessit,
852 1051 888 1107 ut
900 1041 1005 1107 minus
1019 1041 1083 1106 ela
1101 1061 1133 1110 13

67 1162 120 1205 nm
142 1138 183 1203 de
203 1133 400 1203 Samnitibus
422 1154 516 1220 quum
540 1135 679 1224 collegae
701 1135 877 1223 triumphos
895 1134 1011 1215 tuerat,
1037 1136 1082 1201 ita

67 1230 178 1301 umulo
195 1228 324 1299 Etrusci
341 1228 416 1296 belli
438 1238 615 1317 aequatum.
651 1230 732 1297 aeris
753 1228 862 1319 gravis
883 1226 954 1296 tulit
973 1229 1008 1296 in
1029 1250 1145 1299 ae-141

67 1328 168 1395 arium
185 1333 326 1393 trecenta
342 1324 501 1412 octogiuta
516 1324 619 1405 milia3
639 1324 760 1415 reliquo
781 1347 854 1392 aere
875 1325 987 1392 aedom
1003 1320 1082 1392 For·
1184 1345 1188 1351 ·

67 1420 331 1489 bdortnnsede
352 1419 510 1485 manubia
531 1414 708 1497 faciendam
724 1420 843 1487 locavit
855 1440 953 1508 prope
971 1421 1082 1487 aedem
1242 1482 1246 1489 ,

67 1519 121 1584 ius
141 1517 220 1582 deae
241 1513 283 1582 ab
305 1536 380 1602 rege
399 1512 510 1581 Servio
533 1515 639 1582 nuno
661 1515 850 1583 dedicatam:
878 1524 910 1582 st
929 1514 1081 1582 militibus
1100 1534 1132 1583 15
1249 1548 1253 1553 ·

67 1635 90 1678 x
108 1609 226 1698 praeda
243 1617 392 1677 centenos
410 1608 503 1676 binos
521 1631 610 1676 asses
632 1619 663 1675 et
681 1609 812 1677 alterum
834 1618 956 1676 tantum
973 1618 1082 1676 centu-

67 1703 193 1772 ionibus
211 1713 306 1790 atque
329 1702 486 1789 equitibus
508 1702 702 1791 malignitate
725 1700 865 1792 collegae
885 1701 1006 1792 gratius
1029 1725 1081 1769 sc-

67 1796 240 1886 ipientibus
261 1820 375 1864 munus
398 1797 515 1864 divisit
548 1797 643 1864 favor
661 1797 799 1864 considis
821 1806 940 1864 tutatus
962 1797 1003 1863 ad
1024 1817 1131 1884 po-16

67 1893 162 1960 ulum
179 1902 228 1957 est
244 1893 285 1957 L.
303 1891 518 1971 Postumium,
545 1890 684 1979 legatum
702 1893 783 1972 eius,
810 1891 867 1978 qui
887 1892 971 1958 dieta
992 1891 1044 1958 dis
1061 1915 1081 1958 a

67 1987 96 2053 l.
117 1984 248 2054 Scantio
270 1986 395 2052 tribuno
416 1985 519 2073 plebis
540 1985 666 2074 fugerat
686 1985 720 2052 in
741 1985 911 2075 legatione,
936 1995 974 2053 ut
994 1985 1080 2054 fama

67 2080 186 2163 erebat,
212 2079 322 2168 populi
342 2078 509 2160 iudicium
533 2080 705 2166 iactarique
727 2081 829 2169 magis
855 2103 952 2169 quam
972 2081 1081 2170 peragi

67 2173 209 2242 causatio
227 2173 294 2242 eius
311 2182 442 2261 poterat.

112 2266 341 2335 XXXXVE
366 2267 491 2335 Exacto
503 2268 567 2334 iam
584 2287 666 2335 anno
679 2269 754 2335 novi
767 2268 998 2356 tribuniplebis
1013 2290 1081 2335 ma·
1099 2292 1112 2339 1
1252 2268 1255 2287 ⁴

67 2366 217 2446 istratum
240 2363 387 2444 inierant,
413 2364 526 2450 hisque
547 2364 639 2451 ipsis,
667 2366 742 2451 qnia
762 2365 839 2432 vitio
865 2365 1078 2444 creauerunt,

67 2458 189 2547 uirque
205 2467 278 2547 post
296 2458 363 2524 dics
382 2456 435 2524 alii
452 2457 586 2525 suffecti.
621 2458 756 2527 lustrum
774 2458 933 2528 conditum
947 2482 985 2526 eo
998 2482 1079 2526 anno
1098 2479 1113 2527 2

67 2563 99 2620 st
119 2577 141 2620 a
161 2550 201 2618 P.
222 2552 369 2620 Cornelio
386 2552 523 2634 Arvina,
552 2550 590 2621 C.
608 2550 730 2621 Marcio
752 2551 861 2622 Rutilo
883 2554 1078 2623 censoribus:

67 2670 148 2714 ensa
169 2649 308 2734 capitum
330 2647 417 2714 milia
441 2647 578 2714 duom
599 2649 765 2737 sexnffssntu
781 2649 847 2715 duo
873 2658 1012 2716 trecenta
1033 2651 1080 2714 vi·

67 2743 130 2809 inti
148 2764 256 2808 unum.
292 2762 440 2809 censores
455 2741 599 2808 vicesimi
621 2743 702 2809 sexti
719 2743 865 2832 oprimis
886 2741 1077 2821 censoribus,

67 2845 185 2903 istrum
201 2836 471 2904 undevicesimum
488 2835 557 2903 fuit.

115 2932 243 2998 Eodem
261 2955 344 2999 anno
362 2932 503 2999 coronati
515 2931 651 3018 primum
664 2932 705 3000 ob
718 2957 768 3001 res
782 2934 865 3001 bello
878 2933 960 3002 bene
971 2942 1079 3022 gestos
1098 2954 1113 3001 3

67 3028 143 3094 idos
156 3025 318 3093 Romanos
337 3035 526 3113 spectarunt,
544 3025 730 3113 palmaeque
747 3037 815 3093 tum
830 3029 966 3116 primum
980 3039 1081 3092 bans-

67 3136 112 3189 tto
141 3141 159 3186 e
182 3117 317 3187 Graecia
341 3142 428 3187 more
454 3119 623 3187 victoribus
651 3121 751 3187 datae.
793 3122 904 3188 eodem
929 3143 1012 3186 anno
1038 3119 1114 3189 abt

67 3212 206 3284 edilibus
225 3214 400 3294 ouudibus,
418 3215 474 3299 qui
491 3235 546 3280 eos
563 3215 654 3282 ludos
672 3215 827 3295 fecerunt,
850 3214 1012 3282 damnatis
1023 3214 1080 3280 ali-

67 3318 129 3377 uot
145 3308 301 3396 pecuariis
318 3308 371 3375 via
384 3332 405 3375 a
415 3306 531 3376 Martis
545 3307 632 3375 silice
645 3309 686 3376 ad
698 3306 839 3376 Bovillas
852 3317 1007 3396 perstrata
1020 3318 1077 3375 est.

116 3401 258 3470 Comitia
279 3403 456 3470 consularia
475 3401 518 3471 L.
541 3400 690 3492 Papirius
711 3402 835 3471 habuit:
862 3403 979 3470 creavit
1004 3426 1112 3474 con-5

67 3499 137 3567 ales
158 3495 199 3581 Q„
217 3496 354 3564 Fabium
369 3497 507 3564 Maximi
522 3496 546 3563 f.
566 3494 735 3587 Gurgitem
751 3508 784 3565 et
799 3498 843 3565 D.
855 3499 985 3565 Iunium
997 3499 1080 3566 Bru-

67 3614 117 3660 rm
137 3587 293 3657 Scaevam
298 3617 309 3672 ;
326 3593 396 3680 ipse
412 3591 561 3679 Papirius
576 3603 702 3680 praetor
717 3593 830 3660 factus.

113 3682 228 3753 Multis
246 3685 342 3752 rebus
359 3687 460 3753 laetus
479 3708 580 3753 annus
597 3685 652 3752 vix
669 3686 710 3754 ud
723 3687 875 3755 solacium
886 3689 980 3754 unius
993 3687 1077 3766 mali,
1098 3709 1112 3756 6

67 3779 248 3848 estilentiae
274 3780 394 3847 urentis
420 3781 514 3848 simul
538 3781 650 3849 urbem
676 3792 769 3870 atque
800 3807 908 3872 agros,
945 3780 1079 3860 suffecit,

67 3882 258 3960 ortentoqns
273 3875 339 3941 iam
357 3873 467 3941 similis
485 3875 590 3943 clades
609 3887 689 3944 erute
707 3888 738 3945 et
754 3878 826 3946 libri
843 3876 932 3955 aditi,
950 3876 1081 3961 quinem

67 3970 203 4133 nilsdviapotl
220 3969 309 4134 pund
329 3969 503 4037 remedium
524 3971 591 4038 eius
613 3971 689 4039 mali
710 3973 751 4041 ab
773 3974 834 4039 diis
856 3973 990 4126 dp5retur.
1028 3971 1113 4040 int
