2566 4524
390 251 509 307 usuum
525 252 596 325 vu,
614 252 656 308 15.
675 251 826 325 [sesua]
1060 245 1125 312 365
1183 320 1187 330 ,

158 409 238 477 XV.
282 408 399 475 Acrius
425 409 569 476 invasere
597 407 682 476 Galli
707 410 853 476 <sexuum
879 433 989 491 cornu,
1020 436 1158 499 neques

108 503 243 572 sustineri
258 503 449 592 potuissent,
467 504 501 568 ni
518 504 599 570 forte
617 527 654 571 eo
672 504 741 570 loco
755 505 887 571 dictator
900 505 1027 587 fuisset,
1047 506 1123 575 Sem

109 598 238 665 Tullium
253 597 380 665 nomine
397 596 561 685 increpans
579 598 796 686 rogitansque:
816 600 914 666 sicine
926 611 1122 690 pugnaturos

108 693 209 760 milites
229 691 469 781 spopondisset?
493 692 549 759 ubi
570 693 616 765 illi
634 693 786 760 clamores
805 694 868 760 sint
885 719 974 761 arma
990 719 1157 782 poscens

108 787 188 866 tium,
215 787 272 854 ubi
294 787 412 865 minse,
438 786 561 852 iniussu
581 787 777 875 imperatoris
799 789 953 875 proelium
974 790 1126 861 inituros?

110 905 139 949 en
157 884 264 969 ipsum
284 882 503 969 imperatorem
526 882 611 948 clara
632 905 710 951 voce
733 905 846 950 vocare
864 885 906 951 ad
921 887 1076 973 proelium
1094 897 1126 953 et

109 976 142 1042 ire
158 985 314 1043 armatum
331 985 404 1042 ante
420 976 522 1063 prima
539 975 645 1064 signal
672 977 779 1062 ecquis
802 989 984 1063 sequeretur
1005 1002 1123 1061 eorum,

109 1073 152 1157 qui
172 1071 267 1137 modo
290 1071 414 1137 ducturi
436 1070 565 1150 fuerint,
591 1071 624 1136 in
647 1072 756 1139 castris
775 1072 911 1154 feroces,
932 1074 966 1140 in
984 1076 1050 1141 acie
1068 1099 1124 1162 pa·

109 1167 178 1232 uidi?
203 1202 248 1215 —
273 1189 348 1232 vera
372 1166 556 1233 audiebant:
590 1166 697 1252 itaque
724 1177 826 1234 tantos
851 1170 955 1256 pudor
980 1169 1123 1236 stimulos
1143 1183 1157 1230 s

109 1261 249 1340 admovit,
276 1271 312 1326 ut
332 1272 458 1327 ruerent
479 1262 512 1326 in
533 1261 672 1328 hostium
693 1262 756 1328 tela
777 1263 917 1330 alienatis
936 1287 957 1328 a
973 1265 1124 1330 memoria

107 1355 226 1441 periculi
243 1355 365 1422 animis.
401 1356 454 1422 hic
470 1357 572 1443 primo
590 1356 726 1444 impetus
744 1380 842 1444 prope
859 1380 968 1424 vecors
987 1359 1125 1425 turbavit

109 1448 219 1529 hostes,
239 1473 335 1536 eques
353 1450 466 1517 deinde
484 1451 618 1517 emissus
637 1450 778 1518 turbatos
796 1453 917 1518 avertit
943 1453 1012 1539 ipse
1026 1453 1125 1519 dicta—
1141 1475 1159 1522 4

109 1553 156 1625 tor,
176 1553 345 1632 postquem
361 1543 521 1611 labantem
543 1568 606 1612 una
626 1555 715 1633 perte
737 1546 815 1612 vidit
836 1547 950 1626 aciem,
979 1548 1070 1636 signa
1091 1549 1126 1612 in

107 1637 222 1706 lnevum
248 1663 346 1707 cornu
371 1639 506 1718 confert,
537 1662 600 1726 quo
627 1640 751 1706 turbam
775 1642 914 1708 hostium
940 1641 1125 1731 congregari

107 1734 258 1814 cernebat,
286 1745 318 1801 et
337 1734 377 1800 iis
400 1734 456 1820 qui
476 1735 509 1800 in
530 1743 636 1804 monte
658 1744 746 1801 erant
764 1736 891 1824 signum
908 1736 994 1821 quod
1011 1759 1126 1802 conve-

105 1840 185 1896 nerat
205 1830 301 1896 dedit.
336 1828 393 1896 ubi
413 1829 486 1894 inde
504 1851 629 1914 quoque
647 1851 748 1895 novus
767 1829 883 1898 clamor
901 1839 988 1896 ortus
1007 1839 1039 1896 et
1055 1839 1156 1900 ten-5

106 1923 170 1992 dere
197 1925 325 2011 obliquo
350 1934 456 1992 monte
483 1927 525 1991 ed
550 1935 653 1992 castra
676 1923 838 1992 Gallorum
861 1926 921 1995 visi
943 1935 1030 2006 sunt,
1058 1935 1125 1992 tum

104 2029 197 2100 metu,
214 2043 256 2087 ne
269 2019 517 2101 excluderentur,
536 2020 654 2088 omissa
665 2044 773 2109 pugna
786 2029 835 2086 est
848 2043 1004 2106 cursuque
1022 2021 1124 2086 effuso

104 2116 138 2182 sd
155 2125 259 2182 castra
276 2115 465 2182 ferebantur.
501 2115 556 2181 ubi
574 2137 647 2181 cum
660 2115 846 2182 occurrisset
860 2116 905 2182 eis
917 2114 966 2182 M
976 2114 1123 2182 Valerius
1142 2136 1157 2184 o

102 2209 248 2298 magister
260 2210 414 2296 equitum,
432 2210 487 2295 qui
500 2209 666 2297 profligato
680 2208 789 2274 dextro
808 2231 905 2275 cornu
922 2209 1125 2294 obequitabat

102 2301 235 2370 bostium
251 2303 467 2383 munimentis,
486 2304 528 2369 ad
544 2311 667 2368 montes
686 2301 844 2388 silvasque
863 2311 989 2368 vertunt
1002 2303 1124 2390 fugam,

100 2398 285 2486 plurimique
302 2398 346 2465 ibi
363 2422 384 2465 a
400 2397 505 2464 fallaci
523 2397 664 2483 equitum
682 2397 786 2484 specie
800 2396 1055 2484 agasonibusque
1069 2419 1125 2462 ex·
1143 2418 1157 2465 s

101 2493 178 2580 cepti
205 2501 289 2559 sunt.
325 2502 500 2572 eteorum,
527 2514 608 2578 quos
633 2514 733 2578 paror
757 2490 933 2579 perculerat
957 2491 991 2556 in
1017 2490 1124 2570 silvas,

101 2595 186 2653 εἴποι
207 2587 321 2654 caedes
343 2597 416 2674 post
438 2587 582 2654 sedatum
599 2585 754 2672 proelium
770 2584 840 2651 fuit.
876 2607 936 2651 nec
953 2584 1033 2652 alius
1051 2594 1158 2672 poste

98 2678 142 2747 M.
163 2680 299 2748 Furium
320 2704 415 2767 quam
438 2679 477 2748 Ο.
497 2679 657 2769 Sulpicius
683 2680 846 2746 iustiorem
871 2679 912 2746 de
934 2676 1037 2748 Gallis
1059 2680 1124 2768 egit

99 2776 301 2863 triumphum.
337 2777 405 2842 auri
422 2798 546 2863 quoque
560 2799 601 2842 ex
611 2773 741 2842 Gallicis
756 2774 865 2863 spoliis
878 2775 955 2842 satis
973 2798 1125 2864 magnum

97 2872 221 2958 pondus
240 2893 317 2936 saxo
336 2871 487 2956 quadrato
506 2879 650 2958 saeptum
666 2871 701 2935 in
719 2867 877 2957 Capitolio
894 2870 1039 2937 sacravit.

159 2964 288 3032 Eodem
310 2987 393 3032 anno
416 2975 447 3032 et
468 2989 488 3031 a
509 2965 690 3031 consulibus
712 2964 800 3030 vario
822 2974 938 3032 eventu
962 2963 1124 3032 bellatum.
1143 2982 1158 3032 s

96 3084 170 3127 nam
183 3058 319 3126 Hernici
334 3083 354 3125 a
367 3058 406 3127 Ο.
419 3058 546 3126 Plautio
564 3059 680 3126 devicti
698 3058 882 3145 subactique
900 3067 986 3138 sunt,
1004 3058 1124 3126 Fabius

99 3153 220 3242 college
237 3152 306 3219 eius
323 3153 448 3220 incaute
461 3162 555 3240 atque
568 3153 744 3220 inconsulte
757 3153 909 3218 adversus
919 3151 1126 3237 Tarquinien-

96 3271 148 3316 ses
159 3247 325 3338 pugnavit.
351 3269 411 3315 nec
422 3248 457 3314 in
468 3248 536 3315 acie
549 3257 671 3314 tantum
683 3247 729 3314 ibi
741 3247 839 3313 cladis
852 3254 1017 3334 acceptum
1029 3267 1125 3330 quam
1144 3263 1176 3312 ιο

95 3343 183 3430 quod
194 3350 352 3409 trecentos
367 3351 488 3430 septem
500 3341 580 3408 milit
568 3351 615 3409 es
623 3343 785 3408 Romanos
800 3349 908 3428 captos
918 3338 1126 3425 Tarquinien-

95 3461 146 3506 ses
158 3436 372 3516 immolarunt,
385 3460 449 3548 qua
460 3437 610 3504 foeditate
623 3436 769 3524 supplicii
781 3434 961 3522 aliquanto'
951 3433 1125 3523 sgnominia

93 3532 223 3636 populi
214 3531 375 3598 Romani
365 3531 542 3643 insignitior
554 3530 624 3597 fuit
656 3530 789 3598 accessit
806 3530 848 3596 ad
865 3551 935 3596 eam
952 3528 1074 3596 cladem
1092 3537 1124 3593 et
1143 3548 1173 3595 11

94 3613 233 3694 vastatib
244 3625 383 3693 Romani
395 3626 477 3737 agri,
495 3648 592 3712 quam
602 3623 818 3704 Privernates,
836 3621 989 3692 Veliterni
1001 3622 1124 3703 deinde,

94 3720 274 3791 incursione
290 3721 452 3808 repentina
468 3721 619 3789 fecerunt.

157 3817 287 3885 Eodem
303 3840 386 3885 enno
404 3819 485 3884 duae
502 3817 617 3898 tribus,
634 3815 807 3904 Pomptina
823 3813 1016 3894 etPublilia,
1034 3812 1124 3879 addi-
1143 3831 1175 3878 12

96 3919 160 3993 tae,
187 3911 256 3979 ludi
276 3912 389 3993 votivi,
411 3934 491 3998 quos
508 3910 558 3977 M
574 3911 691 3980 Furius
714 3911 848 3980 dictator
867 3917 1010 3988 voverat,
1036 3905 1123 3972 facti

95 4005 194 4074 etde
219 4004 342 4075 ambitu
367 4003 408 4074 ab
435 4005 474 4074 Ο.
496 4004 638 4074 Poetelio
663 4005 789 4074 tribuno
814 4003 916 4094 plebis
941 3998 1122 4072 auctoribus
