2566 4524
148 264 213 330 360
356 275 474 330 Llssea
490 275 560 345 vn,
580 276 621 328 10.
636 274 676 327 11.
696 275 770 341 [aa.
783 275 966 347 aeae-mc]

148 444 272 501 scutum
289 435 388 498 imum
405 432 590 517 perculisset
607 441 733 516 totoque
752 455 880 519 corpore
892 434 1023 500 interior
1033 437 1151 523 periodo

146 528 285 594 vulneris
307 529 410 592 faetus
432 526 621 591 insinuasset
643 548 677 591 se
695 527 775 591 iuter
792 548 906 613 corpus
924 551 1083 615 armaque,
1102 555 1150 599 uno

148 624 307 706 alteroque
325 621 458 687 subinde
475 620 540 685 ictu
557 630 697 686 ventrem
715 630 809 704 atque
826 621 958 708 inguim
973 623 1077 691 bausit
1091 626 1151 691 etin

97 738 129 788 11
148 717 286 804 spatium
306 714 419 802 ingens
445 723 587 780 ruentem
612 714 751 800 porrexit
774 714 908 782 hostem.
944 717 1072 786 iacentis
1093 719 1151 784 iude

147 833 261 895 corpus
283 808 323 874 ab
346 809 431 874 omni
450 808 514 874 alia
536 808 700 874 vexatione
720 808 873 875 intactum
889 833 955 877 uno
973 821 1079 898 torque
1093 836 1151 900 spo·

98 925 129 974 12
146 905 249 983 licvit,
267 925 362 988 quem
377 925 557 989 respersum
575 925 683 969 cruore
701 904 781 968 collo
799 905 1008 971 circumdedit
1024 929 1085 975 suo
1105 908 1150 973 de

147 999 258 1064 fixerat
274 1020 374 1083 pavor
390 1019 462 1063 cum
480 997 683 1063 admiratione
699 995 823 1064 Gallos:
839 998 979 1066 Romani
996 1000 1147 1068 alacruab
1189 998 1191 1005 ’

148 1093 280 1159 statione
303 1093 431 1159 obviam
452 1092 543 1157 militi
561 1114 618 1157 suo
635 1092 809 1179 progressi,
830 1093 1026 1179 gratulantes
1041 1095 1149 1161 laudan·
1188 1120 1191 1161 :

98 1196 257 1272 latasque
284 1188 325 1253 ad
351 1187 532 1252 dictatorem
558 1187 741 1271 perducunt
776 1188 857 1252 inter
878 1189 1052 1255 carminum
1070 1210 1149 1276 prope
1189 1192 1191 1263 ζ

102 1353 105 1357 ,
146 1284 276 1348 modum
293 1281 451 1347 incondita
468 1281 623 1365 quaedam
639 1280 811 1346 militariter
826 1281 1002 1349 ioculantes
1020 1283 1149 1369 Torquati

147 1398 323 1464 cognomen
339 1376 480 1441 auditum
485 1401 494 1455 3
518 1375 707 1441 celebratum
726 1375 837 1442 deinde
854 1378 990 1462 posteris
1009 1378 1097 1444 etiam
1114 1377 1150 1442 fa·

97 1487 131 1538 lt
147 1473 314 1556 miliaeque
339 1471 449 1535 honori
474 1469 543 1534 fuit.
580 1469 712 1536 dictator
733 1492 880 1536 coronam
902 1494 1030 1537 auream
1051 1471 1150 1538 addidit

147 1564 265 1630 donum
281 1564 431 1647 mirisque
447 1586 505 1650 pro
522 1564 665 1630 contione
684 1585 754 1629 eam
770 1586 911 1650 pugnam
928 1565 1074 1632 laudibus
1086 1565 1148 1630 tulit

113 1675 128 1726 1
211 1658 275 1723 XL
310 1657 355 1723 Et
380 1657 505 1723 hercule
531 1658 609 1722 tanti
635 1681 673 1722 ea
698 1658 739 1722 ad
763 1657 902 1723 universi
926 1657 1003 1726 belli
1025 1669 1150 1726 eventum

146 1753 296 1819 momenti
318 1751 475 1818 dimicatio
497 1752 571 1830 fuit,
598 1761 632 1816 ut
655 1748 819 1817 Gallorum
845 1753 1001 1819 exercitus
1026 1755 1149 1840 maxims

147 1857 238 1914 nocte
263 1847 379 1912 relictis
406 1846 525 1932 trepide
552 1847 661 1912 castris
687 1846 721 1910 in
747 1846 910 1912 Tiburtem
936 1871 1049 1935 agrum
1073 1859 1149 1933 atque

146 1943 234 2020 inde,
262 1942 410 2007 societate
431 1940 506 2006 belli
527 1940 612 2005 facta
633 1950 870 2026 commeatuque
892 1941 1029 2030 benigne
1051 1943 1089 2010 ab
1108 1942 1149 2008 Ti·

112 2034 289 2101 aburtibus
312 2034 451 2111 adiutus,
478 2056 553 2098 mox
573 2035 607 2098 in
626 2033 832 2120 Campaniam
853 2036 1019 2103 transierit.
1055 2060 1090 2102 ea
1104 2036 1150 2101 fuit

147 2150 255 2206 causa,
275 2149 331 2193 cur
346 2128 490 2213 proximo
503 2151 585 2193 anno
599 2127 637 2195 O.
646 2128 805 2195 Poetelius
818 2129 939 2195 Balbus
954 2131 1076 2208 consul,
1094 2151 1150 2195 cnm

147 2221 286 2309 collegae
307 2221 374 2287 eius
396 2221 444 2286 M.
466 2221 567 2287 Fabio
585 2221 744 2288 Ambusto
762 2223 893 2288 Hernici
913 2225 1075 2310 provincia
1095 2243 1150 2288 eve·

145 2317 257 2394 nisset,
277 2316 426 2382 adversus
446 2316 593 2382 Tiburtes
611 2316 701 2381 iussu
717 2317 825 2403 populi
842 2319 1014 2383 exercitum
1032 2308 1157 2384 duceret'

112 2411 187 2476 aad
213 2432 345 2494 quorum
372 2411 522 2475 auxilium
544 2432 616 2475 cum
639 2408 724 2475 Galli
746 2433 786 2475 ex
808 2409 983 2498 Campania
1004 2413 1148 2484 redissent

145 2505 257 2571 foedae
274 2505 485 2592 populationis
503 2506 536 2568 in
552 2504 717 2570 Labicano
735 2504 978 2590 Tusculanoque
998 2517 1029 2570 et
1040 2505 1149 2571 Albano

111 2617 128 2663 4
146 2623 222 2687 agro
239 2600 325 2665 haud
343 2599 436 2664 dubie
454 2598 638 2663 Tiburtibus
657 2599 789 2664 ducibus
809 2608 881 2665 sunt
898 2600 1011 2665 factae.
1047 2610 1151 2664 etcum

146 2697 297 2760 adversus
312 2693 476 2758 Tiburtem
494 2693 617 2758 hostem
635 2694 714 2757 duce
733 2693 859 2758 consule
878 2703 1090 2760 contenturos
1106 2715 1151 2778 pu·

145 2788 229 2854 blica
250 2796 347 2864 esset,
377 2785 517 2851 Gallicus
545 2786 695 2851 tumultus
722 2788 903 2852 dictatorem
930 2789 1030 2853 creari
1055 2786 1151 2873 coegit

146 2891 268 2946 creatus
301 2880 341 2963 Q.
374 2878 525 2946 Servilius
556 2881 662 2946 Ahala
692 2882 731 2946 T.
763 2881 946 2964 Quinctium
981 2883 1151 2970 magistrum

147 2975 287 3060 equitum
314 2975 393 3041 dixit
419 2985 450 3041 et
476 2999 515 3040 ex
542 2977 723 3041 auctoritate
749 2986 887 3060 patrum,
916 2977 943 3041 si
964 2999 1109 3063 prospere
1127 2971 1151 3039 id

112 3069 263 3138 abellam
281 3071 449 3148 evenisset,
472 3070 563 3135 ludos
582 3093 714 3156 magnos
733 3071 827 3134 vovit.
864 3070 1012 3148 dictator,
1036 3071 1075 3135 ad
1092 3091 1151 3134 con·

145 3165 288 3232 tinendos
314 3167 439 3252 proprio
466 3164 548 3230 bello
570 3163 710 3230 Tiburtis
738 3163 893 3229 consulari
919 3165 1060 3229 exercitu
1079 3165 1150 3228 iusso

145 3282 284 3338 manere,
304 3282 411 3325 omnes
424 3259 570 3335 iuniores,
589 3258 675 3323 nullo
688 3258 878 3322 detractante
892 3258 1045 3336 militiam,
1065 3279 1150 3323 sacra·

111 3362 249 3423 amento
272 3353 387 3438 adegit.
422 3358 597 3439 pugnatum
618 3351 703 3416 haud
724 3351 832 3437 procul
857 3362 947 3436 porta
970 3350 1093 3417 Collina
1114 3357 1150 3414 est

144 3447 240 3511 totius
262 3445 381 3512 viribus
403 3446 489 3512 urbis
511 3446 544 3531 in
566 3455 735 3531 conspectu
751 3454 916 3530 parentum
934 3446 1149 3532 coniugumque

144 3563 181 3606 ac
201 3539 384 3618 liberorum,
412 3562 492 3625 quae
514 3564 629 3626 magna
651 3540 744 3605 etiam
766 3539 948 3605 absentibus
970 3539 1149 3606 hortamenta

143 3632 239 3699 animi
262 3643 328 3698 tum
350 3632 491 3700 subiecta
508 3632 605 3698 oculis
625 3633 717 3698 simul
735 3632 922 3698 verecundia
939 3632 1150 3699 misericordis·
1179 3626 1182 3631 ’

110 3748 205 3814 rque
227 3728 358 3793 militem
379 3728 600 3794 accendebant.
636 3751 752 3814 magna
777 3728 932 3811 utrimque
960 3729 1045 3794 edita
1069 3725 1147 3793 caede

143 3822 293 3888 avertitur
310 3823 436 3887 tandem
454 3823 537 3888 acies
553 3819 724 3887 Gallorumss
752 3821 830 3908 fuga
844 3821 945 3887 Tibur
963 3823 1044 3888 sicut
1061 3839 1146 3886 arcem

18 3922 22 3929 '
141 3917 216 3984 belli
231 3915 344 3985 Gallici
360 3926 483 4003 petuntz
505 3917 601 4003 palati
619 3941 638 3981 a
656 3915 783 3982 consule
795 3914 937 3981 Poetelio
955 3916 1041 3981 haud
1055 3906 1146 4002 procul

143 4009 260 4079 Tibure
287 4013 421 4098 excepti,
449 4011 583 4098 egressis
612 4010 652 4076 ad
678 4032 770 4096 opem
797 4008 958 4076 ferendam
981 4004 1145 4075 Tiburtibus
