2566 4524
261 223 264 230 ’
362 233 482 293 niusa
498 198 643 309 vum'r.
660 237 887 312 [scaenam]
1075 231 1136 300 441

114 393 209 452 foedus
233 391 398 448 restitutum
421 397 479 462 est,
504 409 642 465 prospere
666 399 763 465 gestas
783 395 918 452 eontinet.
954 394 1004 454 Cn.
1022 399 1140 458 Flavius
1209 441 1214 451 .

113 472 215 542 scriba,
233 469 370 527 libertino
387 474 588 542 patronatus,
611 471 713 526 aedibs
732 472 838 528 curulis
856 473 911 528 fuit
926 492 979 547 per
996 475 1140 534 forensem

112 550 262 607 factionem
280 553 409 620 creatus,
432 564 509 622 quae
527 566 591 604 cum
609 549 725 606 comitia
738 556 769 606 et
782 568 911 624 campum
923 554 1054 610 turbaret
1067 556 1140 611 etin

111 627 148 683 his
156 633 280 699 propter
288 627 391 682 nimias
400 626 476 683 vires
486 627 687 698 dominaretur,
707 645 725 684 a
736 628 769 694 Q.
778 629 872 686 Fabio
886 647 1006 687 censore
1018 632 1049 687 in
1059 639 1139 703 quat·

110 710 168 761 tuor
177 705 272 761 tribus
281 705 402 760 redacta
411 710 468 776 est,
483 721 556 779 quas
564 706 690 761 urbanas
700 707 870 777 appellavit,
888 724 980 781 eaque
990 725 1036 764 res
1045 710 1139 766 Fabio

109 783 228 839 Maximo
248 799 352 837 nomen
366 782 455 839 dedit.
482 781 512 836 in
526 783 582 838 hoe
596 782 670 839 libro
684 784 859 840 mentionem
871 787 961 843 habet
971 785 1138 859 Alexandri,

111 859 343 932 quitemporibus
353 859 398 914 his
407 859 471 930 fuit,
486 864 516 915 et
524 859 681 916 aestimatis
690 863 790 932 populi
799 863 921 918 Romani
930 864 1056 934 viribus,
1064 880 1138 936 quac

110 943 171 992 tunc
185 942 283 1008 erant,
302 936 426 1008 colligit,
447 936 471 991 si
479 935 643 993 Alexander
656 939 808 994 inItaliam
820 940 994 1012 traiecisset,
1011 948 1138 997 nontam

109 1014 219 1071 facilem
233 1015 262 1070 ei
270 1013 419 1069 victoriam
429 1016 465 1071 de
474 1015 583 1087 populo
593 1017 723 1071 Romano
733 1015 795 1072 fors
807 1018 937 1089 quamde
946 1017 982 1073 iis
991 1019 1135 1090 gentibus,

111 1109 175 1164 quas
187 1092 224 1147 ad
236 1090 383 1147 Orientem
391 1091 511 1163 imperio
522 1109 574 1147 suo
585 1093 772 1164 subiecerat]

490 1432 607 1513 TITI
632 1433 756 1514 LIVI

354 1599 422 1660 AB
452 1600 597 1661 varra
632 1600 887 1664 11011111

494 1773 622 1832 LIBER
644 1773 750 1833 VIIII.

166 1905 194 1970 I.
231 1902 383 1988 Sequitur
403 1904 487 1969 hunc
510 1913 631 1970 annum'
648 1906 762 1971 nobilis
781 1906 869 1971 clade
886 1905 1031 1972 Romana
1050 1904 1167 1977 Cau-1

56 2052 62 2057 .
110 1999 180 2065 dina
198 2023 260 2086 pax
284 1999 322 2064 Τ.
341 1997 474 2065 Veturio
498 1999 646 2080 Calvino,
674 1999 731 2088 Sp.
753 2001 919 2069 Postumio
941 2002 1133 2069 oonsulibus.

109 2091 264 2162 Samnites
284 2116 322 2159 eo
340 2117 422 2160 anno
434 2094 655 2181 imperatorem
669 2091 707 2162 C.
717 2096 867 2164 Pontium
879 2097 1022 2164 Herenni
1034 2098 1133 2164 filium
1152 2121 1168 2168 2

106 2189 289 2268 babuerunt,
299 2199 387 2276 patre
395 2190 490 2278 longe
498 2191 743 2277 prudentissimo
751 2203 869 2271 natum,
879 2194 1016 2279 primum
1029 2194 1134 2280 ipsum

105 2283 285 2352 bellatorem
303 2285 488 2370 ducemque.
524 2287 566 2364 is,
584 2285 640 2351 ubi
655 2284 764 2372 legati,
784 2287 839 2371 qui
851 2288 893 2352 ad
906 2287 1065 2354 dedendas
1083 2310 1133 2353 res
1152 2308 1170 2355 a

103 2381 191 2446 missi
209 2389 312 2458 erant,
338 2402 418 2467 pace
434 2382 552 2448 infecta
573 2381 744 2447 redierunt:
773 2386 827 2447 ‘ne
848 2381 926 2447 nihil
948 2382 1065 2448 actum’
1087 2383 1134 2447 in·

103 2476 169 2560 quit
196 2475 275 2541 ‘hac
296 2475 453 2562 legatione
475 2477 643 2555 censeatis,
667 2476 827 2562 expiatum
849 2486 898 2542 est
919 2476 1073 2562 quidquid
1095 2499 1135 2542 ex

103 2569 229 2636 foedere
251 2580 343 2657 rupto
365 2570 481 2636 irarum
502 2571 536 2635 in
557 2593 616 2637 nos
639 2571 821 2637 caelestium
846 2570 916 2637 fuit.
952 2571 1029 2638 satis
1057 2572 1132 2650 scio,
1151 2591 1168 2638 4

101 2665 354 2750 quibuscumque
372 2665 432 2731 diis
450 2666 536 2732 cordi
553 2666 626 2744 fuit,
651 2666 755 2754 subigi
772 2689 830 2732 nos
854 2666 895 2731 ad
914 2665 1134 2732 necessitatem

100 2753 243 2826 dedendi
258 2783 325 2839 res,
353 2781 434 2845 quae
456 2759 496 2826 ab
519 2760 611 2827 nobis
630 2784 670 2826 ex
686 2761 814 2828 foedere
830 2760 981 2848 repetitae
998 2760 1132 2839 fuerant,

55 2872 59 2881 ·
97 2853 127 2920 is
148 2876 217 2921 non
237 2853 338 2921 fuisse
356 2855 442 2920 cordi
460 2863 524 2920 tam
543 2855 678 2942 superbe
695 2855 735 2922 ab
753 2855 906 2923 Romanis
925 2853 1061 2922 foederis
1079 2877 1133 2919 ex-

97 2949 273 3037 piationem
299 2957 446 3035 spretam.
482 2950 560 3034 quid
586 2953 668 3017 enim
694 2951 776 3017 ultra
801 2951 870 3016 fieri
895 2952 934 3016 ad
961 2950 1168 3038 placandoso

98 3045 176 3110 deos
195 3043 448 3130 mitigandosque
469 3044 613 3111 homines
635 3045 736 3132 potuit
758 3066 853 3128 quam
875 3045 961 3128 quod
977 3068 1036 3110 nos
1055 3045 1139 3133 feci-1

99 3138 193 3204 musi
207 3161 260 3204 res
278 3137 417 3204 hostium
429 3139 464 3204 in
475 3141 594 3226 praeda
608 3150 725 3227 captas,
744 3160 825 3223 quae
837 3138 913 3204 belli
925 3138 992 3202 iure
1006 3145 1131 3201 nostrae

97 3230 298 3311 videbantur,
315 3231 508 3312 remisimus,
527 3244 669 3300 auctores
688 3233 775 3310 belli,
794 3233 869 3317 quia
886 3231 977 3296 vivos
994 3252 1058 3295 non
1074 3253 1132 3316 po-
1150 3253 1165 3300 6

97 3326 234 3405 tuimus,
260 3326 443 3414 perfunctos
466 3326 613 3394 iamfato
631 3325 823 3404 dedidimus,
846 3323 930 3391 bona
947 3346 1069 3402 eorum,
1091 3346 1132 3389 ne

96 3421 177 3507 quid
199 3443 241 3487 ex
262 3423 449 3510 contagione
470 3444 573 3488 noxae
596 3430 770 3488 remaneret
785 3440 884 3506 penes
901 3441 974 3497 nos,
997 3417 1133 3484 Romam

94 3515 305 3602 portavimus.
341 3517 418 3602 quid
436 3517 516 3582 ultra
534 3516 782 3605 tibi,¹R0mane‚
806 3513 883 3598 quid
899 3512 1031 3592 foederi,
1055 3513 1131 3597 quid
1150 3536 1165 3582 r

94 3610 159 3676 diis
187 3609 312 3677 arbitris
338 3611 474 3678 foederis
501 3611 620 3677 debeo?
650 3633 745 3695 quem
770 3609 827 3676 tibi
854 3620 978 3676 tuarum
1003 3609 1129 3687 irarum,

95 3726 195 3792 quem
221 3726 364 3771 meorum
391 3706 615 3794 suppliciorum
645 3706 781 3771 iudicem
811 3703 939 3784 feram,‘
961 3704 1130 3781 neminem,

94 3821 203 3885 neque
220 3799 372 3888 populum
388 3823 492 3886 neque
508 3802 679 3888 privatum,
698 3800 796 3888 fugio.
824 3801 909 3886 quod
922 3799 950 3866 si
962 3798 1040 3863 nihil
1058 3819 1130 3863 cum
1147 3809 1163 3858 8

93 3893 275 3983 potentiore
294 3894 372 3961 iuris
393 3895 523 3962 humani
543 3896 727 3981 relinquitur
742 3896 843 3982 inopi,
867 3904 899 3961 at
916 3916 976 3980 ego
994 3892 1035 3957 ad
1053 3891 1128 3956 deos

93 3988 243 4054 vindices
259 3988 471 4057 intolerandae
489 3989 654 4077 superbiae
672 3990 853 4076 confugiam
871 3996 902 4054 et
913 3984 1074 4073 precabor,
1094 3995 1129 4050 ut
1147 3997 1161 4047 a
