2566 4524
265 260 386 317 uranu
401 260 487 332 vm,
504 260 546 316 aa.
559 253 601 316 aa
621 263 660 331 [a.
673 257 860 335 oasa-mr]
1017 251 1080 339 421

63 445 124 492 >um
139 421 275 487 relatum
293 427 379 486 esset
395 443 415 484 a
434 416 578 498 Graecis,
597 428 691 507 gente
708 419 818 507 lingua
834 421 937 508 magis
955 431 1082 493 strenua

63 536 145 604 [uam
163 515 271 592 factis,
294 515 385 580 ferox
401 537 602 600 responsum,
626 537 666 580 ex
684 515 866 582 auctoritate
883 524 1007 602 patrum
1024 541 1081 605 po-
1127 564 1130 569 ·

63 611 142 678 tulus
169 608 414 696 Palaepolitanis
441 608 559 675 bellum
584 608 653 673 fieri
678 609 778 674 iussit.
822 609 904 675 inter
933 613 1079 678 consules
1098 604 1131 684 ι’

63 705 218 772 ιιοιιίιιοὶίι
246 703 422 789 conparatis
453 702 536 769 bello
564 698 679 769 Graeci
707 705 917 789 persequendi
942 704 1079 772 Publilio

63 808 236 878 evenerunt,
261 796 427 865 Cornelius
450 796 548 863 altero
570 797 710 862 exercitu
728 795 940 877 Samnitibus,
968 801 1080 885 siqua

63 917 83 962 te
112 902 291 971 moverent,
323 892 496 979 oppositus.
541 891 628 959 fama
658 901 763 958 autem
794 902 874 972 erat,
911 893 1080 962 defectioni
1098 917 1130 965 ιο

63 988 287 1076 lampanorum
304 987 491 1052 inminentes
510 986 691 1052 admoturos
709 995 821 1053 castra.
851 986 897 1053 ibi
915 998 1079 1075 optumum

63 1084 153 1150 isum
172 1081 321 1148 Cornelio
340 1079 454 1146 stativa
469 1080 596 1147 habere.

111 1175 252 1242 XXIII.
283 1173 337 1241 Ab
352 1185 484 1259 utroque
499 1174 627 1240 consule
641 1174 788 1262 exiguam
803 1197 891 1261 spem
904 1175 991 1262 pacis
1006 1199 1079 1243 cum
1098 1201 1111 1247 1

63 1269 247 1338 >mutibus
274 1291 345 1335 esse
371 1269 484 1336 certior
504 1269 541 1334 fit
561 1279 651 1334 senat
651 1291 703 1334 us:
729 1267 885 1334 Publilius
909 1270 971 1335 duo
993 1271 1085 1336 milia

63 1364 242 1431 lolunorum
259 1363 442 1428 militumtet
459 1371 606 1448 quattuor
625 1360 815 1429 Samnitium
833 1364 934 1450 magis
948 1363 1078 1431 Nolanis

63 1457 235 1547 ogentibus
254 1479 350 1542 quam
363 1457 504 1523 voluntat
505 1454 730 1525 eGraecorum
747 1466 874 1546 recepta
882 1457 1078 1545 Palaepolim

63 1554 177 1620 emerat
194 1551 330 1637 (Romae
345 1552 557 1639 conpertum),
577 1550 743 1618 Cornelius
758 1553 851 1618 dilect
839 1562 907 1618 tum
923 1553 1077 1620 indictum
1095 1577 1110 1623 2

63 1646 322 1735 ‚magistratibus
341 1648 584 1732 universumque
603 1645 769 1715 Samnium
788 1657 926 1715 erectum
944 1671 982 1715 ac
1003 1648 1080 1714 vici-

63 1765 104 1809 tos
127 1741 278 1828 populos,
300 1740 518 1807 Privernatem
535 1740 787 1827 Fundanumque
811 1753 842 1809 et
862 1742 1077 1821 Formianum,

63 1839 135 1904 aud
153 1836 302 1924 ambigue
320 1837 488 1903 sollicitari.
529 1836 569 1903 ob
587 1837 666 1903 haec
683 1858 756 1903 cum
773 1837 895 1925 legatos
912 1838 994 1903 mitti
1011 1838 1078 1924 pla—
1095 1857 1110 1906 3

63 1933 167 1999 uisset
185 1933 272 2018 prius
291 1932 333 1997 ad
347 1929 505 1998 Samnites
524 1953 619 2017 quam
637 1930 756 1998 bellum
772 1931 873 2011 fieret,
891 1954 1079 2019 responsum

63 2027 191 2092 ¹additur
212 2026 252 2093 ab
277 2024 473 2094 Samnitibus
496 2026 595 2093 ferox.
630 2026 713 2093 ultro
738 2026 925 2093 incusabant
949 2027 1077 2094 iniurias

63 2121 280 2200 bumanorum,
302 2143 405 2206 neque
427 2144 464 2187 eo
487 2121 704 2209 neglegentius
723 2143 761 2186 ea
778 2143 859 2206 quae
876 2122 955 2208 ipsis
974 2121 1078 2188 obice·
1095 2140 1128 2186 4—

63 2227 156 2282 entur
180 2216 373 2307 purgabant:
408 2216 494 2282 haud
519 2216 584 2282 ullo
610 2215 736 2302 publico
763 2216 893 2281 consilio
920 2217 1110 2284 auxilioves

63 2310 149 2376 nvari
168 2308 324 2389 Graecos,
347 2333 406 2376 nec
422 2311 612 2377 Fundanum
629 2310 872 2376 Formianumve
895 2333 914 2374 a
937 2331 971 2375 se
991 2309 1078 2378 solli-

64 2404 174 2472 itatos:
202 2407 319 2493 quippe
339 2406 467 2471 minime
494 2405 652 2492 paenitere
679 2427 713 2470 se
740 2405 853 2485 virium
881 2426 1022 2483 suarum,
1050 2403 1078 2468 si

63 2498 166 2565 »ellum
192 2501 323 2586 placeat.
368 2510 506 2566 ceterum
530 2522 594 2566 non
619 2521 714 2587 posse
741 2499 951 2578 dissimulare,
983 2519 1077 2584 aegre
1096 2516 1126 2579 6,

63 2595 115 2659 »ati
131 2593 292 2660 civitatem
305 2593 509 2674 Samnitium,
527 2595 613 2680 quod
625 2593 788 2682 Fregellas
806 2616 846 2658 ex
858 2592 985 2659 Volscis
1004 2613 1077 2678 oap-

63 2708 100 2754 us
122 2688 305 2774 dirutasque
327 2689 367 2756 ab
391 2711 425 2755 se
446 2688 616 2756 restituerit
632 2688 795 2754 Romanus
817 2687 966 2774 populus,
993 2686 1078 2752 colo-

63 2781 196 2868 tiamque
221 2784 256 2848 in
283 2781 471 2850 Samnitium
497 2805 574 2870 agro
604 2783 812 2870 inposuerint,
848 2805 943 2866 quam
975 2781 1078 2847 coloni

63 2895 158 2953 burm
170 2875 334 2964 Fregellas
348 2877 514 2963 appellent.
551 2899 620 2942 eam
635 2898 669 2942 se
684 2877 905 2942 contumeliam
917 2875 1078 2941 iniuriam-
1097 2892 1112 2940 ι

63 2986 123 3051 lue,
140 2971 175 3036 ni
194 2970 254 3037 sibi
272 2971 311 3036 ab
329 2971 368 3037 iis
386 2972 441 3056 qui
458 2970 588 3036 fecerint
605 2971 757 3048 dematur,
776 2972 862 3057 ipsos
876 2971 962 3036 omni
974 2970 1008 3035 vi
1021 2969 1077 3036 de-

63 3065 194 3133 uisuros
208 3087 289 3132 esse.
317 3088 388 3131 cum
397 3065 559 3132 Romanus
573 3065 697 3153 legatus
711 3065 752 3129 ad
765 3065 1003 3150 disceptandum
1021 3085 1075 3128 eos
1094 3079 1110 3127 8

63 3159 94 3225 ιιι
108 3182 288 3227 communes
308 3161 409 3227 socios
424 3170 518 3245 atque
532 3161 649 3227 amicos
664 3168 803 3225 vocaret:
824 3159 913 3242 ‘quid
926 3158 1076 3244 perplexe

63 3254 203 3343 tgimusi'
221 3254 323 3340 inquit
342 3260 464 3321 ‘nostra
480 3254 663 3334 certamina,
680 3254 829 3332 Romani,
847 3275 911 3318 non
923 3251 1020 3318 verba
1031 3250 1077 3316 le-

63 3359 192 3429 ntorum
209 3372 269 3416 neo
286 3349 450 3415 hominum
467 3349 634 3434 quisquam
652 3349 851 3435 disceptator,
870 3347 927 3414 sed
944 3367 1075 3432 campus
1171 3362 1189 3419 ᾗ

63 3436 247 3533 lanpanus,
265 3444 299 3509 in
312 3466 375 3529 quo
389 3445 637 3510 concurrendum
654 3453 716 3522 est,
735 3453 766 3508 et
783 3465 870 3508 arma
887 3450 919 3508 et
936 3462 1077 3507 commu-

63 3536 94 3609 ιο
115 3539 210 3606 Mars
232 3538 307 3605 belli
328 3539 484 3605 decernet.
463 3538 649 3625 tproinde
671 3538 717 3602 int
705 3548 752 3602 ter
774 3536 919 3624 Capuam
939 3534 1110 3602 Suessus

63 3652 173 3720 unque
197 3642 300 3701 castra
322 3635 432 3700 castris
455 3633 652 3700 conferamus
676 3641 707 3697 et
726 3629 853 3699 Samnis
872 3631 1076 3698 Romanusne

63 3730 177 3821 aperio
200 3728 325 3795 Italiam
346 3739 459 3817 regant
480 3726 703 3794 decernamus!
743 3726 839 3815 legati
860 3726 1076 3792 Romanorum
1096 3740 1129 3789 ιο

63 3844 174 3893 umse
192 3846 256 3890 non
270 3846 333 3909 quo
345 3824 446 3890 hostis
459 3831 639 3899 vocassent,
613 3821 715 3887 tsed
728 3843 792 3906 quo
805 3821 925 3907 impera
925 3830 1008 3885 tores
1026 3817 1077 3882 sui

64 3921 226 3997 exissent,
253 3919 352 3985 ituros
376 3941 447 3986 esse
468 3917 716 4006 respondissent,
742 3917 806 3982 iam
822 3912 1006 3981 Publilius
996 3933 1030 3976 m
1029 3919 1077 3975 ter

63 4012 243 4102 *duspolim
264 4013 493 4102 Neapolimue
518 4012 588 4080 loco
615 4020 767 4099 oportune
794 4019 885 4096 capto
911 4008 1077 4074 diremerat
