2566 4524
306 246 427 301 muna
443 245 500 317 vt,
516 244 560 300 41.
573 244 615 301 42.
635 250 673 315 [a.
684 246 783 303 caea
796 248 860 318 aar]
1037 238 1103 307 349

95 407 191 473 Tatius
214 405 245 471 in
265 403 343 470 urbe
364 403 510 469 &mana
530 412 677 490 regnent,
704 405 779 487 quia
800 407 949 491 pecunias
973 409 1101 489 alienas,

88 502 156 587 quia
170 522 258 588 agros
275 498 360 565 dono
376 499 462 563 dunt.
494 508 581 563 tanta
598 498 731 563 dulcedo
750 510 798 564 est
817 523 857 565 ex
874 502 984 567 alienis
1002 504 1102 568 fortu-
1120 526 1151 574 11

84 598 128 665 nis
139 594 321 683 praedandi,
338 592 443 659 necin
456 602 595 659 mentem
607 593 704 672 venit,
722 594 820 659 altera
832 595 904 683 lege
918 598 1101 664 solitudines

82 700 179 756 vastas
194 690 230 754 iu
247 687 332 775 agria
348 686 417 753 fieri
427 686 574 773 pellendo
587 687 704 753 finibus
718 689 877 768 dominos,
896 691 994 756 altera
1006 693 1101 757 fidem

79 784 227 871 abrogari,
241 804 315 848 cum
327 781 506 867 quaomnia
518 781 658 847 humana
670 782 804 848 societas
814 784 940 849 tollitur.
960 788 1101 852 omnium
1120 805 1152 854 12

79 901 174 945 rerum
200 900 298 943 eausa
322 876 414 941 vobis
440 876 649 960 antiquandas
675 898 790 942 censeo
811 877 888 943 istas
908 882 1097 966 rogationes.

78 972 157 1057 qnod
172 971 297 1048 faxitis,
316 970 393 1035 deos
410 970 506 1035 velim
522 968 702 1035 fortunare?

133 1063 328 1131 XXXXJI.
357 1061 468 1137 Oratio
476 1062 565 1149 Appi
578 1063 619 1128 ad
630 1063 665 1127 id
677 1063 772 1128 modo
790 1064 902 1143 voluit,
921 1078 956 1130 ut
974 1080 1098 1155 tempus
1119 1092 1132 1137 1

76 1162 267 1248 rogationum
281 1158 489 1225 iubendarum
497 1159 697 1245 proferretur.
715 1158 825 1223 refecti
835 1160 1002 1225 decumum
1015 1164 1099 1230 idem
1118 1184 1133 1230 2

78 1255 186 1321 tribuni
195 1253 327 1321 Sextius
341 1264 372 1318 et
379 1252 524 1319 Licinius
537 1253 578 1318 de
591 1252 775 1318 decemuiris
790 1274 950 1318 sacrorum
963 1270 1100 1343 exparte

77 1350 117 1416 de
130 1349 218 1435 plebe
236 1348 381 1414 creandis
394 1347 498 1435 legem
510 1346 676 1433 pertulere.
703 1347 799 1411 creati
812 1348 950 1431 quinque
963 1362 1098 1435 patrum,

76 1445 207 1528 quinque
225 1442 343 1530 plebis,
359 1443 525 1529 graduque
541 1463 580 1507 eo
596 1441 661 1506 ium
678 1440 730 1505 via
747 1441 832 1505 fucta
848 1442 889 1505 ad
903 1444 1100 1511 consulatum

76 1540 243 1605 ridebatur.
278 1538 341 1604 hac
365 1537 496 1603 victoria
520 1546 668 1602 contenta
692 1534 801 1622 plebes
829 1536 924 1602 cessit
944 1539 1133 1623 patribus,3

76 1644 110 1699 ut
126 1635 158 1699 in
178 1633 360 1720 praesentia
380 1632 545 1699 consulum
566 1632 723 1697 mentione
745 1632 864 1698 omissa
885 1633 1001 1700 tribuni
1018 1638 1100 1702 mili·

76 1740 138 1794 tum
154 1737 344 1795 crearentur.
379 1727 474 1793 creati
491 1725 534 1792 A.
553 1737 585 1791 et
601 1725 649 1790 M.
666 1724 805 1791 Cornelii
823 1726 951 1807 iterum,
970 1729 1018 1794 M.
1034 1729 1099 1797 Ge-

76 1823 195 1909 ganius,
224 1821 264 1888 P.
287 1820 443 1899 Manlius,
469 1821 512 1887 L.
536 1818 700 1898 Veturius,
727 1819 765 1884 P.
790 1819 936 1886 Valerius
963 1836 1096 1889 sextum.

77 1937 144 1982 cum
155 1926 281 2003 praeter
294 1914 485 1981 Velitrarum
502 1913 712 1992 obsidionem,
731 1915 811 1979 tardi
829 1917 930 2003 magis
948 1939 1015 1982 rem
1033 1919 1133 1982 eri-4

77 2026 245 2096 tunquam
271 2010 373 2087 dubii,
404 2011 529 2094 quietae
554 2019 700 2075 externae
726 2032 782 2096 res⁸
803 2010 955 2077 Romanis
982 2026 1096 2091 essent,

77 2104 157 2171 fama
171 2127 287 2191 repens
304 2103 380 2170 belli
397 2101 512 2170 Gallici
529 2103 624 2168 allata
644 2103 780 2189 perpulit
801 2105 973 2184 ciuitatem,
996 2118 1030 2171 ut
1048 2106 1096 2171 M.

77 2194 183 2264 Furius
202 2199 337 2263 dictator
353 2198 496 2282 quintum
513 2197 676 2262 diceretur.
712 2198 739 2262 is
759 2196 797 2261 T.
812 2196 995 2280 Quinctium
1013 2200 1098 2264 Pen-

77 2314 146 2359 num
166 2294 355 2380 magistrum
376 2293 517 2376 equitum
537 2290 625 2356 dixit.
665 2290 815 2356 bellatum
838 2313 910 2356 cum
934 2290 1035 2357 Gallis
1060 2314 1131 2359 eoo

77 2410 152 2454 enno
177 2389 262 2453 circa
282 2386 441 2452 Anienem
466 2386 585 2451 flumen
609 2396 719 2450 auctor
744 2396 792 2451 est
815 2384 983 2464 Claudius,
1011 2388 1099 2451 incli-

77 2490 195 2569 tamque
217 2483 251 2547 in
268 2490 364 2569 ponte
381 2504 536 2568 pugnum,
559 2502 622 2564 qua
639 2480 678 2544 Τ.
696 2480 837 2544 Manlius
857 2478 1001 2557 Gallum,
1025 2503 1097 2545 cum

79 2596 138 2661 quo
157 2586 346 2663 provocatus
371 2598 484 2641 manus
510 2574 679 2651 conseruit,
706 2575 739 2639 in
766 2586 936 2659 conspectu
963 2576 1097 2639 duorum

78 2673 263 2737 exercituum
281 2692 409 2736 caesum
425 2680 535 2755 torque
554 2667 713 2755 spoliauit,
732 2679 799 2736 tum
812 2684 994 2755 pugnatam.
1026 2669 1096 2753 plu·
1115 2690 1130 2738 o

78 2763 157 2831 tibus
173 2763 354 2831 auctoribus
372 2764 474 2851 magis
496 2763 635 2829 adducor
656 2774 691 2827 ut
713 2764 852 2840 credam,
880 2764 989 2829 decem
1011 2763 1097 2829 haud

78 2858 173 2926 minna
197 2870 272 2946 post
297 2881 397 2924 annos
424 2880 463 2923 ea
487 2868 572 2934 aeta,
599 2857 659 2922 hoc
682 2876 787 2922 autem
809 2881 891 2923 anno
913 2859 946 2922 in
968 2858 1095 2925 Albano

78 2972 147 3039 egro
168 2976 240 3019 cnm
263 2950 366 3019 Gallis
388 2953 539 3018 dictatore
560 2951 609 3016 M.
631 2951 727 3018 Furio
751 2954 842 3039 signa
868 2953 1000 3018 conlata.
1036 2975 1128 3019 ncet

79 3046 165 3113 dubia
184 3069 244 3113 nee
266 3048 405 3115 difficilis
421 3047 589 3124 Romanis,
617 3068 807 3131 quamquam
829 3048 988 3134 ingentem
1008 3045 1093 3113 Galli

83 3148 216 3209 tutorem
232 3144 386 3211 memoria
401 3142 551 3229 pristinae
569 3140 667 3206 cladis
681 3142 861 3219 attulerant,
880 3143 1011 3208 victoria
1024 3144 1092 3207 suit.

79 3236 167 3303 multa
178 3238 265 3305 milia
278 3238 482 3304 barbarorum
494 3238 529 3302 in
541 3237 619 3314 acie,
637 3235 736 3302 multa
748 3237 848 3323 captis
863 3239 972 3303 eastris
988 3261 1093 3317 caesa3

79 3331 163 3415 palati
176 3333 230 3399 alii
242 3332 395 3420 Apuliam
412 3332 551 3397 maxime
567 3341 709 3416 petentes
727 3354 800 3397 cum
817 3332 895 3419 fuga
912 3333 1092 3419 longinqua,
1112 3350 1127 3397 a

79 3436 136 3491 tum
156 3428 242 3513 quod
262 3428 383 3515 passim
404 3450 459 3493 eos
482 3424 578 3491 simul
598 3448 698 3511 pavor
718 3438 877 3511 terrorque
900 3428 1093 3503 distulerant,

79 3520 111 3587 ab
125 3520 216 3589 hoste
233 3544 302 3590 sese
321 3522 413 3587 tutati
429 3532 514 3587 sunt.
554 3519 697 3585 dictatori
714 3544 869 3587 consensu
887 3542 1011 3606 patrum
1029 3522 1095 3607 ple-

80 3612 179 3703 bisque
196 3617 373 3705 triumphus
385 3617 542 3685 decretus.
568 3615 699 3681 vixdum
712 3617 911 3702 perfunctum
925 3639 997 3681 eum
1011 3616 1094 3681 bello
1113 3634 1127 3680 a

80 3713 202 3778 ttmcior
221 3712 306 3779 domi
327 3712 440 3779 seffitio
462 3710 601 3796 excepit3
628 3722 660 3775 et
680 3734 737 3797 per
758 3711 897 3798 ingentia
923 3712 1094 3776 certamina

80 3802 201 3872 dictator
215 3817 403 3895 senatusque
420 3807 540 3883 rictus,
562 3816 598 3869 ut
614 3807 792 3893 rogationes
811 3805 995 3870 tribuniciae
1012 3802 1093 3868 acci·

80 3910 226 3981 petentur,
249 3912 281 3971 et
300 3902 426 3971 coniitia
448 3898 615 3968 consulum
637 3902 770 3967 adversa
792 3900 953 3966 nobilitate
976 3896 1091 3966 habita,

81 3992 184 4076 qulbus
200 3998 241 4064 1..
259 3996 386 4068 Sextius
404 4000 446 4066 de
463 3996 557 4086 plebe
574 3996 694 4083 primus
713 3998 822 4063 consul
841 3996 953 4059 lactus.
