2566 4524
509 224 628 279 nrssna
640 226 668 296 Ι,
687 226 711 279 1.

484 697 601 780 ΤΙΤΙ
626 699 751 782 LIVI

348 881 415 942 ΑΒ
448 880 592 942 vanu
626 881 879 946 oonnr'rn

525 1087 653 1147 LIBER
675 1088 700 1147 1.

160 1213 188 1279 L
221 1212 292 1279 Iam
309 1211 447 1298 primum
464 1211 605 1277 omnium
623 1213 699 1278 satis
718 1223 848 1293 constat,
868 1215 965 1282 Troia
982 1226 1073 1304 capta
1094 1219 1160 1292 in1

95 1319 218 1375 ceteros
238 1306 394 1372 saevitum
412 1328 483 1371 esse
501 1304 665 1386 Troianos,
684 1307 820 1388 duobus,
838 1309 969 1376 Aeneae
986 1311 1131 1378 Anteno-

97 1406 202 1488 rique,
223 1412 254 1467 et
272 1401 388 1466 vetusti
404 1401 472 1466 iure
489 1399 617 1487 hospitii
635 1411 666 1466 et
684 1403 758 1486 quia
778 1405 867 1490 pacis
889 1406 1130 1492 reddendaeque

96 1498 242 1563 Helenae
261 1518 385 1582 semper
401 1505 544 1561 auctores
562 1495 705 1576 fuerunt,
722 1520 815 1566 omne
832 1500 881 1565 ius
900 1499 974 1566 belli
986 1501 1129 1568 Achivos

96 1592 303 1669 abstinuisse,
326 1589 452 1656 casibus
471 1589 584 1655 deinde
605 1591 701 1656 variis
719 1591 914 1659 Antenorem
936 1617 1009 1660 cum
1025 1596 1131 1661 multi·
1147 1620 1162 1668 2

95 1686 205 1751 tudine
214 1685 364 1764 Enetum,
379 1685 435 1769 qui
448 1684 600 1750 seditione
614 1707 654 1749 ex
662 1684 880 1773 Paphlagonia
896 1689 980 1773 pulsi
994 1699 1025 1754 et
1038 1691 1129 1756 sedes

96 1791 128 1846 et
146 1781 262 1845 ducem
279 1799 354 1865 rege
371 1778 564 1864 Pylaemene
581 1778 623 1843 ad
640 1778 769 1844 Troiam
791 1780 908 1846 amisso
926 1783 1127 1866 quaerebant,

96 1875 225 1940 venisse
241 1874 276 1938 in
292 1873 438 1938 intimum
454 1872 611 1938 Adriatici
632 1874 728 1938 maris
752 1875 870 1953 sinum,
888 1875 1125 1963 Euganeisque,
1146 1900 1161 1947 3

99 1970 153 2054 qui
169 1969 253 2034 inter
270 1989 356 2033 mare
369 1967 534 2053 Alpesque
550 1966 738 2046 incolebant,
757 1969 858 2055 pulsis
882 1969 1004 2038 Enetos
1018 1971 1131 2037 Troia-

100 2086 219 2150 nosque
238 2085 292 2128 eas
310 2062 450 2128 tenuisse
462 2071 569 2126 terras.
597 2062 674 2127 etin
688 2084 782 2146 quem
798 2065 899 2150 primo
918 2067 1039 2152 egressi
1057 2076 1130 2132 sunt

99 2159 216 2236 locum,
241 2157 338 2222 Troia
359 2166 489 2222 vocatur
509 2179 656 2243 pagoque
678 2156 815 2223 Troiano
837 2159 912 2224 inde
933 2182 1049 2225 nomen
1071 2171 1129 2239 est,

98 2276 177 2340 gens
195 2253 345 2317 universa
362 2250 477 2317 Veneti
500 2252 658 2339 appellati.
704 2252 849 2318 Aeneam
867 2254 907 2320 ab
927 2255 1022 2320 simili
1040 2257 1164 2326 clades

99 2349 193 2414 domo
214 2348 399 2434 profugum,
424 2347 479 2412 sed
503 2348 544 2411 ad
565 2348 685 2412 maiora
705 2371 809 2413 rerum
831 2349 920 2414 initia
942 2350 1130 2417 ducentibus

98 2443 172 2508 fatis
190 2443 293 2528 primo
309 2443 343 2506 in
351 2441 575 2507 Macedoniam
592 2443 728 2520 venisse,
742 2443 816 2506 inde
829 2443 862 2506 in
873 2441 1015 2508 Siciliam
1033 2466 1130 2528 quae-

98 2548 220 2603 rentem
243 2537 334 2603 sedes
361 2537 513 2615 delatum,
540 2536 581 2602 ab
605 2535 714 2602 Sicilia
740 2537 842 2602 classe
869 2539 910 2602 ad
935 2539 1130 2604 Laurentem

99 2655 211 2720 agrum
230 2633 378 2698 tenuisse.
406 2630 503 2697 Troia
516 2642 547 2697 et
560 2633 634 2696 huic
646 2632 715 2697 loco
728 2654 844 2697 nomen
857 2641 914 2697 est.
942 2633 997 2698 ubi
1011 2634 1130 2720 egressi
1148 2653 1163 2701 a

100 2727 245 2805 Troiani,
268 2737 304 2792 ut
321 2726 437 2810 quibus
455 2726 495 2791 ab
513 2727 658 2792 inmenso
675 2749 772 2813 prope
791 2749 894 2794 errore
912 2728 989 2792 nihil
1007 2738 1130 2814 praeter

100 2845 185 2887 arma
203 2832 235 2887 et
252 2845 349 2887 naves
369 2831 556 2908 superesset,
576 2843 649 2886 cum
665 2822 815 2907 praedam
833 2844 873 2886 ex
886 2823 971 2909 agris
990 2833 1127 2909 agerent,

97 2914 234 2982 Latinus
253 2938 309 2981 rex
326 2915 592 3002 Aboriginesque,
611 2915 666 2999 qui
684 2925 751 2979 tum
769 2939 807 2981 ca
825 2916 974 2982 tenebant
990 2918 1068 2996 loca,
1088 2919 1129 2982 ad
1175 2927 1178 2934 '

101 3011 267 3076 arcendam
280 3010 345 3074 vim
359 3010 551 3075 advenarum
569 3008 680 3074 armati
698 3032 737 3074 ex
750 3010 828 3075 urbe
846 3021 940 3095 atque
954 3012 1038 3097 agris
1054 3033 1128 3076 con-

101 3114 237 3169 currunt.

160 3199 293 3286 Duplex
314 3200 389 3265 inde
409 3200 497 3265 fama
519 3208 575 3264 est.
613 3200 666 3264 alii
688 3200 806 3284 proelio
833 3200 951 3263 victum
974 3199 1127 3263 Latinum
1147 3220 1161 3267 6

97 3315 210 3380 pacem
233 3316 305 3359 cum
326 3292 452 3373 Aenea,
476 3294 589 3359 deinde
612 3294 804 3358 adfinitatem
826 3292 968 3358 iunxisse
990 3293 1126 3371 tradunt,
1225 3336 1229 3342 -

98 3389 161 3467 alii,
187 3410 262 3454 cum
278 3389 449 3455 instructae
467 3388 551 3454 acies
574 3388 801 3466 constitissent,
825 3388 1010 3472 priusquam
1034 3389 1161 3474 signas

100 3493 259 3561 canerent,
280 3483 474 3570 processisse
494 3484 649 3549 Latinum
669 3482 751 3548 inter
771 3483 925 3569 primores
952 3483 1128 3567 ducemque

96 3579 290 3646 advenarum
303 3600 453 3645 evocasse
471 3580 512 3645 ad
530 3580 740 3663 conloquium,
754 3588 991 3664 percunctatum
1000 3579 1127 3661 deinde,

95 3675 149 3758 qui
174 3673 326 3739 mortales
354 3683 472 3752 essent,
500 3676 584 3738 unde
606 3683 660 3738 aut
682 3695 744 3758 quo
771 3695 848 3738 casu
872 3673 1007 3760 profecti
1034 3676 1127 3738 domo

94 3769 212 3852 quidve
226 3778 412 3852 quaerentes
425 3769 459 3835 in
472 3792 584 3857 agrum
592 3769 788 3833 Laurentem
801 3769 949 3847 exissent,
959 3777 1127 3854 postquam
1145 3785 1160 3834 8

94 3863 237 3942 audierit,
247 3862 482 3928 mrdtitudinem
491 3863 646 3927 Troianos
656 3884 737 3940 esse,
748 3864 861 3926 ducem
871 3861 1016 3927 Aeneam
1029 3861 1127 3924 filium

93 3955 257 4025 Anchisae
271 3967 303 4024 et
312 3955 456 4036 Veneris,
471 3965 608 4022 cremata
620 3956 722 4043 patria
739 3956 833 4022 domo
851 3956 1001 4042 profugos
1022 3955 1143 4018 sedem-
