2566 4524
213 214 278 282 526
474 225 594 282 LIBER
609 225 652 298 X,
669 225 764 282 21180.
784 229 860 296 [an.
869 243 894 283 c.
903 226 969 297 459]

213 383 293 452 haec
322 384 356 451 in
382 383 508 452 sinistro
540 406 638 451 cornu
664 383 880 451 Romanorum
910 384 1039 452 fortuna
1063 385 1236 455 variaverat.

179 478 334 551 aFabius
355 479 393 545 in
410 478 520 547 dextro
545 479 661 566 prime,
687 488 724 544 ut
744 488 817 546 ante
839 479 959 545 dictum
981 488 1044 559 est,
1072 482 1238 549 cunctando
1279 530 1281 561 ,

215 583 392 641 extraxerat
410 573 492 640 diem
497 599 508 654 3
531 574 613 654 dein,
631 582 800 662 postquam
818 596 877 640 nec
894 574 1015 641 elamor
1031 575 1171 642 hostium
1186 597 1238 643 nec

180 669 350 757 simpetus
371 692 430 736 nec
451 668 513 736 tela
539 670 637 736 missa
663 669 795 736 eandem
816 670 882 736 vim
907 669 1027 737 habere
1050 672 1133 753 visa,
1157 694 1237 761 prae-

213 762 305 830 fectis
332 764 472 850 equitum
498 763 595 830 iussis
621 764 663 830 ad
687 763 770 830 latus
794 762 987 832 Samnitium
1013 765 1236 834 circumducere

214 858 291 938 alas,
305 868 340 925 ut
358 858 449 947 signo
467 859 541 926 dato
558 859 593 925 in
609 868 806 926 transversos
824 869 941 946 quanto
959 862 1103 928 maximo
1119 870 1236 949 possent

213 952 333 1040 impetu
358 953 565 1032 incurrerent,
593 953 711 1020 sensim
737 974 812 1021 suos
839 953 931 1042 signa
956 954 1076 1023 inferre
1100 955 1235 1023 iussitet

164 1069 197 1120 10
215 1069 413 1115 commovere
435 1047 568 1114 hostem.
603 1057 772 1135 postquam
794 1070 859 1114 non
879 1047 984 1115 resisti
1005 1049 1088 1115 vidit
1111 1058 1143 1116 et
1163 1048 1236 1115 baud

214 1141 344 1209 dubiam
364 1141 584 1209 lassitudinem
606 1164 691 1222 esse,
714 1151 782 1207 tum
804 1141 953 1211 conlectis
971 1143 1124 1211 omnibus
1147 1143 1236 1210 subsi-

214 1239 283 1317 diis,
298 1259 380 1323 quae
394 1237 435 1303 ad
451 1236 485 1303 id
498 1246 622 1324 tempus
635 1246 860 1316 reservaverat,
875 1246 907 1303 et
922 1236 1067 1326 legiones
1080 1235 1237 1306 concitavit

162 1355 193 1403 11
213 1342 244 1400 et
258 1330 439 1420 signumad
453 1330 648 1399 invadendos
661 1331 769 1398 hostes
783 1331 941 1417 equitibus
954 1333 1053 1399 dedit.
1079 1356 1142 1400 nec
1155 1332 1237 1400 susti·

212 1437 348 1494 nuemnt
367 1425 524 1494 Samnites
546 1427 700 1514 impetum
720 1436 906 1513 praeterque
923 1427 1026 1494 aciem
1047 1427 1154 1515 ipsam
1171 1426 1238 1495 Gal·

212 1522 315 1589 lorum
332 1521 448 1589 relictis
464 1521 499 1589 iu
516 1520 716 1587 dimicatione
734 1521 828 1586 sociis
846 1521 888 1587 ed
909 1531 1015 1588 castra
1031 1522 1138 1590 effuso
1154 1542 1237 1613 cursu

163 1638 195 1686 12
214 1615 405 1684 ferebantur.
442 1613 528 1682 Galli
554 1615 711 1682 testudine
737 1614 822 1682 facta
848 1615 980 1684 conferti
1003 1616 1142 1685 stabant.
1179 1626 1236 1683 tum

211 1710 332 1779 Fabius
349 1710 456 1777 audita
472 1719 573 1776 morte
586 1709 726 1798 collegae
736 1707 971 1796 Campanorum
984 1709 1081 1792 alam,
1095 1712 1237 1801 quingen-

212 1816 261 1872 tos
284 1805 350 1872 fere
372 1806 508 1891 equites,
531 1803 683 1871 excedere
704 1803 772 1870 acie
792 1803 881 1870 iubet
901 1812 935 1871 et
955 1804 1184 1873 circumvectos
1202 1802 1237 1871 sb

163 1923 194 1971 13
213 1910 303 1988 tergo
326 1896 483 1967 Gallicam
508 1899 658 1965 invadere
684 1898 803 1977 aciem;
835 1897 943 1965 tertiae
969 1899 1088 1966 deinde
1113 1898 1237 1990 legionis

214 1993 365 2078 subsequi
385 1993 544 2081 principes
567 2001 612 2071 et,
635 2014 700 2078 qua
719 1991 880 2059 turbatum
901 2015 1019 2081 agmen
1038 1994 1180 2061 hostium
1198 1993 1238 2059 ri·

162 2109 195 2157 11
213 2088 323 2153 derent
343 2087 463 2174 impetu
486 2087 641 2172 equitum,
663 2086 781 2153 instare
798 2109 836 2153 ac
853 2088 976 2154 territos
1000 2089 1145 2156 caedere.
1178 2089 1238 2177 ipss

213 2182 323 2248 aedem
345 2181 416 2248 Iovi
433 2180 555 2248 Victori
581 2181 745 2269 spoliaque
771 2180 909 2248 hostium
931 2205 1006 2249 cum
1027 2185 1185 2263 vovisset,
1203 2181 1239 2249 sd

213 2286 316 2344 castra
334 2273 524 2344 Samnitium
541 2276 692 2363 perrexit,
715 2297 779 2361 quo
796 2276 963 2365 multitudo
980 2277 1086 2344 omnis
1109 2287 1239 2346 conster-

162 2393 194 2444 15
212 2380 287 2437 nata
304 2369 464 2458 agebatur.
502 2369 562 2436 sub
578 2369 650 2456 ipso
667 2369 766 2449 vallo,
785 2369 860 2455 quia
876 2378 997 2437 tantam
1013 2372 1238 2440 multitudinem

212 2473 321 2554 portae
343 2488 407 2531 non
428 2486 589 2551 recepere,
613 2473 764 2549 temptata
781 2464 823 2530 ab
841 2464 977 2531 exclusis
1001 2464 1098 2533 turba
1121 2488 1238 2534 suorum

161 2581 192 2630 16
210 2582 320 2648 pugna
337 2570 394 2626 est.
430 2557 475 2625 ibi
489 2556 611 2625 Gellius
624 2557 783 2646 Egnatius
801 2558 970 2643 imperator
985 2556 1182 2627 Samnitium
1197 2581 1239 2627 es·

212 2655 296 2722 cidit.
341 2655 483 2742 conpulsi
510 2654 623 2720 deinde
648 2655 731 2719 intra
756 2653 873 2718 vallum
897 2651 1060 2721 Samnites
1087 2674 1239 2744 parvoque

212 2749 380 2815 certamine
412 2758 503 2834 capta
533 2758 636 2814 castra
662 2757 693 2813 et
720 2744 805 2814 Galli
836 2748 876 2814 ab
907 2757 999 2836 tergo
1030 2747 1238 2817 circumventi

161 2865 192 2914 11
212 2866 306 2910 caesa
327 2865 366 2909 eo
388 2844 438 2908 die
460 2842 600 2909 hostium
621 2843 733 2930 viginti
755 2844 894 2929 quinque
915 2844 1017 2924 milia,
1044 2855 1122 2913 octo
1147 2854 1237 2932 capta

162 2956 194 3008 18
212 2960 270 3004 nec
287 2938 450 3003 incruenta
463 2938 593 3004 victoria
610 2938 683 3004 fuit:
701 2962 776 3004 nam
790 2960 830 3004 ex
837 2938 876 3004 P.
885 2938 981 3005 Decii
999 2942 1144 3007 exercitu
1156 2961 1238 3008 caesa

213 3043 334 3121 septem
351 3033 447 3114 milia,
467 3055 507 3099 ex
522 3031 605 3100 Fabi
622 3033 706 3099 mille
725 3056 762 3099 ac
781 3043 916 3099 centum.
952 3033 1089 3114 Fabius,
1109 3033 1238 3102 dimissis

212 3131 253 3196 ad
274 3129 489 3214 quaerendum
507 3127 647 3215 collegae
665 3151 794 3215 corpus,
817 3129 920 3215 spolia
940 3128 1086 3196 hostium
1108 3131 1238 3198 coniecta

161 3243 192 3292 19
210 3224 243 3288 in
262 3246 409 3290 acervum
421 3223 492 3291 Iovi
505 3222 626 3289 Vrctori
644 3222 803 3289 cremavit.
836 3223 974 3289 consulis
992 3246 1114 3312 corpus
1132 3248 1171 3293 eo
1187 3224 1236 3301 dia

211 3319 285 3403 quia
302 3318 449 3387 obrutum
467 3318 666 3405 superstratis
678 3316 843 3384 Gallorum
860 3318 996 3384 cumulis
1015 3330 1098 3401 erat,
1116 3315 1235 3389 inveniri

210 3435 274 3477 non
299 3414 419 3499 potuit3
453 3422 578 3501 postero
605 3413 657 3478 die
681 3413 845 3479 inventum
870 3413 1072 3499 relatumque
1101 3426 1151 3483 est
1176 3433 1237 3481 cum

159 3527 192 3576 ao
210 3507 316 3573 multis
334 3508 467 3574 militum
485 3508 643 3575 lacrumis.
669 3507 849 3575 intermissa
865 3507 939 3573 inde
951 3509 1101 3576 omniurn
1118 3511 1237 3578 aliarum

210 3625 314 3668 rerum
333 3625 408 3670 cura
424 3603 545 3670 Fabius
562 3602 702 3693 collegae
720 3603 817 3670 fimus
836 3603 922 3670 omui
938 3603 1064 3671 honore
1086 3605 1238 3673 laudibus·

211 3720 272 3784 que
289 3699 408 3765 meritis
426 3697 571 3765 celebrat.

177 3811 190 3857 1
274 3792 395 3858 XXX.
426 3792 471 3860 Et
488 3793 522 3858 in
538 3792 667 3858 Etruria
683 3815 741 3880 per
757 3794 886 3859 eosdem
906 3793 975 3860 dies
994 3793 1034 3861 ab
1056 3793 1120 3862 Cn.
1133 3791 1237 3862 Fulvio

210 3899 410 3975 propraetore
431 3910 483 3956 res
506 3910 547 3954 ex
569 3888 723 3955 sententia
743 3898 849 3975 gesta,
877 3899 908 3954 et
933 3899 1062 3976 praeter
1088 3892 1235 3978 ingentem

209 3984 340 4050 inlatam
362 3981 617 4072 populationibus
640 4006 787 4072 agrorum
810 3982 894 4049 hosti
917 3984 1040 4050 cladem
1069 3994 1234 4074 pugnatun
