2566 4524
150 241 173 305 4
549 253 780 311 PRAEFATIO.

151 412 206 490 sit,
237 412 362 479 labente
389 413 502 477 deinde
529 414 681 499 paulatim
707 413 786 478 disci
808 412 872 477 lina
897 413 985 476 velut
1010 412 1186 479 desidentis

149 499 251 584 primo
269 521 372 564 mores
392 508 541 583 sequatur
562 499 681 577 animo,
709 436 821 563 deinie
839 507 875 562 ut
892 499 993 584 magis
1016 522 1069 563 ma
1093 499 1186 583 'sque

150 584 232 670 lapsi
251 584 327 662 sint,
355 595 421 648 tum
443 584 488 648 ire
511 585 670 669 coeperint
690 584 891 671 praecipites,
919 584 1060 649 doneca
1093 584 1187 650 -haec

149 680 303 755 tempora,
331 669 447 754 quibus
469 691 528 734 nec
549 671 625 734 vitia
646 679 755 734 nostra
775 691 835 734 nec
861 669 1000 734 remedia
1021 669 1086 769 pati
1109 693 1187 756 pos-

100 773 131 820 10
150 777 275 832 sumus,
298 764 484 840 perventum
502 764 559 820 est.
600 755 661 820 hoc
677 755 756 819 illud
773 765 822 819 est
839 755 1005 840 praecipue
1022 778 1057 818 ιιι
1074 755 1186 842 cogni-

149 841 233 905 tione
250 863 355 904 rerum
373 840 498 906 salubre
516 863 554 905 ac
572 839 773 928 frugiferum,
799 840 900 905 omnis
919 849 950 905 te
972 840 1110 926 exempli
1129 843 1185 906 do·

150 935 296 991 cumenta
317 926 351 990 in
371 926 495 991 inlustri
515 926 620 1013 posita
642 936 844 991 monumento
870 925 997 1003 intueri,
1024 926 1098 991 inde
1128 926 1185 992 tibi

148 1021 285 1095 tuaeque
302 1011 491 1097 reipublicae
510 1012 596 1096 quod
612 1012 733 1076 imitere
751 1013 873 1096 capias,
896 1012 970 1076 inde
987 1011 1119 1076 foedum
1137 1012 1184 1077 in-

149 1106 253 1182 ceptu,
271 1097 400 1162 foedum
418 1098 504 1162 exitu
521 1098 607 1182 quod
624 1099 714 1162 vites.

99 1197 129 1245 11
214 1181 364 1249 Ceterum
382 1193 437 1248 aut
453 1206 504 1248 me
522 1207 610 1250 amor
626 1183 745 1284 negotii
763 1183 902 1268 suscepti
919 1181 1008 1260 fallit,
1028 1193 1084 1247 aut
1096 1183 1183 1248 nulla

149 1292 299 1352 umquam
325 1269 504 1355 respublica
534 1292 594 1335 nec
619 1293 718 1336 maror
748 1291 807 1333 nec
838 1268 974 1333 sanctior
1003 1290 1063 1333 nec
1088 1267 1180 1334 bonis

149 1356 301 1439 exemplis
328 1356 422 1420 ditior
447 1356 508 1420 fuit
534 1356 652 1421 necin
682 1377 777 1440 quam
808 1354 966 1418 civitatem
996 1362 1062 1418 tam
1093 1376 1181 1420 serae

149 1442 279 1506 avaritia
296 1440 481 1525 luxuriaque
502 1441 739 1527 inmigraverint
760 1462 819 1504 nec
844 1439 900 1504 ubi
922 1448 1028 1503 tantus
1051 1461 1090 1504 ac
1117 1450 1181 1520 tam

33 1543 38 1556 ⁸
148 1525 204 1590 diu
221 1526 398 1611 paupertati
416 1548 453 1590 ac
470 1526 679 1611 parsimoniae
701 1525 801 1589 honos
824 1524 928 1589 fuerit.
965 1524 1044 1589 adeo
1063 1536 1183 1609 quanto

98 1625 128 1672 12
146 1633 251 1676 rerum
270 1611 383 1688 minus,
403 1612 612 1675 tantominus
631 1611 810 1696 cupiditatis
829 1619 904 1674 erat.
935 1633 1036 1697 nuper
1053 1611 1180 1677 divitiae

69 1701 76 1711 '
147 1697 310 1762 avaritiam
329 1707 360 1761 et
377 1696 572 1761 abundantes
592 1697 767 1782 voluptates
786 1695 976 1760 desiderium
993 1719 1051 1782 per
1068 1697 1178 1763 luxum

147 1798 241 1867 atque
266 1782 428 1848 libidinem
459 1783 611 1869 pereundi
634 1782 853 1932 perdendique
886 1782 991 1846 omnia
1021 1782 1177 1849 invexere.

148 1869 205 1932 sed
226 1869 397 1952 querellae,
424 1890 466 1933 ne
488 1878 555 1932 tum
578 1869 633 1954 qui
656 1891 705 1933 em
723 1878 831 1954 gratae
853 1867 992 1944 futurae,
1022 1890 1097 1932 cum
1118 1868 1178 1934 for-

147 1954 230 2018 sitan
252 1955 447 2019 necessariae
469 1963 574 2031 erunt,
602 1954 642 2019 ab
664 1954 753 2018 initio
777 1963 860 2018 certe
882 1964 988 2018 tantae
1010 1954 1177 2019 ordiendae

96 2051 128 2101 13
145 2039 192 2106 rei
209 2039 323 2104 absint.
360 2062 432 2104 cum
449 2039 541 2104 bonis
559 2039 664 2125 potius
682 2038 839 2105 ominibus
858 2040 1004 2121 votisque
1023 2049 1055 2104 et
1072 2062 1177 2125 preca-

146 2125 284 2190 tionibus
302 2125 432 2190 deorum
450 2125 657 2209 dearumque,
680 2127 721 2204 si,
745 2134 781 2190 ut
797 2126 913 2212 poetis,
936 2124 1030 2190 nobis
1053 2147 1176 2210 quoquc

145 2233 215 2275 mos
234 2220 331 2289 esset,
358 2211 506 2276 libentius
523 2211 747 2297 inciperemus,
774 2221 809 2276 ut
830 2210 910 2277 orsis
934 2219 1057 2276 tantum
1076 2209 1174 2299 operis

149 2318 315 2362 successus
333 2320 501 2384 prosperos
521 2298 640 2363 darent.

462 2505 678 2585 [rumonus
693 2506 802 2578 amur
818 2503 857 2585 u]

199 2625 361 2690 [Adventus
374 2623 489 2674 Aeneae
507 2619 658 2673 inItaliam
678 2623 707 2672 et
725 2635 771 2672 res
789 2624 898 2689 gestae.
934 2617 1043 2675 Ascani
1059 2636 1173 2693 regnum
1217 2616 1220 2669 i

145 2695 239 2752 Albae
250 2702 280 2751 et
289 2695 359 2751 Silvi
369 2703 398 2751 et
408 2696 543 2765 deinceps
553 2693 711 2748 Siluiorum.
734 2695 891 2750 Numitoris
902 2695 1091 2754 filiaaMarte
1107 2715 1174 2754 com·
1217 2733 1220 2757 ι

146 2791 255 2845 pressa,
266 2773 326 2827 nati
334 2773 473 2826 Romulus
483 2778 513 2827 et
521 2771 636 2826 Remus.
663 2771 793 2825 Amulius
804 2773 1001 2844 obtruncatus,
1016 2776 1086 2830 urbs
1097 2776 1174 2831 aRe·

145 2851 222 2904 mulo
234 2849 359 2919 condita,
375 2850 601 2917 senatuslectua
617 2865 680 2902 cum
690 2849 804 2904 Sabinis
814 2850 961 2921 bellatum,
977 2852 1071 2923 spolia
1085 2853 1176 2924 opima

144 2926 274 2982 Feretrio
284 2927 347 2980 lovi
356 2926 428 2995 lata,
443 2926 473 2979 in
483 2926 576 2980 curias
584 2926 708 2996 populus
718 2926 840 2997 divisus,
861 2928 1029 2999 Fidenates,
1044 2930 1175 2986 Veientes

146 3004 223 3073 victi,
238 3004 376 3058 Romulus
387 3008 580 3058 consecratus.

196 3081 290 3137 Numa
299 3080 458 3152 Pompilius
467 3079 538 3135 ritus
549 3097 693 3136 sacrorum
702 3081 830 3145 tradidit.
848 3087 931 3151 porta
941 3082 1004 3136 Iani
1015 3083 1125 3146 clausa.

196 3159 299 3214 Tullus
312 3158 455 3214 Hostilius
469 3156 599 3213 Albanos
609 3159 688 3213 bello
703 3158 827 3227 diripuit.
846 3159 1058 3229 trigeminorum
1072 3175 1176 3233 pugna

145 3238 230 3293 Metti
238 3237 336 3292 Fufeti
346 3237 524 3308 supplicium.
546 3236 649 3291 Tullus
658 3236 777 3290 fulmine
787 3241 982 3305 consumptus.

194 3312 293 3368 Ancus
304 3315 428 3369 Marcius
436 3313 558 3368 Latinos
568 3313 682 3381 devicit,
694 3313 802 3368 Ostiam
812 3312 949 3368 condidit.

195 3391 369 3462 Tarquinius
382 3390 498 3445 Priscus
512 3390 634 3445 Latinos
650 3391 806 3460 superavit,
827 3390 931 3444 circum
945 3389 1028 3460 fecit,
1042 3387 1177 3445 finitimos

145 3467 259 3537 devicit,
274 3484 369 3521 muros
380 3472 409 3522 ct
418 3468 533 3523 cloacas
543 3466 622 3522 fecit.

195 3543 294 3599 Servio
305 3545 401 3600 Tullio
418 3550 505 3615 caput
517 3545 596 3600 arsit.
624 3543 738 3600 Servius
753 3544 866 3599 Tullius
878 3543 1015 3601 Veientes
1028 3543 1137 3599 devicit
1151 3547 1178 3600 et

143 3622 280 3693 populum
290 3622 319 3676 in
331 3623 438 3677 classes
449 3621 553 3690 divisit,
568 3622 667 3676 aedem
676 3622 789 3676 Dianae
799 3621 951 3677 dedicavit.

195 3698 369 3770 Tarquinius
383 3697 529 3769 Superbus
548 3699 644 3753 occiso
660 3699 756 3753 Tullio
774 3716 894 3769 regnum
911 3697 1024 3753 invasit.
1060 3699 1177 3754 Tulliae

144 3775 404 3846 scelusinpatrem.
423 3776 537 3831 Turnus
547 3776 710 3830 Herdonius
719 3775 963 3846 perTarquinium
973 3775 1097 3831 occisus.
1116 3776 1177 3832 bel·

143 3855 202 3907 lum
216 3870 280 3908 curn
288 3853 411 3911 Vulscis.
434 3854 534 3908 fraude
545 3853 608 3908 Sex.
619 3853 759 3924 Tarquini
770 3852 856 3908 Gabii
871 3852 982 3923 direpti.
1005 3851 1177 3923 Capitolium

145 3932 320 3988 inchoatum.
347 3931 474 3988 Termini
484 3938 512 3987 et
520 3932 658 3986 quentae
670 3947 737 3986 arae
747 3929 854 3985 moveri
864 3947 923 3984 non
931 3935 1097 4000 potuerunt.
1119 3929 1177 3985 Lu·

144 4008 394 4067 cretiaseoccidit.
414 4008 536 4084 Superbi
544 4008 681 4079 expulsio.
701 4014 850 4078 regnatum
860 4013 904 4063 est
912 4006 995 4063 annis
1005 4006 1128 4076 CCLV.]

552 4129 764 4139 ———-
