2566 4524
147 254 211 322 228
409 265 529 321 umus
546 264 618 336 un,
636 264 678 319 37.
692 264 735 319 ss.
754 266 822 333 [au.
833 263 931 333 sear]

146 447 228 511 quae
248 446 333 490 nunc
351 423 464 510 Capua
486 432 547 501 est,
575 421 616 488 ab
636 420 831 489 Samnitibus
855 429 997 508 captam,
1022 419 1170 508 Capuam·

147 541 209 604 que
231 519 271 584 ab
290 521 369 584 duce
387 541 495 583 eorum
514 517 625 602 Capye
643 516 707 597 vel,
731 517 817 600 quod
832 517 965 602 propius
983 538 1061 582 vero
1079 529 1137 595 est,
1153 541 1168 582 a

113 637 129 685 a
147 614 314 700 campestri
332 636 408 700 agro
426 611 623 697 appellatam.
652 633 763 697 cepere
781 621 886 675 autem
903 610 994 696 prius
1013 610 1097 678 bello
1110 612 1167 677 fati-

146 711 229 798 gatis
255 707 399 772 Etruscis
425 707 459 770 in
486 706 667 772 societatem
694 703 781 770 urbis
808 727 1022 792 agrorumque
1052 706 1165 792 accepti,

148 804 261 868 deinde
284 802 367 867 festo
389 801 440 866 die
462 800 569 888 gravis
592 822 702 865 somno
725 799 889 887 epulisque
910 799 1034 866 incolas
1060 815 1164 866 veteres

148 897 224 963 novi
242 896 345 961 coloni
362 907 516 961 nocturna
534 894 629 960 caede
647 894 757 959 adorti.

114 1015 130 1063 3
214 991 277 1056 His
295 990 389 1056 rebus
408 991 486 1056 actis
505 988 651 1055 consules
669 989 705 1067 ii,
724 1010 804 1072 quos
823 987 976 1068 diximus,
996 988 1101 1055 idibus
1113 988 1164 1054 Dc-

113 1109 131 1156 4
147 1085 325 1154 cembribus
344 1085 563 1172 magistratum
581 1106 740 1168 occepere.
767 1083 830 1148 iam
849 1106 913 1148 non
931 1082 1051 1162 solum,
1070 1081 1162 1168 quiul
1199 1162 1202 1171 Ι

145 1185 180 1249 id
197 1182 286 1247 missi
304 1193 405 1258 erant,
427 1180 610 1257 retulerant,
632 1178 783 1243 inminere
800 1178 955 1244 Volscum
974 1177 1106 1256 bellum,
1121 1175 1162 1243 scd
1198 1218 1202 1227 ·

146 1277 242 1364 legati
260 1297 385 1360 quoque
404 1274 443 1339 ab
456 1275 582 1339 Latinis
601 1282 631 1339 et
645 1273 794 1338 Hernicis
812 1272 1015 1352 nuntiabant,
1034 1296 1098 1338 non
1109 1286 1162 1337 ante
1199 1274 1202 1345 j

145 1394 297 1457 umquam
314 1369 450 1435 Volscos
468 1391 527 1433 nec
545 1367 678 1433 ducibus
696 1367 839 1453 legendis
858 1389 917 1432 nee
935 1369 1089 1433 exercitui
1105 1365 1163 1432 seri-
1199 1364 1202 1427 l

113 1487 129 1536 5
147 1466 250 1531 bendo
268 1465 449 1528 intentiores
463 1463 577 1527 fuisse:
596 1461 692 1548 vulgo
706 1461 853 1540 fremere,
872 1462 978 1526 autin
996 1478 1163 1548 perpetuum

146 1584 234 1626 arma
260 1559 440 1642 bellumque
467 1557 616 1622 oblivioni
642 1558 746 1621 danda
767 1557 940 1643 iugumque
962 1557 1164 1643 accipiendum

147 1665 201 1719 aut
218 1654 271 1730 iis,
295 1675 367 1718 cum
386 1652 501 1736 quibus
521 1653 559 1716 de
577 1653 709 1737 imperio
727 1663 876 1730 certetur,
903 1674 963 1717 nee
986 1654 1102 1718 virtute
1118 1670 1163 1715 nec
1193 1660 1196 1665 '

113 1769 128 1818 6
145 1748 296 1836 patientia
313 1770 372 1812 nec
390 1746 556 1832 disciplina
571 1747 617 1811 rei
635 1747 777 1811 militaris
796 1747 973 1811 cedendum
992 1768 1075 1812 esse.
1104 1747 1163 1811 haut

145 1867 227 1908 vana
249 1843 403 1920 adtulere,
432 1843 488 1907 sed
514 1863 573 1907 nec
597 1842 727 1926 perinde
751 1852 857 1927 patres
883 1841 961 1906 moti
990 1855 1065 1906 sunt
1089 1851 1117 1906 et
1134 1837 1162 1903 (l.

147 1937 368 2023 Sempronius,
387 1937 439 2000 cui
457 1959 494 2000 ea
511 1937 672 2021 provincia
690 1937 766 2001 sorti
784 1935 902 2014 evenit,
925 1946 1091 2021 tamquam
1107 1957 1163 2001 con·

146 2031 357 2096 stantissimae
374 2031 434 2107 rei,
457 2029 600 2095 fortunae
618 2030 732 2108 fretus,
751 2031 837 2114 quod
854 2031 981 2096 victoris
1000 2032 1109 2118 populi
1123 2029 1164 2096 ad·

145 2148 257 2190 versus
284 2126 384 2190 victos
411 2125 476 2188 dux
503 2136 601 2202 esset,
633 2126 739 2189 omnia
764 2136 880 2190 temere
907 2148 946 2190 ac
977 2128 1163 2214 neglegenter

113 2241 127 2287 ⁷
146 2221 224 2306 egit,
243 2221 322 2285 adeo
340 2229 376 2284 ut
394 2218 577 2306 disciplinae
590 2219 751 2284 Romanae
765 2220 837 2305 plus
855 2221 888 2284 in
901 2219 1023 2286 Volsco
1042 2220 1161 2287 exercitu

147 2338 242 2398 quam
268 2314 300 2379 in
327 2315 472 2380 Romano
500 2327 593 2380 esset.
634 2337 709 2401 ergo
735 2314 874 2392 fortuna,
905 2327 941 2379 ut
968 2337 1066 2402 saepe
1092 2315 1160 2389 atra

112 2427 127 2476 8
145 2410 293 2474 virtutem
315 2419 364 2475 est
386 2421 502 2475 secuta.
538 2410 640 2496 primo
662 2409 795 2494 proelio,
822 2409 908 2493 quod
930 2409 971 2474 ab
992 2407 1161 2496 Sempronio

145 2506 269 2570 incaute
294 2505 531 2588 inconsulteque
558 2503 750 2568 conmissum
779 2512 841 2581 est,
868 2527 933 2568 non
955 2505 1105 2571 subsidiis
1123 2503 1160 2567 fir-

111 2619 126 2665 s
144 2612 230 2664 mata
247 2599 328 2676 acie,
347 2623 411 2663 non
430 2599 532 2681 equite
551 2608 623 2682 apte
640 2597 742 2662 locato
761 2620 950 2663 concursum
969 2612 1027 2665 est
1065 2600 1161 2664 clamor

144 2694 294 2757 indicium
312 2693 447 2777 primum
466 2693 540 2768 fuit,
560 2714 622 2775 qua
635 2715 685 2756 res
698 2692 885 2756 inclinatura
899 2704 998 2772 esset,
1019 2691 1160 2759 excitatior

146 2787 344 2868 crebriorque
362 2785 401 2849 ab
420 2785 510 2850 hoste
534 2784 690 2865 sublatus3
717 2787 757 2852 ab
775 2787 927 2852 Romanis
947 2789 1108 2866 dissonus,
1126 2786 1159 2848 in·

145 2903 217 2964 par,
246 2880 374 2964 segnius
398 2902 492 2965 saepe
513 2880 641 2944 iteratus
664 2882 783 2946 incerto
806 2881 942 2947 clamore
965 2885 1102 2968 prodidit
1119 2901 1158 2966 pu·

97 2994 129 3040 10
147 2995 256 3036 vorem
275 2973 460 3038 animorum.
489 2997 526 3039 eo
540 2975 674 3039 ferocior
686 2975 800 3041 inlatus
819 2976 919 3041 hostis
939 3000 1053 3064 urgere
1071 2973 1156 3044 scuta

144 3069 259 3132 micare
277 3067 400 3154 gladiis.
437 3068 534 3133 altera
552 3091 591 3132 ex
608 3081 696 3154 parte
714 3080 825 3133 nutant
843 3068 1155 3158 circumspectantibus

94 3183 123 3230 11
144 3164 254 3250 galeae
277 3175 308 3229 et
329 3163 439 3228 incerti
462 3164 616 3249 trepidant
639 3163 859 3275 adplicantque
878 3187 913 3229 se
931 3167 1052 3233 ttubae.
1088 3166 1155 3249 signa

143 3282 228 3324 nunc
254 3260 400 3324 resistent
400 3259 431 3323 ia
457 3260 676 3324 deseruntur
669 3258 708 3323 ab
736 3261 966 3346 antesignanis,
994 3285 1078 3327 nunc
1097 3262 1154 3324 inter
1201 3326 1202 3335 ,

145 3375 220 3417 suos
239 3353 415 3437 manipulos
433 3354 634 3437 recipiuntur.
666 3353 806 3416 nondum
824 3354 903 3440 fuga
921 3368 1021 3435 certa,
1040 3354 1153 3422 nondum

144 3447 275 3509 victoria
296 3457 370 3510 erat.
407 3448 472 3532 tegi
493 3446 594 3531 magis
612 3446 775 3512 Romanus
799 3471 895 3532 quam
917 3473 1074 3537 pugnare:
1098 3439 1152 3511 Vol

145 3562 218 3604 scus
244 3539 412 3603 inferre
387 3562 492 3625 s1gna,
524 3563 636 3627 urgere
662 3541 775 3619 aciem,
807 3543 879 3628 plus
907 3546 1015 3612 caedis
1041 3542 1151 3611 hostum

145 3634 254 3696 videre
273 3655 368 3716 quam
386 3634 492 3720 fugae

112 3747 126 3793 1
208 3726 413 3792 XXXVIII.
457 3728 526 3792 Iam
558 3729 703 3794 omnibus
734 3730 811 3796 locis
839 3733 922 3797 cedit
910 3745 961 3799 tur
987 3734 1149 3820 nequiquam

110 3840 125 3888 2
146 3818 332 3906 Sempronio
356 3823 483 3887 consule
506 3823 689 3911 obiurgante
712 3837 806 3909 atque
829 3828 983 3896 hortante
1020 3829 1092 3896 nihil
1110 3832 1150 3887 11⁰⁰

143 3915 308 4002 imperium
326 3941 385 3983 nec
403 3920 549 3984 maiestas
568 3920 706 3998 valebat,
726 3921 779 3985 dat
767 3934 861 4006 taque
879 3948 955 3990 mox
974 3936 1062 4013 terga
1077 3908 1150 3987 hosti·

143 4006 203 4076 bus
225 4013 340 4094 forent,
369 4014 401 4079 ni
425 4013 506 4081 Sex.-
520 4014 713 4102 Tempanius
736 4017 864 4083 decurio
887 4022 1029 4105 equitum
1049 4014 1148 4085 labsssll
