2566 4524
383 230 503 287 11111
518 230 564 304 x,
579 233 623 291 aa
635 233 680 290 aa.
700 236 738 305 [a
749 230 852 304 1111]
1071 218 1137 286 525

103 388 265 481 perculsos
292 388 446 455 sustinere
473 398 609 476 poterat,
635 400 758 477 patrem
782 389 821 455 P.
844 388 983 456 Decium
1009 389 1136 457 nomine

104 484 303 573 conpellans:
319 482 423 568 “quid
445 484 527 550 ultra
547 483 668 551 moror’
694 484 796 570 inquit
823 483 994 550 ‘familiare
1015 484 1136 550 fatum?
1155 505 1187 554 11

102 580 211 647 datum
227 578 290 647 hoo
306 587 415 645 nostro
431 579 541 667 generi
558 588 616 659 est,
634 589 670 645 nt
685 578 809 645 luendis
830 578 978 665 periculis
1000 577 1134 667 publicis

102 675 227 764 piacula
245 674 360 741 simus:
378 673 443 740 iam
461 695 522 763 ego
539 696 664 740 mecum
681 673 820 740 hostium
836 673 977 762 legiones
995 683 1135 739 mactan-

101 769 158 837 das
167 768 291 837 Telluri
304 791 343 836 ac
355 768 416 835 diis
434 769 580 835 manibus
594 768 696 835 dabo?
721 769 801 835 haec
812 769 936 836 locutus
945 769 993 835 M.
1003 769 1134 835 Livium
1154 792 1188 840 14

103 863 294 953 pontificem,
309 886 404 950 quem
423 863 617 930 descendens
634 864 669 927 in
685 864 786 930 aciem
799 864 922 953 digredi
939 873 1081 931 vetuerat
1094 863 1134 931 ab

104 983 151 1041 11,
174 960 298 1048 praeire
323 960 417 1026 iussit
438 959 550 1039 verba,
573 960 688 1045 quibus
711 984 746 1028 se
767 961 970 1049 legionesque
996 963 1135 1029 hostium

103 1076 159 1143 pro
176 1055 320 1121 exercitu
335 1053 445 1142 populi
456 1054 594 1121 Romani
603 1054 773 1140 Quiritium
791 1058 969 1123 devoveret.
1001 1058 1134 1124 devotus
1155 1078 1187 1126 15

103 1150 176 1217 iude
203 1151 316 1217 eadem
340 1150 521 1236 precatione
549 1149 723 1235 eodemque
748 1151 872 1230 habitu,
896 1173 958 1237 quo
984 1161 1075 1239 pater
1094 1150 1133 1218 P.

103 1244 225 1313 Decius
239 1243 437 1311 adVeserim
453 1243 537 1311 bello
549 1244 668 1311 Latino
686 1268 721 1312 se
738 1246 874 1313 iusserat
891 1246 1047 1326 devoveri,
1062 1268 1135 1311 cum
1154 1265 1186 1314 11

103 1340 279 1409 secundum
296 1341 464 1409 sollemnes
481 1342 676 1428 precationes
695 1343 875 1421 adiecisset,
893 1366 968 1431 prae
987 1365 1022 1409 11
1040 1364 1135 1430 agere

102 1456 172 1503 κω
195 1435 397 1503 formidinem
418 1457 457 1505 ac
479 1436 590 1524 fugam
611 1435 802 1521 caedemque
824 1459 862 1502 aa
885 1459 1040 1516 cruorem,
1064 1458 1135 1502 111-

101 1526 230 1599 lestium
241 1528 414 1597 inferorum
426 1530 499 1610 1111,
514 1539 731 1597 contacturum
743 1530 928 1598 funebribus
942 1531 1018 1597 diris
1032 1531 1133 1618 signa,
1153 1551 1184 1598 rt

101 1622 178 1704 tela,
197 1648 286 1693 arma
302 1625 440 1695 hostium
457 1625 625 1711 locumque
644 1627 777 1692 eundem
796 1649 872 1693 suae
888 1627 987 1715 pestis
1005 1648 1043 1693 ao
1057 1623 1135 1695 Gal-

101 1716 204 1787 lorum
221 1741 261 1787 ac
280 1716 470 1787 Samnitium
487 1720 618 1799 fore,-
631 1720 709 1787 haec
728 1730 891 1787 execratus
909 1721 942 1786 in
960 1743 995 1787 se
1012 1721 1136 1787 hostes·
1154 1736 1186 1787 18

100 1834 164 1899 qne
180 1836 248 1900 qua
264 1814 529 1881 confertissimam
546 1813 694 1882 cernebat
703 1810 867 1881 Gallorum
885 1814 985 1880 aciem
1000 1813 1135 1880 concitat

100 1928 228 1995 equum
246 1906 449 1995 inferensque
466 1933 500 1976 11
518 1909 587 1995 ipse
604 1908 729 1975 infestis
747 1908 817 1974 telis
835 1917 884 1974 est
900 1907 1094 1974 interfectus.

162 2001 354 2069 XXVIIII.
381 2003 448 2071 Vix
467 2004 625 2069 humanae
646 2003 720 2069 inde
742 2003 811 2089 opis
829 2002 928 2068 videri
949 2025 1058 2092 pugna
1077 2023 1167 2090 pro-1
1259 2024 1264 2032 ·

99 2097 168 2165 tnit.
209 2097 348 2165 Romani
374 2098 455 2164 duce
481 2098 613 2176 amisso,
641 2120 722 2184 quae
748 2120 799 2163 res
825 2097 934 2164 terrori
959 2097 1037 2164 alias
1064 2118 1135 2165 esse

91 2191 198 2271 ¹solet,
217 2191 330 2259 sistere
346 2192 458 2281 fugam
476 2215 514 2259 11
531 2215 647 2258 novam
664 2193 704 2258 de
721 2191 844 2278 integro
862 2191 943 2258 velle
960 2192 1134 2259 instaurare

96 2308 260 2375 pugnarat
288 2283 388 2366 Galli,
412 2297 443 2353 11
464 2288 600 2355 maxime
626 2286 740 2374 globus
768 2286 973 2350 circumstans
996 2285 1134 2351 consulis
1153 2304 1168 2352 2

97 2403 231 2470 eorpus,
250 2382 337 2449 velut
354 2380 489 2449 alienata
506 2393 611 2449 mente
629 2406 712 2448 vana
728 2380 762 2446 in
779 2401 906 2446 cassum
922 2379 1039 2445 iactare
1056 2378 1134 2460 tela3

97 2485 225 2565 torpere
247 2476 377 2562 quidam
399 2486 430 2544 11
451 2498 511 2544 nec
531 2499 657 2565 pugnae
678 2474 859 2541 meminisse
880 2495 939 2539 nec
960 2472 1066 2561 fugae.
1102 2481 1168 2543 111

99 2592 140 2639 ex
155 2578 250 2659 parte
266 2570 366 2637 altera
381 2571 527 2659 pontifex
544 2571 669 2649 Livius,
688 2569 740 2636 cui
757 2568 881 2634 lictores
898 2566 1021 2633 Decius
1038 2567 1135 2632 tradi-

96 2664 192 2735 derat
215 2664 414 2752 iusseratque
444 2689 502 2753 pro
531 2674 675 2752 praetore
701 2687 785 2743 esse,
812 2662 991 2742 vociferari,
1017 2660 1134 2729 vicisse

95 2760 265 2829 1111111111
295 2759 462 2828 defimctos
494 2761 633 2828 consulis
664 2759 744 2839 fato,
772 2755 884 2826 Gallos
911 2756 1168 2843 Samnitesquea

96 2853 240 2942 Telluris
256 2856 366 2923 matris
384 2879 423 2923 ac
441 2856 571 2922 deomm
587 2854 733 2921 Manium
751 2877 835 2935 esse,
857 2876 967 2942 rapere
984 2855 1026 2921 ad
1043 2875 1078 2921 se
1095 2874 1134 2920 ac

95 2974 215 3021 vocare
222 2950 362 3019 Decium
380 2952 527 3019 devotam
545 2974 653 3017 secum
670 2950 769 3017 aciem
787 2951 1001 3034 furiarumque
1015 2973 1053 3016 ac
1069 2949 1135 3016 for·

96 3045 230 3115 midinis
247 3044 344 3133 plena
360 3047 467 3113 omnia
484 3047 525 3113 ad
542 3047 650 3111 hostes
669 3065 749 3109 esse.
778 3044 1002 3129 superveniunt
1019 3041 1133 3108 deinde
1151 3060 1167 3108 1

94 3138 149 3209 his
165 3140 406 3208 restituentibus
423 3163 566 3229 pugnam
583 3140 625 3204 L.
641 3136 806 3204 Cornelius
825 3133 933 3222 Scipio
952 3148 983 3201 et
996 3133 1035 3201 C.
1045 3134 1133 3199 Mar·

95 3235 168 3305 cina
185 3256 262 3303 cum
279 3234 430 3303 subsidiis
448 3257 489 3301 ex
505 3232 678 3300 novissima
698 3231 766 3297 acie
787 3231 877 3297 iussu
896 3227 936 3312 Q.
954 3228 1037 3296 Fabi
1059 3250 1133 3293 con-

95 3328 180 3399 sulis
195 3329 240 3397 ad
260 3329 454 3417 praesidium
474 3328 614 3417 collegae
635 3325 734 3394 missi.
773 3324 819 3392 ibi
840 3324 965 3391 auditm
981 3323 1020 3390 P.
1038 3322 1134 3389 Decii

94 3432 243 3505 eventus,
255 3424 371 3514 ingens
380 3424 543 3491 hortamen
555 3420 778 3507 adomniapro
790 3417 965 3506 republica
977 3418 1132 3488 audenda.

93 3518 206 3605 itaque
228 3541 302 3585 oum
324 3515 411 3587 Galli
432 3517 559 3586 11111111
585 3525 657 3583 ante
679 3537 714 3581 se
737 3513 834 3580 scutis
860 3512 993 3579 conferti
1015 3522 1132 3580 starent
1150 3530 1165 3579 1

93 3632 159 3679 nec
175 3611 279 3679 facilis
296 3613 379 3700 pede
397 3611 522 3680 conlato
540 3609 698 3677 videretur
713 3631 830 3696 pugna,
848 3606 940 3674 iussu
955 3607 1132 3699 legatorum

95 3705 243 3775 conlecta
260 3707 350 3773 humi
366 3706 445 3794 pila,
468 3727 549 3791 quae
568 3713 665 3770 strata
681 3701 761 3767 inter
777 3702 857 3769 duas
874 3700 959 3769 acies
976 3701 1129 3781 iacebant,

94 3808 195 3887 atque
217 3799 251 3866 in
272 3800 463 3867 testudinem
489 3797 628 3865 hostium
651 3796 801 3865 coniecta
836 3794 951 3881 quibus
973 3794 1129 3883 plerisque
1149 3812 1164 3858 r

94 3894 132 3963 in
153 3903 248 3963 scuta
268 3894 410 3980 rarisque
431 3893 465 3959 in
487 3915 619 3980 corpora
639 3891 709 3980 ipsa
733 3890 806 3958 fixis
828 3889 975 3958 sternitur
1000 3907 1129 3966 cuneus,

93 3986 142 4059 ita
158 3999 196 4057 ut
208 4012 327 4079 magna
342 4011 418 4078 pars
435 3986 565 4074 integris
583 3985 764 4074 corporibus
782 3982 905 4052 11111111
921 3978 1129 4048 conciderent.
