2566 4524
303 239 422 295 mnna
438 242 475 312 v,
494 241 555 296 aa
576 240 805 311 [acroama]
1008 230 1071 297 259

65 421 95 464 ae
112 397 314 477 insultarent,
333 420 404 464 cum
422 407 550 485 repente
568 399 683 483 quibus
702 422 815 466 census
835 409 979 484 equester
997 415 1072 480 erat,
1089 423 1108 473 5

65 493 112 578 qui
129 492 251 579 publici
268 516 331 558 non
349 504 436 559 erant
453 493 624 580 adsignati,
649 495 779 560 consilio
796 496 883 581 prins
901 496 982 562 inter
1004 520 1074 563 sese

65 589 147 655 abito
167 598 313 654 senatum
330 589 447 654 adeunt
464 588 610 672 factaque
628 589 753 655 dicendi
769 601 924 676 potestate
937 593 1026 677 equis
1040 615 1074 658 se

65 685 105 748 ris
124 683 284 769 stipendia
301 683 440 749 facturos
458 683 653 769 promittunt.
690 684 805 768 quibus
824 709 896 750 cum
918 688 1074 773 amplissi-
1093 708 1107 756 6

65 780 98 844 iifl
116 777 225 844 verbis
243 779 363 864 gratiae
381 778 421 844 ab
440 789 552 843 senatu
569 787 658 843 actae
676 789 781 844 essent
799 780 946 865 famaque
968 805 1005 847 ea
1027 782 1076 848 fo-

65 897 108 938 rm
126 871 351 960 atqueurbem
369 874 574 958 pervasisset,
594 872 698 947 subito
717 875 757 938 ad
771 876 890 941 curiam
903 898 1073 942 concursus

65 966 209 1054 :plebis3
227 966 382 1052 pedestris
401 967 517 1032 ordinis
537 990 570 1032 se
589 967 676 1032 aiunt
693 991 777 1033 nunc
796 992 866 1034 esse
885 992 1074 1056 operamque
1094 995 1107 1040 7

67 1062 78 1125 i
92 1061 242 1148 publicae
261 1075 349 1126 extra
362 1063 502 1128 ordinem
515 1063 668 1148 polliceri,
689 1086 745 1129 seu
754 1063 852 1129 Veios
867 1087 924 1128 seu
937 1088 1000 1149 quo
1014 1067 1074 1132 alio

65 1178 153 1222 icere
175 1156 282 1221 velint.
319 1157 346 1221 si
363 1156 462 1223 Veios
485 1158 571 1222 ducti
594 1158 669 1236 sint,
696 1167 814 1243 negant
836 1158 964 1223 scinde
986 1162 1073 1245 prius

65 1273 137 1314 nam
153 1259 248 1336 capta
269 1249 347 1315 urbe
369 1251 508 1316 hostium
529 1253 684 1317 redituros
708 1273 788 1317 esse.
825 1261 892 1316 tum
914 1275 988 1318 vero
1010 1254 1073 1318 iam
1092 1276 1108 1323 a

65 1343 280 1430 ipcrfimdenti
299 1367 333 1409 se
350 1344 486 1410 laetitiae
506 1345 559 1410 vix
581 1355 787 1430 temperatum
812 1355 868 1411 est.
905 1369 968 1411 non
991 1349 1073 1412 enim

65 1450 121 1505 cut
135 1440 257 1524 equites
273 1440 347 1505 dato
361 1440 596 1527 magistratibus
610 1441 738 1526 negotio
750 1441 871 1506 laudari
884 1441 963 1507 iussi
971 1465 1074 1527 neque

65 1546 93 1599 it
104 1535 140 1599 in
153 1535 273 1600 curiam
283 1536 395 1614 vocati,
414 1534 530 1619 quibus
543 1558 732 1621 responsum
746 1536 882 1615 daretur,
902 1547 955 1602 aut
967 1536 1073 1602 limine
1093 1558 1107 1604 9

65 1630 143 1695 iriae
163 1629 382 1695 continebatur
400 1641 540 1708 senatus,
565 1632 622 1695 sed
643 1653 700 1716 pro
719 1653 753 1696 se
771 1632 905 1715 quisque
924 1655 963 1697 ex
982 1654 1075 1719 supe-

65 1747 117 1790 ore
134 1724 206 1790 loco
224 1725 264 1789 ad
283 1725 514 1790 multitudinem
531 1725 564 1789 in
583 1727 708 1790 comitio
728 1735 862 1790 stantem
880 1750 956 1791 voce
975 1729 1075 1792 mani·

65 1842 161 1905 nsque
181 1820 357 1906 significare
374 1820 534 1907 publicam
551 1821 714 1899 laetitiam,
738 1821 862 1886 beatam
880 1821 991 1887 urbem
1008 1823 1074 1887 Ro-
1093 1843 1124 1890 10

65 1939 166 1981 ranam
197 1926 230 1981 et
259 1916 408 1981 invictam
440 1926 471 1981 et
501 1927 659 1981 aeternam
686 1916 740 1981 illa
766 1916 933 1991 concordia
959 1918 1096 1995 dicere,-

65 2009 167 2075 andare
194 2010 330 2094 equites,
362 2010 489 2076 laudare
511 2011 651 2096 plebem,
685 2012 768 2075 diem
793 2011 900 2098 ipsum
925 2012 1072 2078 laudibus

65 2107 135 2182 erre,
153 2104 271 2169 victam
290 2125 360 2170 esse
378 2104 470 2169 fateri
489 2105 666 2170 comitatem
680 2104 968 2192 benignitatemque
983 2130 1073 2172 sena-

65 2217 106 2262 ns.
139 2198 281 2263 certatim
303 2198 443 2285 patribus
467 2198 615 2284 plebique
633 2222 761 2264 manare
779 2201 895 2285 gaudio
913 2201 1070 2280 lacrimae,
1092 2221 1122 2269 11

65 2288 140 2356 laneo
165 2293 320 2358 revocatis
347 2294 381 2357 in
411 2294 529 2358 curiam
560 2292 702 2377 patribus
735 2304 862 2358 senatus
893 2294 1072 2359 consultum

65 2380 158 2450 lactum
176 2396 239 2464 est,
261 2397 297 2451 ut
314 2388 431 2453 tribuni
448 2386 597 2451 militares
621 2386 763 2451 contione
786 2388 939 2452 advocata
960 2388 1122 2472 pediti-12

65 2472 105 2546 bus
116 2482 333 2567 equitibusque
347 2484 464 2571 gratias
479 2492 620 2571 agerent,
640 2505 811 2548 memorem
823 2483 948 2569 pietatis
964 2505 1073 2548 eorum

65 2591 121 2660 erga
132 2578 266 2663 patriam
284 2579 422 2643 dicerent
441 2588 584 2643 senatum
597 2577 678 2656 fore3
696 2577 821 2663 placere
835 2587 953 2656 autem,
972 2577 1073 2641 omni-

65 2661 107 2734 bns
121 2670 166 2737 his
185 2672 394 2738 voluntariam
412 2682 499 2737 extra
518 2672 658 2737 ordinem
675 2671 827 2757 professis
842 2671 985 2736 militiam
999 2693 1073 2736 aera

65 2767 216 2846 procedere.
254 2778 285 2831 et
307 2768 405 2851 equiti
423 2776 525 2832 certus
543 2789 693 2832 numerus
712 2766 792 2832 aeris
811 2775 860 2832 cst
877 2766 1070 2854 adsignatus.

65 2860 114 2924 tum
127 2860 261 2948 primum
281 2862 370 2945 equis
388 2884 507 2927 merere
526 2861 647 2946 equites
666 2871 845 2947 coeperunt.
877 2860 1071 2927 voluntarius
1092 2879 1123 2927 13

65 2947 153 3022 luctus
176 2956 332 3021 exercitus
351 2955 449 3020 Veios
472 2979 535 3020 non
556 2956 675 3021 amissa
697 2957 792 3020 modo
813 2956 949 3021 restituit
966 2979 1070 3043 opera,
1189 3014 1195 3028 .

65 3045 106 3109 sed
124 3072 203 3115 nova
231 3049 327 3115 etiam
351 3049 493 3114 instituit.
529 3049 569 3115 ab
592 3049 669 3115 urbe
692 3059 885 3114 commeatus
907 3050 1072 3114 intentiore

65 3154 140 3217 quam
155 3154 244 3208 antea
263 3143 396 3209 subvehi
414 3166 502 3223 cura,
522 3165 562 3209 ne
580 3144 657 3228 quid
675 3153 738 3209 tam
756 3142 837 3208 bene
855 3143 965 3206 merito
984 3164 1072 3205 exer-

65 3229 121 3298 ritui
136 3238 174 3302 ad
190 3261 287 3303 usum
306 3239 438 3303 deesset.

108 3327 196 3397 VIII.
224 3331 400 3416 Insequens
415 3355 516 3397 annus
531 3331 672 3397 tribunos
690 3331 824 3395 militum
841 3328 998 3395 consulari
1015 3350 1072 3415 po·
1090 3351 1103 3396 1

65 3427 150 3491 {estate
164 3426 275 3491 habuit
290 3426 328 3492 (l.
345 3424 513 3493 Servilium
526 3424 665 3490 Ahalam
680 3424 818 3502 tertium,
839 3423 879 3507 Q.
892 3421 1070 3500 Servilium,

65 3510 88 3581 [ι.
95 3516 288 3608 Verginium,
305 3520 345 3603 Q
358 3519 544 3606 Sulpicium,
560 3518 602 3584 A.
612 3518 771 3583 Manlium
783 3520 906 3596 iterum,
924 3517 981 3583 Μ’.
997 3516 1071 3584 Ser-

65 3606 127 3691 dum
147 3616 272 3681 iterum.
308 3615 358 3679 his
381 3614 528 3692 tribunis,
553 3615 628 3678 dum
651 3635 727 3679 cura
744 3613 884 3678 omnium
901 3613 935 3677 in
951 3611 1070 3678 Veiens
1089 3631 1103 3678 2

65 3705 155 3775 >ellum
176 3711 298 3776 intenta
319 3720 380 3787 est,
407 3709 586 3796 neglectum
607 3706 735 3772 Anxuri
760 3707 951 3793 praesidium
978 3729 1071 3771 vaca-

65 3791 174 3871 ionibus
197 3805 332 3869 militnm
355 3813 386 3869 et
403 3803 538 3870 Volscos
562 3811 749 3868 mercatores
768 3802 864 3888 vulgo
881 3800 1069 3885 receptando

65 3900 168 3967 *reditis
187 3909 317 3987 repente
334 3909 495 3986 portarum
513 3897 697 3964 custodibus
716 3920 901 3984 oppressum
919 3904 976 3959 est.
1012 3893 1070 3956 mi-
1088 3910 1102 3958 3

65 4007 99 4060 us
115 3996 251 4063 militnm
268 3994 373 4080 periit,
393 3995 466 4079 quia
482 4003 606 4080 praeter
623 4015 734 4080 aegros
747 3992 882 4056 lixarum
894 3990 928 4054 in
940 3988 1203 4262 medor

847 4090 900 4143 17*
1033 4118 1050 4141 .-
