2566 4524
212 241 254 307 26
453 252 571 309 arnna
588 252 616 322 1,
634 252 675 306 23.
689 251 731 306 24.
751 256 827 322 [au.
841 253 1005 322 saa-114]

212 413 349 481 nemra
365 434 416 477 res
435 419 552 495 quanta
569 411 656 476 eirca.
668 433 727 477 nos
744 419 838 496 teque
855 411 993 477 maxime
1012 411 1068 489 sit,
1091 433 1155 495 quo
1171 434 1230 499 pro

211 507 424 594 pion-liberis,
442 507 503 571 hoc
520 506 623 591 magis
641 505 713 570 scis.
749 506 883 571 multum
900 505 947 570 illi
963 514 1055 584 terra,
1073 506 1232 592 plurimum
1259 558 1262 563 .

179 621 193 668 9
213 602 291 666 mari
308 601 435 686 pollent.
472 609 690 678 memoresto,
718 599 781 664 iam
804 622 876 664 cum
895 600 1022 687 signum
1042 621 1172 687 pugnae
1188 601 1233 669 da·

211 696 272 774 bis,
291 695 348 761 has
367 696 446 760 duas
465 695 548 759 acies
567 694 744 779 spectaculo
758 694 835 772 fore,
854 703 889 759 ut
902 695 1005 759 fessos
1019 694 1234 780 confectosque

214 790 307 855 simul
325 789 475 855 victorem
492 810 530 854 ac
546 788 665 853 victum
687 789 917 875 adgrediamur.
952 789 1060 873 itaque
1082 788 1110 855 si
1132 813 1190 859 nos
1208 788 1235 855 di

213 893 332 961 amant,
361 883 510 968 quoniam
534 905 598 948 non
625 883 762 948 contenti
786 883 930 948 libertate
953 892 1038 947 certa
1059 882 1094 948 in
1116 883 1236 963 dubiosa

213 977 335 1063 imperii
362 978 541 1062 servitiique
567 977 667 1042 aleam
689 977 788 1055 imus,
814 977 958 1042 ineamus
984 977 1123 1062 aliquam
1150 978 1235 1056 viam

213 1095 289 1156 qua,
317 1073 379 1136 utri
400 1073 478 1137 utris
500 1072 666 1157 imperent,
695 1071 762 1136 sine
784 1094 901 1159 magna
922 1070 1032 1149 clade,
1054 1072 1125 1139 sine
1147 1072 1237 1143 multo

163 1188 196 1234 10
214 1166 366 1252 sanguine
384 1167 546 1250 utriusque
564 1166 672 1253 populi
691 1166 817 1230 decerni
838 1164 958 1251 possit?
992 1165 1080 1231 haud
1100 1166 1238 1253 displicet

212 1283 263 1326 res
282 1260 385 1340 Tulle,
405 1283 595 1345 quamquam
615 1284 687 1325 cum
703 1261 808 1326 indole
827 1260 923 1325 animi
941 1273 1009 1325 tum
1021 1283 1079 1346 spe
1095 1261 1237 1331 victoriae

213 1355 346 1421 firrocior
368 1365 443 1421 erat.
479 1355 700 1439 quaerentibus
724 1355 880 1439 utrimque
902 1355 982 1420 ratio
1004 1354 1116 1443 initur,
1143 1356 1238 1423 cuia

213 1449 340 1515 fortuna
356 1451 427 1535 ipsa
444 1450 591 1535 praebuit
606 1450 779 1515 materiam.

183 1567 193 1610 1
277 1544 432 1609 XXIIII.
467 1545 562 1610 Forte
584 1545 617 1608 in
639 1544 762 1609 duobus
785 1553 853 1608 tum
875 1543 1063 1611 exercitibus
1087 1556 1179 1613 erant
1192 1542 1238 1615 tri

215 1638 333 1725 gemini
355 1638 467 1703 fratres
490 1661 549 1704 nec
572 1649 673 1704 aetate
694 1661 753 1704 nec
770 1638 890 1704 viribus
913 1638 1071 1724 dispares:
1093 1637 1237 1705 Horatios

216 1731 438 1817 Curiatiosque
462 1733 561 1799 fuisse
585 1733 660 1799 satis
684 1742 806 1798 constat
832 1754 891 1797 nee
917 1733 1016 1798 ferme
1042 1755 1095 1798 res
1118 1734 1256 1817 antiqua,

214 1827 277 1893 alia
298 1837 346 1893 est
368 1828 515 1907 nobilior,
542 1828 703 1893 tamenin
724 1851 758 1893 re
781 1837 846 1892 tam
867 1826 953 1893 clara
974 1827 1141 1897 nominum
1162 1846 1238 1895 error

215 1931 329 2000 manet,
348 1923 448 1986 utrius
466 1922 576 2008 populi
591 1922 726 1999 Horatii,
746 1922 846 1986 utrius
865 1920 998 1987 Curiatii
1015 1922 1142 1988 fuerint,
1173 1942 1237 1993 aar

215 2027 298 2082 tores
322 2026 454 2101 utroque
477 2017 615 2081 trahunt:
642 2016 748 2102 plures
767 2025 873 2081 tamen
893 2017 1033 2095 invenio,
1056 2016 1113 2100 qui
1129 2017 1237 2085 Roma·

215 2133 274 2175 nos
292 2110 442 2178 Horatios
461 2121 586 2191 vocent3
604 2111 717 2176 bosut
735 2134 857 2195 sequar,
876 2111 1004 2176 inclinat
1021 2113 1157 2179 animus.

181 2225 197 2271 2
282 2205 365 2271 Cum
382 2207 556 2292 trigeminis
576 2216 674 2293 agunt
690 2229 791 2293 reges,
810 2215 846 2271 ut
857 2228 915 2292 pro
929 2229 987 2271 sua
999 2206 1134 2290 quisque
1147 2205 1236 2294 patris

216 2300 364 2366 dimicent
385 2302 482 2366 ferro:
509 2301 554 2368 ibi
579 2301 746 2387 imperium
771 2301 852 2379 fore,
880 2301 964 2365 unde
985 2301 1117 2367 victoria
1142 2300 1234 2367 fucrit·

182 2394 294 2462 anihil
319 2407 495 2475 recusatur,
527 2407 652 2483 tempus
679 2406 710 2461 et
740 2395 829 2460 locus
862 2395 1016 2460 convenit.
1061 2397 1235 2482 priusquam

216 2491 413 2570 dimicarent,
441 2492 554 2557 foedus
575 2492 674 2556 ictum
696 2491 776 2555 inter
793 2490 955 2556 Romanos
978 2499 1010 2553 et
1030 2489 1178 2557 Albanos
1197 2488 1235 2555 eat

215 2585 264 2650 his
283 2586 422 2672 legibus,
441 2596 489 2664 ut,
509 2587 661 2669 cuiusque
678 2585 788 2670 populi
805 2585 890 2649 cives
909 2606 947 2648 eo
965 2585 1137 2655 certamine
1154 2583 1235 2653 vicie·

217 2689 295 2755 sent,
314 2680 341 2743 is
360 2680 449 2743 alteri
466 2678 582 2765 populo
600 2701 673 2743 eum
690 2679 774 2744 bona
790 2699 869 2763 pace
886 2677 1088 2763 imperitaret.

279 2772 423 2838 Foedera
440 2772 501 2837 alia
519 2773 587 2838 aliis
605 2773 739 2860 legibus,
759 2781 897 2837 ceterum
910 2772 1022 2839 eodem
1034 2768 1234 2843 modronuia

181 2887 198 2933 4
216 2865 304 2930 finnt.
340 2875 408 2931 tum
425 2866 470 2931 ita
486 2867 604 2932 factum
623 2867 812 2952 accepimus,
832 2888 890 2931 nec
903 2866 999 2932 ullius
1011 2868 1166 2933 uetustior
1181 2865 1234 2933 foe·

217 2960 300 3025 deria
327 2962 477 3027 memoria
504 2971 570 3027 est:
606 2961 721 3027 fetialis
746 2984 855 3048 regem
881 2961 1011 3026 Tullum
1039 2961 1085 3027 ita
1123 2957 1233 3049 rogavit

219 3054 363 3121 ‘iubesne
380 3080 445 3136 me,
472 3081 542 3134 rex,
571 3079 644 3121 cum
661 3067 749 3142 patre
767 3066 890 3142 patrato
913 3056 1023 3142 populi
1037 3054 1162 3127 Albani
1181 3054 1236 3125 iot·

217 3150 276 3215 dus
286 3150 410 3217 serire?'
430 3151 556 3218 iubente
568 3173 653 3238 rege,
669 3150 840 3237 ‘sagmina'
853 3151 954 3234 inquit
973 3157 1027 3226 ‘te,
1041 3173 1109 3228 rex,
1124 3145 1235 3237 poseo3'

183 3265 198 3312 5
216 3267 272 3309 rex
302 3246 346 3309 ait
374 3251 499 3332 ‘puram
516 3245 640 3324 tollito‚'
666 3244 782 3311 fetialis
801 3268 841 3309 ex
858 3267 929 3310 arce
947 3244 1099 3331 graminis
1119 3244 1238 3315 herbam

216 3360 328 3424 puram
345 3340 461 3417 attulit,
480 3351 591 3427 postea
608 3362 716 3425 regem
733 3339 777 3403 ita
794 3340 930 3425 rogavit:
955 3345 1039 3416 ‘rex,
1059 3337 1184 3409 facisne.
1196 3354 1238 3409 m

217 3438 253 3494 tu
268 3432 391 3517 regium
408 3433 553 3497 nuntium
569 3433 678 3518 populi
695 3433 832 3500 Romani
852 3432 1037 3514 Quiritium,
1056 3455 1136 3499 vasa
1153 3429 1239 3505 conri-
1258 3448 1262 3455 '

218 3532 328 3608 tesqua
345 3525 474 3604 meosl',
497 3549 554 3591 rex
570 3528 743 3612 respondit:
774 3528 872 3611 ‘quod
890 3527 957 3592 sine
974 3526 1086 3593 fraude
1103 3550 1181 3599 mea.
1192 3546 1240 3613 pe·

182 3619 345 3703 opulique
370 3620 507 3685 Romani
534 3620 704 3702 Quiritium
730 3622 798 3699 fiat,
826 3620 928 3691 facio!
963 3620 1081 3686 fetialis
1107 3632 1176 3689 erat
1198 3614 1240 3685 ll.
1267 3682 1275 3713 ,Ι

217 3711 373 3781 Valerius.
403 3714 432 3780 is
449 3726 571 3802 patrem
587 3726 745 3802 patratum
760 3713 910 3802 Sputum
923 3715 1057 3781 Fusium
1075 3715 1162 3794 fecit,
1179 3734 1242 3780 ver·

217 3807 305 3872 bena
321 3818 415 3894 caput
441 3810 632 3895 capillosque
659 3822 801 3899 tangens.
841 3822 930 3896 pater
954 3819 1097 3895 patratus
1120 3810 1164 3875 ad
1195 3809 1241 3874 ius

217 3902 383 3968 iurandum
400 3906 601 3990 patrandum,
624 3907 657 3970 id
675 3916 723 3972 est
741 3905 944 3973 sanciendum
961 3904 997 3971 fit
1014 3903 1145 3982 foedus,
1168 3899 1243 3977 naul-

209 3996 320 4082 eisque
336 3997 370 4063 id
387 3998 501 4077 verbis,
520 4022 600 4083 quae
617 4001 714 4086 longo
732 4000 827 4065 effata
840 3999 976 4064 carmine
990 4020 1054 4064 non
1068 4018 1184 4085 operae
1199 4000 1243 4063 eet
