2566 4524
133 247 200 317 274
364 259 483 316 urana
500 258 536 331 v,
554 258 651 314 aaa.
670 256 931 331 [essessa]

132 419 303 507 iraplebis.
335 430 367 485 et
379 418 464 503 quod
476 417 622 483 rettulere
640 438 748 483 secum
765 417 915 504 praedae,
934 438 994 484 neo
1005 418 1088 497 duci,
1103 419 1144 503 qui

111 544 117 552 ²
134 518 175 582 ad
194 524 351 592 senatum,
369 512 572 600 malignitatis
590 522 732 578 auctores
751 512 945 595 quaerendo,
962 534 1031 579 rem
1048 512 1145 579 arbitrii
1182 554 1185 593 ς

100 631 116 678 a
135 611 185 678 sui
201 610 375 686 reiecisset,
397 629 457 673 neo
475 608 610 685 senatui,
634 608 691 672 sed
708 607 852 673 Liciniae
869 608 1024 688 familiae,
1046 631 1083 675 ex
1097 632 1145 695 qus

134 705 217 771 filius
231 706 273 779 ad
288 713 431 769 senatum
444 701 624 781 rettulisset,
637 712 727 788 pater
740 712 804 767 tam
816 703 979 789 popularis
995 704 1145 770 sententias

101 819 117 866 s
135 808 245 865 auctor
265 797 392 875 fuisset,
421 805 585 881 acceptum
606 796 792 861 referebant.
830 819 902 862 curn
923 797 989 863 iam
1011 799 1145 865 humanae

135 916 212 980 opes
226 904 353 980 egestae
368 890 483 957 aVeiis
499 901 618 970 essent,
637 892 758 956 amoliri
771 900 838 957 tum
851 893 947 957 deum
965 894 1050 960 dona
1065 896 1145 981 ipsos·

134 1009 197 1072 que
219 988 310 1064 deos,
338 986 394 1051 sed
417 983 584 1050 colentium
606 985 707 1071 magis
730 1007 825 1069 quam
846 986 1036 1071 rapientium
1061 988 1144 1064 modo,

100 1104 118 1150 4
135 1102 276 1167 coepere.
311 1101 447 1163 namque
470 1078 582 1143 delecti
603 1100 643 1142 ex
665 1079 751 1143 omni
772 1080 911 1145 exercitu
931 1081 1063 1147 iuvenes
1084 1100 1144 1168 pure

133 1174 227 1241 lautis
250 1173 447 1260 corporibus,
470 1172 603 1237 candida
624 1183 726 1251 veste,
754 1172 869 1257 quibus
891 1174 1144 1260 deportandalio

133 1291 219 1335 mam
244 1270 355 1355 regina
375 1268 457 1332 Iuno
483 1267 648 1353 adsignata
670 1277 750 1345 erat,
776 1267 993 1334 venerabundi
1016 1269 1143 1356 templum

100 1385 117 1432 5
133 1364 240 1442 iniere,
259 1364 360 1449 primo
373 1362 520 1448 religiose
534 1363 737 1427 admoventes
751 1384 875 1440 manus,
893 1364 981 1446 quod
994 1364 1028 1428 ld
1041 1365 1143 1453 signum

134 1483 221 1526 more
242 1459 380 1525 Etrusco
401 1459 463 1522 nisi
485 1468 587 1523 certae
609 1458 711 1544 gentis
735 1459 881 1523 sacerdos
903 1460 1075 1526 adtrectare
1096 1480 1144 1523 mu

135 1566 219 1622 esset
242 1555 362 1620 solitus.
398 1555 471 1618 dein
493 1576 565 1617 cum
587 1553 715 1636 quidam
734 1575 791 1618 seu
808 1554 920 1639 spiritu
938 1554 1047 1621 divino
1063 1563 1143 1620 usus

136 1672 195 1716 seu
210 1649 347 1715 iuvenali
364 1649 448 1713 ioco:
469 1647 571 1712 ‘visne
584 1647 720 1711 Romam
737 1649 796 1724 ire,
814 1647 929 1713 Iunol'
947 1649 1088 1727 dixisset,
1100 1647 1143 1713 ud-

134 1744 243 1810 nuisse
257 1744 352 1809 ceteri
365 1743 457 1807 deam
472 1742 752 1807 conclamaverunt.
779 1742 852 1807 inde
865 1742 995 1809 fabulae
1009 1745 1142 1810 adiectum

100 1857 116 1906 6
134 1848 196 1918 est,
223 1860 334 1904 vocem
356 1859 481 1921 quoque
504 1837 635 1902 dicentis
658 1835 738 1901 velle
760 1837 913 1916 auditam3
941 1849 1061 1904 motam
1079 1845 1144 1903 oerta

135 1934 210 1999 sede
233 1955 291 1997 sua
312 1931 402 2016 parvi
419 1930 591 1994 molimenti
609 1930 805 1996 adminiculis
824 1933 985 2019 sequentis
1003 1933 1093 1999 modo
1106 1950 1144 1997 so

100 2046 114 2091 s
135 2027 275 2112 cepimus
298 2025 401 2090 levem
423 2046 460 2089 ac
481 2024 607 2088 facilem
629 2025 742 2090 tralatu
764 2025 864 2092 fuisse
889 2027 1102 2114 integramque
1121 2025 1145 2090 'n

133 2120 343 2197 Aventinum,
363 2126 521 2183 aeternam
539 2119 646 2183 sedem
666 2143 769 2197 suam,
788 2143 850 2204 quo
863 2130 938 2186 vota
950 2119 1148 2188 Romanidir·

133 2215 243 2283 tatoris
257 2222 460 2291 vocaverant,
479 2212 645 2299 perlatam,
664 2213 719 2279 ubi
737 2214 889 2301 templum
906 2216 937 2280 ei
953 2227 1064 2302 postea
1078 2215 1147 2281 iden
1179 2218 1185 2279 l

134 2311 337 2396 quivoverat
356 2307 509 2374 Camillus
528 2308 692 2373 dedicavit.

98 2421 115 2469 8
196 2405 263 2470 Hic
271 2403 423 2471 Veiorum
437 2426 568 2469 occasus
582 2402 651 2480 fuit,
665 2403 753 2469 urbis
767 2404 1025 2489 opulentissimae
1037 2400 1149 2472 Etrusci

132 2500 282 2578 nominis,
309 2499 558 2587 magnitudinem
577 2520 667 2563 suam
683 2497 735 2562 vel
753 2498 863 2563 ultima
880 2499 969 2567 clade
987 2498 1151 2573 indicantis,

131 2597 218 2680 quod
226 2595 336 2660 decem
345 2602 480 2659 aestates
489 2593 672 2676 hiemesque
682 2593 844 2659 continuas
860 2593 1076 2673 circumsessa,
1088 2613 1151 2659 cum

131 2689 204 2777 plus
215 2690 374 2774 aliquanto
384 2689 520 2753 cladium
533 2688 689 2753 intulisset
698 2710 794 2772 quam
807 2690 991 2775 accepisset,
1006 2701 1154 2777 postremo

131 2782 195 2848 iam
217 2783 284 2847 fato
305 2804 430 2866 quoque
451 2793 583 2868 urgente
605 2782 752 2869 operibus
770 2793 889 2862 tamen,
912 2806 978 2849 non
994 2785 1028 2849 vi
1045 2802 1153 2870 expug·

132 2886 207 2941 nata
226 2892 284 2940 est.

100 2989 111 3033 1
195 2969 333 3036 XXIII.
360 2970 496 3037 Romam
510 2980 543 3037 ut
556 2972 732 3037 nuntiatum
746 2981 794 3037 est
802 2970 900 3037 Veios
916 2982 1037 3059 captos,
1054 2990 1153 3057 qma·

131 3087 226 3150 quam
249 3075 281 3131 et
302 3066 446 3152 prodigia
462 3075 628 3152 procurata
644 3066 770 3132 fuerant
788 3076 819 3132 et
835 3077 944 3132 vatum
961 3086 1108 3155 responsa
1120 3068 1150 3127 rt

129 3160 284 3248 Pythicae
303 3170 402 3226 sortes
421 3171 512 3226 notae
531 3171 575 3239 et,
594 3172 747 3244 quantum
765 3163 911 3228 humanis
929 3163 1072 3229 adiuvari
1086 3178 1150 3226 oon-

131 3257 207 3322 siliis
230 3266 374 3342 potuerat
394 3279 460 3334 res,
484 3257 596 3321 ducem
613 3255 661 3321 M.
679 3256 811 3322 limum
833 3258 1009 3323 maximum
1030 3259 1147 3343 impert·

97 3362 234 3416 aterum
256 3352 396 3416 omnium
418 3352 572 3439 legerant,
600 3360 719 3429 tamen,
747 3352 821 3437 quia
843 3361 888 3417 tot
906 3355 998 3419 annis
1017 3344 1145 3420 varieili

129 3444 280 3510 bellatum
304 3455 369 3510 erat
391 3445 570 3529 multaeque
588 3445 693 3510 clades
712 3455 872 3530 acceptae,
895 3447 983 3512 velut
1001 3470 1041 3513 ex
1056 3448 1144 3529 inapt-

97 3556 111 3603 3
130 3548 198 3605 rato
215 3538 394 3604 inmensum
411 3541 562 3626 gaudium
577 3540 650 3619 fuit,
671 3550 701 3606 et
714 3540 899 3627 priusquam
913 3553 1042 3609 senatus
1054 3543 1144 3607 deod

128 3643 230 3710 neret,
249 3633 342 3720 plena
361 3634 467 3699 omnia
485 3636 601 3721 templa
614 3635 829 3700 Romanarum
842 3646 979 3701 matmm
994 3647 1090 3724 grates
1099 3627 1141 3695 d!

129 3728 288 3814 agentium
303 3739 398 3793 erant.
428 3738 553 3794 senatus
567 3729 600 3793 in
614 3729 834 3813 quadriduum,
849 3741 927 3814 quot
940 3731 1058 3796 dierum
1069 3720 1139 3792 nullo

95 3845 110 3890 4
128 3835 200 3890 ante
218 3823 314 3901 bello,
334 3825 577 3911 supplicationes
596 3824 744 3890 decernit.
780 3825 934 3891 adventus
953 3846 1073 3911 qnoque
1084 3817 1137 3885 dc·

127 3920 236 3986 tatoris
254 3921 398 3987 omnibus
418 3921 579 3988 ordinibus
598 3921 724 3988 obviam
743 3922 852 3988 effusis
867 3921 1049 3989 celebratior
1058 3930 1133 4004 quau}

127 4014 220 4081 ullius
239 4038 389 4101 umquam
403 4027 494 4082 antea
507 4017 567 4082 fuit
581 4017 820 4105 triumphusque
834 4039 961 4083 omnem
973 4019 1128 4084 consuetu¹
