2566 4524
336 204 454 296 amna
470 241 507 311 v,
526 226 568 296 ra.
581 241 623 296 ao.
643 245 681 310 [a.
692 240 795 312 oeae]
1016 231 1077 297 271

61 423 117 478 eos,
137 398 193 485 qui
206 397 323 465 aVeiis
336 398 369 463 in
377 397 431 464 illo
444 420 560 485 pavore
568 397 724 486 fugerant,
742 421 829 464 more
842 400 967 465 militari
981 401 1080 465 anim-

61 494 188 561 advertit
201 493 376 579 effecitque,
394 516 435 558 ne
448 493 548 558 hostis
562 494 697 558 maxime
712 493 867 559 timendus
882 495 972 560 militi
986 506 1078 561 esset.

61 589 165 654 leiude
182 587 302 653 indicto
314 588 430 653 dilectu
443 587 477 652 in
490 587 573 652 diem
586 597 702 653 certam
715 587 783 673 ipse
795 588 919 655 interim
928 590 1025 656 Veios
1039 591 1081 656 ad

61 683 285 750 confirmandos
304 683 439 747 militum
456 683 577 748 animos
594 683 784 761 intercurrit3
802 683 875 749 inde
888 685 1023 751 Romam
1040 687 1080 751 ad
1098 707 1113 755 5

61 778 255 845 scribendum
272 800 389 844 novum
407 777 577 843 exercitum
594 777 674 842 redit
690 778 777 842 nullo
795 779 986 846 detractante
999 781 1081 845 mili-

61 872 136 938 iam.
158 872 327 959 peregrina
344 872 437 937 etiam
450 873 606 949 iuventus,
624 872 733 936 Latini
746 872 938 958 Hernicique
953 897 1080 961 operam

61 991 142 1033 mam
160 967 345 1054 pollicentes
362 966 404 1031 ad
420 967 455 1030 id
467 965 584 1031 bellum
597 989 725 1044 venere3
744 966 945 1050 quibuscum
962 980 1033 1055 grat
1020 970 1079 1035 tias
1098 992 1114 1039 o

61 1085 83 1127 n
100 1071 215 1128 senatu
233 1061 350 1146 egisset
338 1061 506 1138 tdictator,
527 1061 628 1125 satis
619 1084 682 1125 1am
700 1060 844 1127 omnibus
863 1063 903 1126 ad
915 1064 948 1127 id
961 1062 1080 1128 bellum

61 1155 179 1233 roratis,
198 1154 291 1220 ludos
301 1177 432 1243 magnos
442 1177 481 1219 ex
491 1164 579 1220 senat
580 1178 617 1219 us
567 1155 754 1219 ttconsul
742 1156 869 1220 tovovit
856 1156 965 1222 tVeiis
980 1159 1078 1243 captis

61 1273 86 1317 te
102 1251 264 1316 facturum
282 1250 452 1333 aedemque
465 1249 608 1314 Matutae
626 1261 689 1313 mat
690 1250 732 1314 ris
678 1249 849 1314 trefect
836 1259 900 1314 tam
919 1251 1080 1317 dedicatu-

61 1367 128 1423 um,
147 1344 213 1408 iam
232 1354 303 1408 ante
274 1343 361 1408 tab
378 1365 452 1429 rege
467 1341 579 1409 Servio
592 1343 696 1408 Tullio
710 1343 832 1408 dedicat
820 1354 893 1408 tam
920 1346 1113 1430 profecta
1040 1367 1113 1414 usa
1174 1394 1177 1399 -

61 1460 122 1504 rum
132 1439 252 1504 exercit
239 1437 327 1502 tabu
340 1437 417 1503 urbe
432 1437 665 1523 exspectatione
679 1437 840 1502 hominurn
854 1438 970 1504 maiore
983 1462 1079 1524 quam

61 1555 109 1619 tpe
125 1533 158 1597 in
176 1554 255 1620 agro
268 1531 403 1617 primum
415 1531 573 1618 Nepesino
587 1554 659 1596 eum
672 1531 804 1597 Faliscis
818 1543 850 1596 et
864 1532 1078 1619 Capenatibus

61 1628 144 1715 tigna
160 1627 292 1693 confert.
327 1627 432 1691 omnia
448 1625 494 1691 ibi
512 1650 635 1692 summa
655 1627 775 1692 ratione
798 1629 990 1712 consilioque
1008 1640 1113 1700 actae

61 1720 177 1788 z'ortuna
194 1722 298 1796 etiam,
317 1731 352 1786 ut
368 1721 412 1800 fit,
432 1731 540 1787 secuta
557 1731 614 1787 est.
644 1744 707 1786 non
724 1722 842 1808 proelio
861 1732 981 1787 tanturn
998 1724 1080 1789 fudit

61 1828 167 1896 metes,
187 1817 244 1882 sed
262 1817 371 1882 castris
389 1838 513 1900 quoque
532 1816 617 1880 exuit
634 1815 813 1903 ingentique
831 1817 947 1902 praeda
963 1827 1011 1881 est
1022 1841 1080 1902 po·

61 1910 137 1990 itus,
155 1911 246 1976 cuius
264 1933 337 1996 pars
355 1911 493 1976 maxima
510 1911 551 1975 ad
568 1921 765 1993 quaestorem
779 1911 905 1975 redacta
918 1920 974 1989 est,
993 1911 1078 1976 haud

61 2014 99 2072 ta
113 2005 247 2071 multum
265 2005 353 2069 militi
371 2006 488 2069 datum.
524 2005 597 2069 inde
615 2004 656 2069 ad
673 2003 770 2069 Veios
793 2005 947 2070 exercitus
966 2006 1077 2073 ductus
1098 2026 1112 2074 9

61 2097 258 2184 lensioraque
272 2099 400 2164 castella
412 2099 497 2165 facta
510 2108 541 2164 et
554 2122 572 2163 a
590 2099 886 2183 procursationibus,
905 2122 986 2183 quae
999 2100 1080 2165 mul-

61 2215 100 2261 ae
118 2205 236 2260 temere
254 2194 334 2258 inter
352 2217 476 2258 murum
493 2215 531 2257 ao
548 2194 666 2257 vallum
678 2192 804 2272 fiebant,
824 2195 935 2270 edicto,
954 2195 1078 2278 nequis

61 2290 172 2354 niussu
189 2298 358 2375 pugnaret,
386 2290 426 2353 ad
449 2311 529 2375 opus
551 2288 666 2352 milites
689 2288 831 2353 traducti.
867 2310 996 2374 operum
1018 2289 1079 2354 fuit
1097 2308 1129 2358 ιο

61 2384 189 2449 ιιιιιιίιιιιι
207 2384 302 2469 longe
319 2383 490 2448 maximum
509 2405 546 2448 ao
563 2381 842 2448 laboriosissimum
866 2382 1027 2448 cuniculus
1045 2383 1079 2447 in

61 2495 153 2544 [roem
170 2478 311 2544 hostium
328 2477 381 2564 agi
398 2487 537 2564 coeptus.
551 2475 553 2479 ’
569 2477 654 2561 quod
671 2498 711 2540 ne
728 2476 980 2541 intermitteretur
998 2498 1077 2561 opus
1097 2497 1127 2544 11

61 2587 116 2637 len
131 2572 188 2639 sub
208 2583 289 2637 terra
307 2572 471 2638 continuus
489 2571 577 2637 labor
595 2571 722 2637 eosdem
735 2570 909 2649 conficeret,
928 2571 960 2634 in
972 2580 1077 2655 partes

61 2679 110 2731 tex
129 2668 322 2732 munitorum
341 2688 506 2732 numerum
529 2665 644 2730 divisit.
681 2687 775 2730 senae
797 2665 892 2729 horae
913 2664 948 2728 in
969 2663 1077 2729 orbem

61 2761 136 2845 *peri
153 2760 321 2826 attributae
339 2770 425 2836 sunt,
453 2769 545 2825 nocte
568 2781 606 2824 ac
627 2759 678 2823 die
700 2781 872 2842 numquam
889 2769 960 2825 ante
983 2757 1079 2823 omis-

61 2870 120 2921 sum
137 2877 234 2939 quam
252 2855 285 2919 in
303 2877 406 2920 arcem
423 2855 508 2921 viam
526 2854 675 2920 facerent.

111 2949 197 3015 XX.
232 2950 379 3015 Dictator
396 2972 469 3015 cum
485 2949 549 3015 iam
566 2950 599 3014 in
615 2948 761 3014 manibus
779 2950 899 3015 videret
915 2948 1077 3014 victoriam
1097 2968 1110 3014 1

61 3056 133 3122 tsse,
148 3043 261 3110 urbem
278 3044 548 3130 opulentissimam
565 3044 635 3129 capi
651 3052 835 3126 tantumque
851 3044 987 3128 praedae
999 3042 1076 3119 fore,

61 3146 202 3214 {uantum
219 3160 283 3203 non
301 3138 446 3204 omnibus
464 3138 496 3202 in
509 3160 608 3202 unum
621 3136 751 3202 conlatis
766 3146 837 3200 ante
850 3134 940 3200 bellis
954 3135 1075 3210 fuisset,

61 3244 93 3294 te
115 3252 208 3315 quam
228 3233 302 3296 inde
324 3241 378 3296 aut
400 3232 534 3297 militum
558 3233 637 3296 iram
663 3253 703 3296 ex
724 3229 917 3316 malignitate
943 3227 1077 3312 praedae
1096 3246 1111 3292 r

61 3327 180 3400 attiae
207 3336 261 3392 aut
287 3327 439 3392 invidiam
464 3336 540 3413 aput
566 3337 670 3411 patres
693 3347 733 3389 cx
755 3324 887 3410 prodiga
911 3321 1076 3407 largitione

61 3430 188 3506 speret,
210 3421 316 3487 literas
335 3421 376 3486 ad
394 3431 536 3486 senatum
554 3420 652 3484 misit:
627 3420 774 3483 tdeum
792 3417 1003 3483 inmortalium
1020 3416 1075 3480 be·
1093 3436 1109 3485 t

61 3508 217 3600 lignitate,
240 3515 306 3580 suis
325 3514 477 3592 consiliis,
495 3514 614 3600 patient
614 3514 646 3578 ia
602 3512 796 3578 tmilitum
813 3510 938 3577 Veios
929 3534 992 3576 ram
1009 3510 1077 3574 fore

61 3619 83 3666 ¹1
79 3617 258 3695 potestate
283 3610 392 3695 populi
413 3609 562 3674 Romani·
589 3608 666 3692 quid
692 3608 731 3672 de
756 3607 873 3693 praeda
898 3604 1077 3670 faciendum

61 3703 231 3769 emerent?
252 3703 333 3769 duae
351 3712 494 3769 senatum
516 3703 564 3768 dis
566 3702 705 3767 tinebant
693 3711 797 3766 tscnt
798 3711 849 3766 ent
850 3702 912 3777 iae,
936 3722 1019 3764 scms
1037 3696 1075 3765 P
1094 3716 1111 3765 4

61 3782 168 3875 ⁴icini,
191 3819 286 3881 quem
303 3799 440 3884 primum
457 3797 575 3862 dixisse
592 3821 612 3862 a
628 3796 760 3862 filiot
714 3820 748 3860 m
748 3806 938 3883 terrogatum
961 3794 1074 3867 ferunt,

61 3883 131 3955 sliat
146 3892 253 3978 palam
269 3891 392 3979 placere
409 3892 594 4001 populant
558 3892 664 3976 uqui
680 3891 836 3977 particeps
854 3912 924 3955 esse
940 3886 1075 3973 praedae

61 3982 184 4065 'ellets
174 4009 208 4051 m
225 3996 329 4052 castra
345 3986 519 4052 Veiost
460 3996 533 4064 rret3
552 3986 649 4051 altera
665 3985 753 4070 Appi
772 3983 910 4060 Claudii,
929 3980 996 4066 qui,
1014 3976 1076 4042 lar-
1092 3995 1109 4045 ι
