2566 4524
324 267 441 323 ιιιιιιι
458 269 515 339 ιιι,
534 268 575 323 ιι.
589 269 631 324 rs.
651 268 805 339 [ecum]
1019 259 1077 324 151

59 436 172 492 rostem
181 425 337 512 perveniri
348 435 470 510 posset3
482 427 646 493 consulem
660 427 893 511 exercitumque
901 427 1081 515 Romanurn

59 521 200 599 ›bsideri,
229 521 355 592 tertium
377 521 460 585 'diem
482 521 545 585 iarn
568 521 692 588 daucos
715 544 794 587 esse.
835 523 911 605 quid
937 545 1080 608 quaeque

59 640 110 683 ιοιι
127 627 184 688 aut
202 615 269 687 dies
287 615 381 692 ferat,
404 615 557 682 incertum
576 639 659 694 esse,
683 624 800 702 puncto
820 640 914 702 saepe
931 619 1080 704 temporis

59 711 259 775 neximarum
275 733 380 774 rerum
395 720 557 777 momenta
575 711 666 787 verti3
697 711 849 776 ‘accelera
866 712 1007 798 signifer,
1032 736 1082 778 se·
1099 735 1114 782 8

59 828 144 890 quere
161 804 267 869 miles'
289 805 370 869 inter
384 827 422 869 se
438 827 565 888 quoque
582 805 793 891 gratificantes
811 806 945 872 ducibus
964 807 1080 872 clama·

59 909 131 964 unt.
168 898 275 963 media
291 908 382 964 noete
399 899 432 962 in
449 897 604 988 Algidum
621 900 808 985 per-veniunt
829 910 873 977 et,
896 910 932 965 ut
955 923 1081 968 oensem

59 1017 81 1058 e
98 995 166 1058 iam
183 1015 281 1078 prope
299 992 406 1059 hostes
425 1016 510 1071 esse,
530 994 621 1080 signa
639 996 841 1061 constituunt.

109 1085 281 1153 XXVIII.
303 1087 355 1153 Ibi
369 1088 509 1166 dictator,
528 1100 681 1172 quantum
692 1099 784 1154 nocte
798 1090 935 1175 prospici
947 1099 1078 1175 poterat,
1099 1117 1112 1162 1

59 1205 127 1266 quo
142 1183 371 1247 circumvectus
386 1184 686 1268 contemplatusque,
705 1185 760 1268 qui
774 1194 890 1249 tractus
904 1195 1078 1249 castrorum

59 1300 191 1362 quaeque
215 1277 317 1342 forma
335 1288 432 1356 esset,
454 1278 588 1344 tribunis
606 1280 741 1344 militum
758 1280 936 1364 imperavit,
960 1289 995 1344 ut
1013 1303 1079 1344 sar·

59 1374 133 1438 inus
152 1374 186 1437 in
203 1396 302 1438 unum
320 1374 575 1453 coniciiuheant,
595 1376 673 1438 milit
661 1386 724 1438 tem
739 1397 811 1439 cum
824 1375 918 1439 armis
933 1375 1078 1459 valloque

59 1469 178 1532 ¹'eriire
169 1493 202 1532 m
225 1469 347 1534 ordines
371 1492 456 1534 suos.
492 1424 576 1534 fastai
598 1492 679 1555 quae
701 1469 874 1555 imperavit.
911 1479 991 1547 t,um
1015 1491 1112 1554 quor

59 1563 171 1626 irerent
189 1561 323 1626 ordine
314 1586 348 1626 ιιι
364 1563 429 1640 via,
449 1565 620 1627 exercitum
634 1587 758 1628 omnem
771 1565 867 1650 Iongo
881 1564 1006 1673 agmine
1020 1564 1080 1629 cir-

59 1657 175 1721 umdat
190 1656 273 1720 host
252 1668 330 1720 trum
348 1667 415 1722 cast
416 1657 457 1723 ris
477 1670 521 1734 et,
545 1658 642 1722 ubi
618 1683 743 1746 mgnum
761 1660 869 1723 datum
889 1659 942 1736 sit,
962 1659 1079 1723 clamo-

59 1773 112 1814 em
129 1773 241 1818 omnes
260 1750 367 1815 tollere
380 1750 467 1816 iubet
455 1762 480 1829 t,
500 1752 635 1817 clamore
649 1752 773 1818 sublato
787 1762 859 1817 ante
874 1775 907 1817 se
921 1774 1077 1836 quemque

59 1847 161 1910 lucere
188 1845 308 1910 fossam
335 1855 366 1910 et
390 1847 493 1911 iacere
518 1847 646 1912 vallum.
683 1848 766 1912 edito
793 1847 923 1932 imperio
951 1847 1112 1932 signuma

59 1952 189 2004 recutum
211 1950 273 2004 est:
300 1941 388 2005 iussa
410 1941 499 2005 miles
523 1942 716 2025 exsequitur,
746 1942 863 2007 clamor
883 1942 992 2007 hostes
1018 1941 1079 2006 cir-

59 2044 226 2112 rumsonat;
253 2045 380 2120 superat
400 2034 474 2100 inde
496 2047 599 2101 costra
620 2037 758 2101 hostium
781 2048 812 2102 et
833 2037 865 2100 in
884 2047 986 2101 eastra
1004 2058 1079 2101 con-

59 2131 127 2194 sulis
147 2130 246 2207 uenit,
278 2130 354 2195 alibi
378 2154 541 2216 pavorem,
574 2131 648 2196 olibi
674 2133 826 2219 gaudium
852 2132 964 2218 ingens
992 2131 1076 2196 facit.

59 2224 194 2301 Romani,
226 2225 350 2288 civilem
376 2248 446 2291 esse
472 2226 641 2290 clamorem
668 2237 761 2310 atque
788 2227 938 2291 auxilium
965 2227 1113 2298 adesse4

59 2330 126 2383 nter
146 2341 182 2383 se
205 2318 412 2405 gratulantes,
434 2320 517 2385 ultro
536 2343 576 2384 ex
594 2320 779 2385 stationibus
799 2342 836 2384 ao
853 2320 969 2406 vigiliis
988 2320 1078 2385 terri·-

59 2426 112 2478 ant
129 2414 262 2478 hostem.
299 2415 408 2480 consul
425 2415 634 2479 differendum
652 2424 760 2501 negot:
786 2414 841 2478 illo
860 2414 995 2479 clamore
1013 2438 1077 2479 non
1095 2439 1112 2488 5

59 2508 216 2572 rdventuin
234 2509 329 2574 modo
345 2509 531 2596 significari,
550 2511 607 2574 sed
624 2533 691 2574 rem
708 2509 747 2590 ab
763 2509 828 2574 suis
843 2518 1000 2594 coeptam,
1019 2509 1078 2572 mi-

59 2621 177 2686 umque
195 2625 280 2681 esse,
300 2604 333 2667 ni
344 2605 408 2668 ium
422 2605 574 2669 exteriore
588 2616 676 2690 parte
690 2613 793 2669 castra
804 2604 942 2669 hostium
956 2626 1078 2690 oppug-

59 2712 166 2763 rentur.
203 2699 309 2783 itaque
331 2723 418 2765 anna
445 2724 519 2767 suos
546 2723 658 2788 capere
683 2711 716 2766 et
742 2724 776 2767 se
804 2701 955 2785 subsequi
980 2701 1076 2765 iubet.

59 2807 136 2862 roote
149 2796 266 2860 initum
283 2797 435 2882 proelium
453 2808 503 2864 est
520 2823 540 2863 a
556 2798 748 2886 legionibus;
776 2798 920 2864 dictatori
943 2797 1077 2863 clamore
1096 2818 1111 2866 6

59 2889 236 2978 igniflcant,
264 2891 304 2956 ab
328 2914 365 2957 ea
386 2914 511 2977 quoque
533 2903 621 2979 parte
642 2916 709 2958 rem
731 2894 763 2957 in
790 2893 969 2958 discrimine
995 2913 1077 2956 esse.

59 3005 108 3050 ιιιι
132 3007 167 3050 se
189 2987 231 3050 ad
251 2986 446 3071 prohibenda
468 2988 654 3052 circumdari
676 3010 771 3073 opera
788 2987 895 3070 Aequi
912 2985 1073 3070 parabant,
1095 3007 1109 3052 ι

59 3096 122 3143 mm
136 3079 178 3144 ab
192 3081 338 3146 interiore
355 3081 447 3146 hoste
464 3083 583 3168 proelio
601 3093 725 3167 coepto,
753 3104 793 3146 ne
815 3103 871 3167 per
893 3080 996 3144 media
1019 3101 1078 3142 sua

59 3182 153 3238 asna
170 3172 258 3240 fieret
279 3176 414 3261 emptio,
437 3199 457 3240 u
478 3176 690 3242 munientibus
712 3177 753 3240 ad
770 3183 946 3260 pugnantes
965 3173 1078 3236 intror-

59 3285 115 3332 trm
126 3269 209 3334 versi
222 3291 355 3334 vacuam
368 3278 493 3335 noctem
506 3294 593 3356 open
583 3271 734 3347 '3dedere
752 3278 989 3355 pugnatumque
1004 3287 1076 3329 cum

59 3362 173 3428 unsule
200 3364 240 3427 ad
266 3364 370 3429 lucem
396 3376 453 3430 est.
490 3365 559 3430 luce
581 3365 683 3450 prima
704 3366 767 3428 iam
790 3360 1014 3427 circumvallati
1036 3360 1110 3427 abs

59 3447 194 3522 liotatore
218 3468 359 3523 orantei
381 3458 434 3524 ιιιι
456 3459 608 3524 adversus
631 3482 729 3523 unum
747 3457 864 3522 exercit
865 3480 918 3521 um
936 3479 1077 3543 pugnarn

59 3552 251 3618 trstinebant
288 3562 356 3630 tum
377 3577 397 3618 a
415 3552 542 3635 Quinct
532 3577 605 3619 rano
624 3553 777 3631 exercitu,
800 3575 854 3636 qm
844 3551 1039 3616 confestim
1057 3574 1077 3615 a

59 3647 162 3720 perfect
163 3668 287 3732 oopere
296 3647 434 3712 adarma
442 3647 543 3725 redut,
559 3647 678 3712 invadit
680 3647 852 3712 urvallum.
870 3646 923 3710 hic
935 3645 1075 3711 instabat
1122 3692 1126 3700 -

59 3751 252 3827 propugno,
266 3740 321 3807 illa
332 3741 408 3806 nihii
418 3743 581 3807 remiserat
594 3743 687 3828 prior.
715 3752 783 3807 turn
797 3741 924 3826 ancipiti
933 3739 1015 3806 malo
1024 3763 1076 3805 ur-
1094 3768 1109 3815 9

59 3843 137 3909 unte
156 3858 177 3900 a
193 3835 314 3920 proelio
328 3835 367 3900 ad
382 3858 492 3922 preces
506 3837 599 3916 versi,
617 3837 691 3901 hino
704 3837 897 3913 dictatorern,
916 3835 988 3899 hino
1002 3856 1076 3898 eon-

59 3927 143 3996 tulem
157 3954 262 4010 orare,
280 3931 532 3998 neinoeoidione
541 3933 703 3999 victorium
712 3941 876 4019 ponerent,
893 3940 928 3995 ut
940 3931 1075 3994 inermes

59 4029 80 4080 te
90 4023 164 4089 inde
178 4025 266 4091 abire
280 4026 425 4092 sinerent.
462 4025 502 4092 ab
516 4027 644 4093 consule
658 4029 698 4094 ad
717 4029 899 4092 dictatorern
916 4025 962 4087 ire
979 4021 1075 4088 iussis
