2566 4524
364 267 483 322 amna
499 267 558 333 ur,
577 268 619 322 ro.
632 268 674 322 rr.
694 270 733 339 [a.
745 266 849 338 cccc]
1057 258 1117 325 191

114 429 336 516 riperficerent.
376 448 436 492 nec
457 426 569 512 fugare
592 426 730 510 equitem
751 425 909 513 integrum
936 427 1011 493 satis
1033 450 1118 495 esse:
1140 449 1155 496 e

112 525 275 590 mulcerent
297 544 396 606 equos
418 522 579 605 virosque,
606 543 647 585 ne
669 521 740 606 quis
761 521 963 587 reveheretur
983 522 1056 588 inde
1078 524 1120 589 ad

105 619 240 706 proelium
256 626 312 683 aut
329 617 499 703 integraret
514 637 665 702 pugnam.
691 638 755 680 non
771 638 868 702 posse
884 615 955 682 illos
972 617 1119 684 resistere

105 714 162 791 sibi,
178 712 291 798 quibus
309 710 450 777 consede
466 711 608 796 peditum
625 711 709 776 acies
727 711 884 777 cessisset
911 711 997 777 haud
1015 714 1118 780 surdis
1139 736 1152 782 t

101 808 214 874 auibus
237 805 330 871 dieta
365 805 561 890 inpressione
583 827 649 870 una
675 815 776 870 totum
803 806 975 891 equitatum
998 807 1117 888 fudere,

97 926 235 990 magnam
251 902 317 966 vim
335 922 375 966 ex
393 901 483 984 equis
500 901 755 986 praecipitavere,
774 901 861 986 ipsos
880 924 1040 988 equosque
1055 905 1119 990 spi-

96 998 165 1065 culis
179 995 358 1063 eonfodere.
385 995 413 1060 is
426 995 500 1059 finis
515 1016 642 1082 pugnae
660 995 813 1079 equestris
831 995 900 1061 fuit
929 1007 1004 1061 tunc
1017 999 1118 1064 adorti
1136 1020 1153 1067 8

91 1094 227 1181 peditum
245 1091 346 1156 aciem
363 1089 490 1155 nuntios
508 1091 550 1155 ad
568 1089 713 1155 consules
727 1091 774 1155 rei
786 1101 895 1177 gestae
909 1093 1045 1171 mittunt,
1064 1093 1120 1158 ubi

89 1188 149 1254 iam
165 1184 374 1252 inclinabatur
389 1184 528 1249 hostium
545 1185 639 1250 acies.
666 1185 795 1250 nuntius
813 1184 926 1250 deinde
944 1197 976 1250 et
992 1187 1120 1252 vincen-

89 1283 172 1349 tibus
185 1281 338 1347 Romanis
356 1281 478 1345 animos
496 1280 586 1344 auxit
603 1289 634 1344 et
651 1278 822 1345 referentes
836 1283 969 1367 gradum
987 1283 1119 1366 perculit

86 1377 227 1462 Aequos.
263 1377 297 1440 in
314 1375 419 1442 media
434 1375 571 1461 primum
589 1376 656 1440 acie
674 1375 758 1439 vinci
776 1377 888 1461 coepti,
907 1398 970 1460 qua
987 1377 1119 1464 permis·
1138 1399 1152 1446 c

85 1497 140 1540 sus
158 1473 316 1557 equitatus
334 1471 515 1536 turbaverat
532 1471 667 1537 ordines.
705 1471 866 1539 sinistrum
887 1471 1001 1536 deinde
1019 1494 1117 1538 cornu
1137 1493 1170 1540 10

86 1568 128 1634 ab
151 1566 300 1650 Quinctio
323 1566 452 1632 consule
473 1565 549 1652 pelli
571 1577 728 1652 coeptum.
765 1567 799 1630 in
816 1567 926 1632 dextro
948 1566 1118 1653 plurimum

84 1660 203 1728 laboris
229 1661 299 1725 fuit.
335 1660 381 1724 ibi
406 1659 566 1748 Agrippa,
594 1671 696 1726 aetate
722 1661 903 1746 viribusque
931 1661 1020 1727 ferox
1046 1685 1119 1728 cum

85 1757 170 1823 omni
187 1765 278 1842 parte
295 1777 421 1842 pugnae
439 1755 551 1820 melius
569 1778 636 1820 rem
653 1756 722 1842 geri
735 1777 829 1838 quam
844 1757 927 1840 apud
942 1779 976 1820 se
989 1757 1119 1834 videret,

85 1861 217 1938 accepta
237 1850 330 1936 signa
351 1848 392 1914 ab
416 1848 574 1936 signiferis
592 1849 661 1935 ipse
682 1849 812 1927 inferre,
840 1850 995 1933 quaedam
1017 1851 1119 1915 iacere

85 1947 182 2012 etiam
200 1946 233 2009 in
251 1943 409 2011 confertos
431 1943 539 2009 hostes
562 1945 679 2030 coepit3
708 1944 797 2008 euius
819 1943 1010 2031 ignominiae
1032 1954 1119 2009 metu
1138 1966 1167 2013 11

86 2039 235 2105 concitati
257 2038 373 2103 milites
398 2038 542 2103 invasere
568 2039 702 2105 hostem.
738 2039 782 2104 ita
808 2048 942 2123 aequata
968 2062 1008 2104 ex
1034 2040 1119 2105 omni

85 2144 181 2221 parte
197 2133 323 2198 victoria
340 2143 398 2198 est.
424 2133 554 2198 nuntius
573 2142 640 2196 tum
658 2156 677 2197 a
692 2131 840 2214 Quinctio
854 2134 949 2210 venit,
967 2135 1119 2198 victorem

85 2230 150 2294 iam
160 2249 195 2292 sc
204 2227 366 2291 imminere
374 2226 513 2292 hostium
527 2227 647 2302 eastris,
666 2226 749 2290 nolle
758 2227 935 2312 inrumpere
949 2237 1119 2311 antequam

85 2324 173 2402 aciat,
193 2322 385 2388 debellatum
402 2334 433 2387 et
444 2322 478 2386 in
496 2321 622 2388 sinistro
640 2343 737 2385 cornu
755 2343 840 2384 esset
860 2322 968 2385 eiiam
985 2322 1121 2387 fudisset
1139 2343 1170 2391 12

85 2419 209 2496 hostes,
237 2418 394 2484 conferret
416 2417 457 2482 ad
479 2440 514 2482 se
537 2416 642 2503 signa,
670 2425 706 2480 ut
728 2415 822 2480 simul
844 2415 945 2480 omnis
964 2417 1119 2482 exercitus

85 2514 205 2601 praeda
222 2513 382 2599 potiretur.
413 2511 514 2576 victor
530 2510 677 2597 Agrippa
695 2533 767 2575 cum
785 2519 894 2574 mutua
911 2510 1119 2596 gratulatione
1139 2532 1171 2579 13

87 2610 127 2673 ad
143 2610 296 2674 victorem
314 2608 467 2694 collegam
483 2617 650 2690 castraque
667 2606 806 2670 hostium
824 2605 919 2670 venit.
946 2605 991 2669 ibi
1008 2605 1119 2690 paucis

88 2703 330 2769 defendentibus
348 2711 569 2786 momentoque
592 2700 672 2765 fusis
692 2701 759 2766 sine
782 2699 949 2766 certamine
966 2700 1000 2763 in
1017 2699 1120 2764 muni-

88 2798 188 2864 tiones
206 2799 391 2883 inrumpunt
407 2797 587 2883 praedaque
609 2796 730 2882 ingenti
753 2806 918 2881 conpotem
935 2796 1117 2874 exereitum,

88 2893 153 2958 suis
176 2893 273 2957 etiam
290 2891 385 2957 rebus
403 2891 608 2977 recuperatis,
636 2912 716 2974 quae
742 2890 943 2976 populatione
971 2914 1119 2978 agromm

88 2987 223 3052 amissae
241 2997 339 3064 erant,
358 2987 521 3051 reducunt
548 2985 741 3070 triumphum
758 3008 817 3050 uec
834 2985 921 3070 ipsos
939 2986 1118 3070 postulasse
1139 3007 1171 3053 14

89 3102 151 3146 nec
167 3081 302 3146 delatum
315 3082 355 3145 iis
369 3080 410 3146 ab
424 3090 535 3146 senatu
546 3080 677 3166 accipio,
696 3102 755 3144 nec
768 3080 900 3144 traditur
913 3101 1009 3145 causa
1023 3080 1119 3163 spreti

90 3184 146 3241 aut
162 3196 224 3240 nen
238 3176 357 3261 sperati
373 3175 510 3241 honoris.
547 3196 607 3261 ego
626 3184 777 3259 quantum
795 3174 828 3237 in
846 3182 932 3237 tanto
954 3172 1118 3238 intervallo
1138 3194 1170 3241 15

88 3279 264 3357 temporum
281 3270 411 3348 conicio,
431 3292 502 3335 cum
515 3266 644 3335 Valerio
662 3278 756 3353 atque
773 3267 908 3332 Horatio
926 3265 1118 3346 consulibus,

88 3367 140 3451 qui
157 3374 281 3453 praeter
297 3362 433 3431 Volscos
452 3375 483 3430 et
500 3363 632 3449 Aequos
652 3361 763 3429 Sabini
781 3362 874 3427 etiam
897 3360 971 3427 belli
988 3361 1120 3448 perfecti

87 3460 219 3547 gloriam
239 3469 440 3547 pepererant,
468 3471 601 3547 negatus
625 3458 666 3524 ab
688 3468 801 3523 senatu
823 3457 999 3544 triumphus
1023 3467 1117 3535 esset,

87 3556 294 3622 verecundiae
312 3554 373 3621 fuit
389 3576 447 3642 pro
468 3564 558 3642 parte
580 3554 710 3620 dimidia
731 3572 836 3618 rerum
858 3552 1040 3618 oonsulibus
1062 3575 1118 3637 pe·

87 3660 150 3717 tere
167 3652 377 3738 triumphum,
400 3674 454 3730 ne,
477 3651 572 3716 etiam
590 3651 618 3716 si
634 3652 870 3736 impetrassent,
896 3649 999 3735 magis
1017 3647 1119 3712 bomi-

84 3769 161 3813 num
177 3747 260 3812 ratio
278 3769 373 3832 quam
391 3747 572 3812 meritorum
590 3745 697 3811 habita
714 3745 881 3809 videretur.

147 3841 284 3907 LXXI.
308 3841 481 3908 Victoriam
498 3840 665 3907 honestam
679 3862 719 3905 ex
732 3838 876 3904 hostibus
889 3847 1013 3925 partam
1025 3849 1116 3920 turpe
1136 3855 1149 3901 1

84 3934 170 4002 domi
183 3938 225 4002 de
237 3936 353 4014 finibus
368 3937 523 4003 sociorum
535 3934 685 4001 iudicium
699 3935 808 4022 populi
821 3932 1017 3999 deformavit.
1042 3929 1117 3993 Ari·
1138 3948 1154 3994 2

83 4031 147 4096 cini
174 4041 270 4117 atque
292 4030 449 4099 Ardeates
477 4031 518 4097 de
546 4031 695 4118 ambiguo
718 4052 795 4116 agro
817 4051 890 4094 eum
914 4047 1008 4110 saepe
1035 4022 1116 4089 bello
1160 4056 1259 4258 r
