2566 4524
146 238 209 303 116
367 248 545 317 chanan,
563 245 605 300 54
618 245 660 300 55.
682 249 757 314 [au.
769 245 953 315 east-asa]

145 408 216 475 alio.
260 406 448 492 praecipuus
478 426 579 491 pavor
603 403 746 469 tribunos
772 402 947 481 invaserat,
978 424 1076 487 quam
1100 401 1166 468 nihil

145 501 254 568 auxilii
276 514 415 566 sacratae
437 500 525 585 leges
548 498 713 577 haberent,
741 508 840 562 morte
863 497 1006 584 collegae
1032 497 1165 563 monitos.

96 619 128 667 10
146 620 205 662 nec
222 607 327 683 patres
346 595 423 661 satis
441 594 600 658 moderate
622 593 704 657 ferre
726 592 890 671 laetitiam
916 592 1062 679 adeoque
1083 590 1169 657 nemi·

145 715 219 757 nem
240 691 353 755 noxiae
375 686 568 774 paenitebat,
594 697 632 751 ut
653 688 748 751 etiam
769 687 909 751 insontes
936 685 1053 753 fecisse
1081 684 1169 751 videri

145 785 264 849 vellent
289 783 457 869 palamque
483 782 630 860 ferretur,
656 781 740 845 malo
767 780 955 846 domandam
981 779 1170 845 tribuniciam

146 888 344 965 potestatem.

114 995 128 1040 1
211 971 285 1037 LV.
319 969 387 1038 Sub
406 971 465 1036 hac
482 971 614 1056 pessimi
631 970 768 1055 exempli
785 969 915 1035 victoria
932 969 1068 1034 dilectus
1088 968 1173 1035 edici·

146 1076 206 1145 tur,
225 1065 476 1153 paventibusque
490 1065 623 1131 tribunis
638 1066 705 1130 sine
718 1065 941 1129 intercessione
955 1063 1022 1129 ulla
1035 1063 1172 1128 consules

114 1183 213 1230 arem
236 1172 399 1248 peragunt.
437 1173 503 1225 turn
526 1183 600 1225 vero
621 1160 715 1224 irasci
741 1159 831 1245 plebs
857 1158 1055 1224 tribunorum
1081 1156 1174 1244 magis

147 1257 271 1322 silentio
295 1279 389 1340 quam
408 1255 571 1320 consulum
588 1254 721 1339 imperio
739 1266 770 1318 et
788 1254 905 1330 dicere,
928 1264 1035 1317 actum
1053 1274 1125 1317 esse
1141 1252 1173 1315 de

146 1350 290 1415 libertate
317 1375 389 1428 sua,
416 1373 525 1414 rursus
553 1349 594 1414 ad
616 1349 744 1432 antiqua
764 1349 914 1424 reditum,
942 1370 1016 1411 cum
1039 1343 1176 1412 Genucio

146 1468 210 1510 uno
231 1458 385 1510 mortuam
407 1466 444 1509 ac
468 1444 623 1529 sepultam
646 1443 845 1507 tribuniciam
865 1452 1070 1527 potestatem:
1099 1439 1176 1505 aliud

113 1561 129 1608 a
147 1539 305 1624 agendum
324 1560 362 1602 ac
379 1538 595 1623 cogitandum,
614 1559 676 1620 quo
690 1537 783 1601 modo
796 1537 961 1601 resistatur
972 1534 1133 1621 patribus3
1148 1533 1176 1598 id

148 1645 255 1697 autem
268 1655 366 1695 unum
380 1632 544 1697 consilium
559 1655 638 1709 esse,
658 1643 692 1695 ut
707 1654 740 1696 se
755 1632 824 1717 ipsa
838 1630 937 1716 plebs,
956 1631 1086 1713 quando
1099 1627 1176 1694 aliud

146 1726 224 1791 nihil
242 1727 350 1791 auxilii
368 1726 496 1804 habeat,
520 1726 678 1791 defendat.
714 1737 862 1809 quattuor
878 1736 910 1789 et
927 1724 1041 1810 viginti
1057 1724 1175 1789 lictores

147 1843 296 1907 apparere
320 1821 516 1899 consulibus,
544 1831 575 1885 et
598 1844 652 1885 eos
673 1821 761 1906 ipsos
786 1819 888 1905 plebis
915 1818 1069 1884 homines.
1106 1814 1177 1883 nihil

147 1917 356 2000 contemptius
374 1938 476 1999 neque
493 1915 662 1993 infirmius,
682 1915 710 1979 si
727 1915 790 1978 sint
807 1914 863 1997 qui
880 1921 1101 1992 contemnant;
1122 1908 1177 1977 sibi

147 2032 305 2093 quemque
323 2032 361 2074 ea
378 2033 494 2096 magna
511 2020 605 2093 atque
623 2009 777 2074 horrenda
794 2009 908 2072 lacere.

113 2124 130 2169 4
212 2103 275 2167 His
299 2103 430 2168 vocibus
453 2103 506 2168 alii
528 2104 606 2168 alios
625 2126 697 2168 cum
714 2103 911 2180 incitassent,
934 2103 976 2167 ad
992 2101 1177 2167 Voleronem

147 2197 334 2275 Publilium,
354 2199 393 2262 de
410 2199 502 2284 plebe
521 2198 695 2277 hominem,
714 2199 803 2282 quia,
829 2198 915 2282 quod
932 2197 1060 2262 ordines
1078 2196 1177 2261 duxis-

149 2302 211 2371 set,
239 2303 382 2379 negaret,
407 2316 441 2358 se
460 2293 589 2357 militem
607 2293 675 2357 fieri
693 2293 821 2371 debere,
852 2293 944 2357 lictor
964 2292 1084 2357 missus
1102 2304 1177 2357 ests

115 2410 131 2456 5
150 2387 342 2452 consulibus.
388 2387 505 2453 Volero
523 2387 660 2472 appellat
678 2386 829 2452 tribunos.
866 2409 938 2450 cum
956 2386 1076 2451 auxiho
1093 2404 1175 2451 nemo

148 2492 245 2560 esset,
265 2485 409 2548 consules
424 2482 552 2569 spoliari
565 2482 724 2546 hominem
738 2494 769 2545 et
781 2482 887 2567 virgas
909 2481 1051 2565 expediri
1068 2478 1174 2545 iubent.

150 2577 315 2663 ‘provoco'
339 2579 441 2661 inquit
465 2578 520 2642 ‘ad
540 2576 705 2662 populum’
723 2575 855 2653 Volero,
884 2575 1048 2658 ‘quoniam
1070 2570 1176 2639 tribuni
1210 2576 1212 2581 ’

150 2672 253 2737 civem
275 2672 456 2737 Romanurn
483 2672 517 2734 in
543 2681 714 2756 conspectu
741 2694 799 2735 suo
825 2670 922 2756 virgis
949 2669 1041 2734 caedi
1067 2670 1176 2734 malunt
1210 2750 1212 2755 Ι

150 2789 245 2850 quam
270 2766 332 2850 ipsi
357 2767 390 2829 in
416 2766 497 2829 lecto
525 2788 583 2830 suo
605 2790 625 2829 a
645 2765 736 2831 vobis
759 2764 926 2829 trucidari?
961 2786 1025 2849 quo
1049 2763 1174 2830 ferocius

150 2858 344 2937 clamitabat,
372 2882 409 2924 eo
431 2860 579 2923 infestius
603 2859 862 2924 circumscindere
885 2868 916 2923 et
934 2858 1070 2943 spoliare
1088 2859 1174 2923 lictor.

117 2976 131 3022 6
151 2962 217 3016 tum
236 2951 354 3017 Volero
376 2964 407 3017 et
427 2953 611 3040 praevalens
633 2955 703 3039 ipse
726 2964 757 3018 et
779 2953 999 3018 adiuvantibus
1022 2949 1175 3018 advocatis

150 3048 278 3132 repulso
301 3047 423 3126 lictore,
451 3048 506 3113 ubi
527 3049 758 3135 indignantium
781 3071 837 3134 pro
861 3071 895 3113 se
921 3047 1094 3113 acerrimus
1120 3052 1176 3112 sul

118 3166 132 3210 7
154 3142 280 3222 clamor,
300 3166 338 3210 eo
357 3167 391 3209 se
408 3144 441 3208 in
459 3144 583 3209 turbam
601 3143 864 3208 confertissimam
877 3143 1002 3227 recipit,
1021 3142 1175 3207 clamitans

151 3242 302 3322 ‘provoco
334 3248 365 3304 ct
390 3239 486 3303 fidem
512 3238 614 3325 plebis
640 3238 776 3323 inploroz
807 3238 915 3302 adeste
941 3236 1043 3314 cives,
1076 3238 1174 3302 adeste
1210 3292 1212 3297 .

150 3332 388 3397 commilitones.
415 3333 493 3397 nihil
507 3343 569 3410 est,
588 3332 674 3416 quod
687 3332 874 3417 exspectetis
893 3330 1052 3410 tribunos,
1072 3330 1175 3416 quibus

117 3448 133 3496 s
151 3426 229 3511 ipsis
247 3436 354 3491 vestro
372 3428 488 3491 auxilio
507 3450 587 3513 opus
605 3426 673 3491 est’
705 3426 851 3491 concitati
868 3425 1012 3491 homines
1030 3427 1129 3491 veluti
1143 3420 1176 3488 sd

150 3519 305 3604 proelium
323 3542 357 3584 se
376 3521 559 3606 expediunt,
579 3519 811 3606 apparebatque
830 3543 922 3585 omne
940 3519 1112 3586 discrimen
1128 3516 1173 3585 ad·

151 3634 237 3690 esse,
255 3612 333 3677 nihil
351 3615 497 3698 cuiquam
516 3625 658 3680 sanctum
676 3638 740 3680 non
757 3615 876 3701 publici
893 3615 975 3692 fore,
994 3638 1060 3680 non
1073 3608 1175 3702 privati

117 3728 134 3777 s
152 3706 239 3773 iuris.
267 3707 340 3773 huic
358 3720 463 3774 tantae
480 3711 660 3796 tempestati
678 3734 750 3775 cum
769 3735 803 3776 se
822 3710 968 3776 consules
986 3711 1174 3781 obtulissent,

151 3802 246 3869 facile
267 3804 388 3889 experti
406 3814 493 3882 sunt,
516 3829 628 3892 parum
645 3817 745 3870 tutam
763 3807 958 3871 maiestatem
977 3805 1046 3871 sine
1064 3804 1174 3871 viribus

116 3944 128 3969 .
150 3920 234 3963 csse.
260 3897 384 3964 violatis
397 3898 573 3979 lictoribus,
592 3900 732 3965 fascibus
751 3901 858 3965 fractis
886 3923 903 3964 e
927 3899 997 3964 foro
1014 3899 1173 3965 incuriam

152 3992 380 4079 conpelluntur,
398 3993 517 4074 incerti,
536 4005 690 4080 quatenus
704 3993 822 4060 Volero
840 4004 999 4060 exerceret
1013 3994 1172 4060 victoriam·
