2566 4524
94 228 96 233 ’
145 245 210 319 268
410 255 528 311 arnna
544 255 581 325 v,
599 254 641 311 ιι,
661 253 914 325 [numanam]

112 439 125 489 1
208 413 305 484 XVI,
344 412 536 502 Priusquam
558 436 577 481 a
598 411 734 503 Delphis
757 421 898 483 oratores
918 411 1057 481 redirent
1077 411 1158 483 Alba·

144 511 216 579 nive
237 508 372 599 prodigii
397 507 522 599 piacula
546 507 772 587 invenirentur,
798 506 873 575 aovi
899 505 1018 577 tribuni
1043 507 1158 577 militum

145 603 301 673 consulari
317 612 472 689 potestate
489 602 531 669 L.
549 601 650 671 Iulius
669 601 769 678 nnus,
786 601 830 669 L.
847 600 964 669 Furius
982 600 1158 673 Medullinus

145 711 305 785 quartum,
323 697 365 761 L.
385 694 516 787 Sergius
534 696 688 773 Fidenas,
710 693 754 765 A.
772 694 958 763 Postumius
974 694 1158 783 Regillensis,

8 862 14 874 „
144 792 182 858 P.
207 791 373 861 Cornelius
395 789 642 882 Maluginensis,
668 788 865 859 AManlius
887 789 1104 880 magistratum
1120 789 1157 857 iu·
1195 796 1198 851 ἓ

111 888 256 957 aierunt.
293 908 330 950 eo
353 908 435 953 anno
459 885 704 975 Tarquinienses
728 885 806 954 novi
831 884 938 955 hostes
961 886 1078 962 exorti,
1100 884 1156 971 quia

145 981 251 1051 multis
270 980 364 1050 simul
381 979 483 1057 bellis,
502 978 692 1049 Volscorum
709 979 751 1045 ad
767 977 891 1057 Anxur,
910 977 968 1049 ubi
984 979 1155 1071 praesidium

146 1075 363 1153 obsidebatur,
390 1073 576 1160 Aequorum
602 1075 644 1142 ad
664 1073 820 1155 Labicos,
847 1073 902 1159 qui
926 1072 1103 1145 Romanam
1121 1072 1155 1141 rbi

146 1171 300 1241 coloniam
323 1168 562 1261 oppugnabant,
589 1169 711 1239 adhoc
733 1167 922 1255 Veientique
944 1178 976 1239 et
996 1168 1115 1237 Falisco
1131 1176 1154 1233 et

147 1265 300 1354 Capenati
318 1264 400 1334 bello
418 1274 587 1353 occupatos
606 1263 753 1331 videbant
766 1263 927 1331 Romanos
940 1285 1000 1331 nec
1013 1263 1094 1331 intra
1103 1285 1155 1329 nsu-

144 1383 196 1431 ros
215 1359 367 1447 quietiora
384 1359 511 1447 negotia
528 1380 599 1425 esse
617 1357 838 1427 certaminibus
860 1367 987 1449 patrum
1009 1380 1048 1424 ac
1063 1356 1154 1445 plebis,

112 1478 127 1524 a
145 1455 225 1525 inter
241 1454 320 1525 haec
337 1453 442 1523 locum
458 1453 589 1522 iniuriae
611 1453 670 1521 rati
693 1474 778 1529 esse,
804 1451 990 1539 praedatum
1013 1451 1048 1521 in
1064 1473 1153 1542 apuu

145 1549 326 1617 Romanum
343 1548 486 1616 cohortes
505 1547 667 1637 expeditas
686 1546 826 1616 mittunt:
853 1556 907 1615 aut
923 1545 1010 1615 enim
1027 1567 1154 1633 passum

145 1643 277 1713 inultam
294 1666 365 1713 eam
381 1643 527 1711 iniuriam
544 1643 722 1723 Romanos,
749 1663 789 1707 ne
806 1663 892 1709 novo
913 1639 998 1709 bello
1016 1663 1052 1709 se
1067 1662 1152 1713 οιιιιι·

145 1751 223 1820 rent,
243 1748 298 1807 aut
311 1738 426 1825 exiguo
439 1760 538 1823 eoque
551 1760 662 1823 parum
676 1736 780 1802 valido
794 1736 932 1805 exercitu
944 1750 1152 1827 persecuturos

110 1832 299 1903 sRomanis
320 1832 491 1918 indignitas
514 1832 613 1901 maior
640 1854 736 1915 quam
762 1853 837 1899 cura
862 1829 1074 1919 populationis
1093 1828 1154 1899 Τιι·

146 1927 357 2012 quiriensium
378 1927 448 1991 fuit.
484 1949 521 1993 eo
543 1949 601 1991 neo
626 1949 741 2015 magno
766 1934 877 1991 conatu
901 1939 1051 2013 suscepta
1069 1922 1154 1995 netu

111 2021 277 2106 slongum
302 2020 399 2088 dilata
422 2042 472 2088 res
500 2030 556 2085 est.
592 2018 634 2087 A.
662 2020 845 2087 Postumius
873 2028 905 2085 et
925 2019 968 2087 L.
990 2018 1090 2087 Iulius
1107 2038 1154 2087 uon

144 2116 228 2183 iusto
240 2114 357 2184 dilectu
370 2152 412 2167 ψ-
425 2124 456 2179 et
443 2115 540 2181 tenim
554 2114 593 2183 ab
607 2115 739 2181 tribunis
759 2114 860 2200 plebis
873 2113 1155 2201 inpediebantur,
1117 2150 1148 2161 -

146 2209 204 2277 sed
224 2231 322 2296 prope
348 2209 608 2293 voluntariorum,
636 2232 715 2297 quos
743 2209 936 2277 adhortando
958 2209 1154 2282 incitauerant,

147 2315 255 2373 coacta
284 2327 381 2375 manu
409 2327 467 2390 per
496 2329 607 2392 agrurn
635 2303 801 2373 Caeretem
833 2302 969 2391 obliquis
1000 2301 1157 2371 tramitibus

147 2422 266 2486 egressr
257 2400 449 2469 redeuntes
467 2424 488 2467 a
503 2400 632 2486 populat
621 2399 756 2469 tionibus
775 2420 950 2489 gravesque
967 2400 1084 2484 praeda
1095 2395 1157 2461 'lar-

114 2516 128 2562 a
147 2495 328 2579 quinienses
346 2517 539 2581 oppressere.
563 2495 640 2563 mult
629 2505 678 2563 tos
691 2494 838 2563 mortales
852 2492 906 2561 obt
894 2502 1049 2573 truncant,
1068 2510 1160 2561 omnes

147 2601 265 2659 exuunt
286 2590 488 2675 inpediment
480 2614 507 2654 rs
531 2600 561 2658 et
588 2589 720 2675 receptis
743 2611 890 2676 agrorum
913 2610 1045 2657 suorum
1065 2581 1157 2675 spolils

114 2703 127 2748 ι
146 2682 282 2751 Romam
299 2696 504 2750 revertuntur.
541 2683 672 2754 biduum
693 2684 736 2751 ad
757 2683 1031 2772 recognoscendas
1052 2703 1100 2753 res
1115 2678 1161 2747 da·

147 2787 213 2845 turn
231 2777 379 2855 dominis,
399 2777 489 2841 tertio
506 2777 665 2863 incognita
683 2817 725 2831 -
743 2788 831 2843 erant
847 2788 954 2845 autern
973 2799 1012 2845 ea
1029 2776 1162 2867 pleraque

146 2871 285 2940 hostium
302 2871 441 2959 ipsorum
459 2909 501 2919 -
520 2871 578 2937 snb
597 2873 688 2941 basta
706 2873 829 2940 veniere
852 2872 999 2960 quodque
1016 2873 1088 2939 inde
1102 2865 1159 2935 red·

148 2974 252 3033 aetum
270 2964 421 3035 militibus
438 2975 486 3033 est
505 2966 651 3035 divisum

112 3077 127 3124 a
213 3057 326 3129 Cetera
348 3059 430 3129 bella
451 3061 651 3144 maximeque
673 3059 792 3129 Veiens
813 3059 924 3129 incerti
946 3060 1052 3129 exitus
1077 3061 1155 3129 asad

146 3153 271 3239 iamque
284 3154 420 3224 Rotnani
438 3155 582 3241 desperat
583 3179 603 3221 a
617 3178 675 3242 ope
689 3155 826 3223 humana
839 3156 906 3220 fata
917 3163 951 3223 et
964 3154 1041 3223 deos
1056 3159 1157 3245 speeta-

146 3247 231 3326 bant,
250 3272 322 3319 cum
335 3250 429 3336 legat
408 3250 484 3315 tabl
495 3249 631 3336 Delphis
645 3260 807 3328 venerunt,
827 3261 943 3318 sortem
957 3248 1076 3319 oraculi
1088 3241 1155 3315 adt·

113 3361 127 3409 9
146 3355 248 3412 rentes
259 3355 482 3430 congruentem
490 3366 642 3431 responso
652 3344 767 3431 captivi
777 3343 871 3411 vatist
887 3343 1056 3418 ‘Romane
1062 3354 1155 3427 aquam

145 3434 305 3505 Albanam
319 3459 394 3507 eave
407 3439 480 3505 laon
493 3439 652 3519 contineri,
673 3461 748 3505 aare
762 3438 796 3506 in
809 3459 894 3506 mare
908 3460 1038 3507 rumare
1051 3429 1157 3503 suella

146 3529 229 3599 mine
244 3531 338 3601 sinas.
370 3534 518 3599 emissam
532 3555 589 3618 per
601 3555 695 3618 agros
708 3532 826 3621 rigabis
840 3531 1085 3619 dissipatamque
1095 3520 1163 3593 rin*

97 3644 129 3692 10
148 3625 321 3712 extingues.
361 3640 427 3695 tum
450 3640 484 3693 tu
507 3628 615 3697 insiste
633 3629 737 3694 audax
754 3627 893 3695 hostium
911 3627 1024 3706 muris,
1046 3636 1165 3695 memorr

147 3741 241 3803 quam
262 3743 320 3807 per
341 3731 386 3789 tot
408 3746 507 3788 annos
529 3722 655 3788 obsides
677 3722 802 3801 urbem,
826 3744 866 3789 ex
888 3744 927 3789 ea
944 3722 1002 3788 tibi
1023 3720 1070 3789 his
1089 3726 1164 3799 qut&

97 3835 127 3881 11
147 3837 231 3885 nunc
247 3818 428 3902 panduntur
443 3818 517 3884 fatis
535 3818 696 3883 victoriam
715 3818 830 3885 datam
861 3816 946 3885 bello
963 3804 1166 3905 perfectoria*

146 3934 224 3980 nurn
241 3911 429 3997 amplum
400 3924 462 3977 vrct
464 3936 499 3978 or
451 3912 557 3979 tad
574 3935 645 3977 mea
662 3912 779 3999 templa
799 3921 924 3997 portato
905 3916 1165 4007 osacraquepss‘

147 4014 215 4086 nn,
234 4028 367 4092 quorum
386 4009 503 4075 omissa
522 4029 596 4072 aura
614 4016 670 4087 est,
689 4007 863 4075 instaurata
878 4016 914 4073 ut
902 4003 1045 4072 tadsolet
1056 3975 1162 4067 sarid-⁹
