2566 4524
155 229 221 297 522
449 237 568 295 LIBER
584 238 626 313 X,
643 238 688 296 26.
707 240 748 308 [a.
758 254 786 294 n.
796 235 894 306 aabtl]

1098 46 1102 51 ’
1201 40 1221 203 l

157 425 229 468 cum
251 399 291 467 P.
313 397 416 466 Decio
442 406 475 465 et
500 420 673 484 numquam
698 396 830 464 nimium
855 394 998 462 hostium
1022 393 1106 462 farer
1134 392 1175 462 sin
1215 412 1221 477 ζ

157 496 279 584 collega
300 493 377 580 quid
398 493 485 561 aliud
505 494 626 572 mallet,
652 501 686 559 at
707 492 768 560 sibi
788 493 830 557 L.
850 489 1059 558 Volumnium
1079 490 1176 556 darem

121 591 340 662 radiatorem.
385 589 526 655 omnium
551 609 656 654 rerum
682 586 843 654 arbitrium
869 594 950 651 eta
970 584 1089 672 populo
1112 593 1177 650 ets
1217 602 1221 671 ,ξ

157 696 269 754 senatu
286 693 317 749 et
335 682 375 750 ab
396 683 467 771 ipso
489 683 612 770 collega
627 681 729 749 Fabio
753 680 942 769 permissum
965 690 1024 746 est.
1065 689 1096 744 et
1115 700 1176 745 cnm
1219 702 1221 707 ·

155 783 195 850 P.
212 781 335 848 Decius
358 801 392 847 se
414 779 448 846 in
466 777 632 848 Samnium
649 780 700 847 vel
721 780 756 846 in
771 779 933 846 Etruriam
954 777 1113 866 proficisci
1131 800 1178 864 pn·
1219 812 1221 817 ·

156 887 259 945 ratum
285 898 356 943 esse
383 877 586 957 ostendisset,
613 885 700 943 tanta
724 875 842 942 laetitia
862 897 901 941 ac
922 874 1095 963 gratulatio
1118 872 1177 951 tuit,
1213 914 1218 925 ·

156 983 192 1038 ut
208 971 440 1060 praeciperetur
451 971 582 1038 victoria
594 971 707 1037 animis
725 969 977 1056 triumphusque,
990 991 1057 1036 non
1073 967 1178 1035 bellum
1219 998 1221 1003 ·

157 1068 318 1134 decretum
336 1065 517 1132 consulibus
536 1066 702 1132 videretur.

122 1185 139 1234 5
222 1161 354 1228 Invenio
372 1161 457 1248 apud
475 1162 644 1246 quosdam,
664 1160 820 1246 extemplo
838 1159 1007 1226 consulatu
1024 1159 1104 1227 inito
1119 1172 1180 1245 pte-

156 1257 257 1325 fectos
275 1258 308 1322 in
325 1255 486 1323 Etruriam
498 1256 634 1323 Fabium
646 1255 846 1340 Deciumque
863 1255 931 1321 sine
949 1255 1017 1321 ulla
1034 1254 1180 1320 mentione

158 1353 251 1419 sortis
276 1351 507 1439 provinciarum
529 1350 796 1434 certaminumque
822 1350 905 1416 inter
929 1350 1087 1438 collegas,
1109 1368 1180 1433 quae

122 1467 139 1517 c
157 1447 299 1535 exposui.
328 1454 401 1512 sunt
413 1445 528 1531 quibus
545 1467 586 1511 ne
603 1446 682 1511 haec
699 1445 827 1530 quidem
844 1444 1017 1510 certamina
1034 1462 1180 1531 exponere

157 1543 234 1608 satis
260 1540 369 1619 fuerit,
396 1540 566 1607 adiecerint
590 1551 623 1607 et
643 1539 743 1627 Appii
768 1538 1002 1606 criminationes
1029 1539 1071 1604 de
1091 1535 1182 1604 Fabio

156 1634 288 1702 absente
306 1636 348 1701 ad
367 1636 520 1722 populum
537 1645 569 1702 et
590 1634 794 1723 pertinaciam
815 1633 970 1700 adversus
992 1640 1182 1720 praesentem

157 1730 319 1797 consulem
339 1731 492 1816 praetoris
515 1730 807 1814 contentionemque
828 1728 924 1795 aliam
940 1728 1026 1793 inter
1042 1727 1181 1814 collegas,

156 1825 304 1892 tendente
320 1825 437 1905 Decio,
456 1835 492 1891 ut
510 1848 586 1893 suae
603 1825 738 1911 quisque
754 1823 934 1910 provinciae
953 1833 1074 1888 sortem
1092 1831 1183 1887 tuere·
1219 1876 1221 1885 .

122 1942 138 1990 t
157 1929 217 1985 tur.
244 1929 389 1986 constare
406 1942 456 1986 res
474 1919 584 2005 incipit
597 1942 637 1986 ex
650 1941 689 1986 eo
706 1929 855 2006 tempore,
869 1939 933 2003 quo
946 1917 1087 2004 profecti
1100 1914 1182 1982 ambo

157 2014 303 2079 consules
322 2013 363 2079 ad
380 2013 498 2079 bellum
516 2023 598 2079 sunt.

223 2105 372 2173 Ceterum
395 2117 563 2192 antequam
581 2109 727 2175 consules
749 2108 783 2173 in
799 2106 963 2173 Eturriam
980 2105 1183 2192 pervenirent,

158 2198 305 2268 Senones
323 2198 411 2269 Galli
432 2202 631 2268 multitudine
653 2204 774 2290 ingenti
795 2201 837 2268 ad
854 2200 1004 2267 Clusium
1028 2207 1184 2276 venerunt,

121 2315 138 2366 8
155 2295 313 2383 legionem
334 2296 511 2363 Romanam
534 2307 698 2383 castraque
724 2295 946 2386 oppugnaturi.
989 2293 1117 2383 Scipio,
1138 2291 1186 2379 qni

157 2391 267 2457 castris
284 2401 435 2478 praeerat,
454 2392 524 2458 loco
542 2393 752 2458 adiuvandam
774 2390 966 2478 paucitatem
985 2414 1119 2457 suorum
1136 2389 1186 2454 mi-

155 2486 246 2551 litum
271 2496 373 2565 ratus,
400 2487 433 2551 in
459 2488 584 2565 collem,
612 2487 667 2573 qui
692 2488 773 2553 inter
794 2486 905 2553 urbem
927 2496 961 2551 et
983 2496 1093 2553 castra
1118 2492 1184 2560 erat,

122 2599 138 2648 9
157 2580 257 2646 aciem
275 2583 382 2648 erexit.
420 2584 477 2648 sed
493 2595 529 2647 ut
545 2583 579 2647 in
595 2605 629 2648 re
648 2582 752 2648 subita
769 2605 880 2668 parum
898 2580 1068 2667 explorato
1085 2583 1186 2647 itinere

157 2675 199 2739 ad
220 2676 330 2763 iugum
352 2678 501 2763 perrexit,
525 2678 611 2762 quod
635 2676 743 2743 hostes
765 2686 912 2762 ceperant
939 2686 1033 2762 parte
1056 2677 1119 2743 alia
1139 2673 1187 2739 ad·

157 2772 268 2854 gressi.
308 2772 352 2836 ita
378 2793 471 2837 caesa
496 2770 536 2839 ab
563 2783 651 2858 tergo
676 2772 760 2859 legio
787 2781 881 2856 atque
908 2771 943 2834 in
971 2772 1096 2851 medio,
1122 2791 1187 2835 cum

106 2880 138 2928 ιο
156 2861 256 2927 hostis
274 2865 412 2948 undique
431 2877 566 2952 urgeret,
585 2868 807 2932 circumventa.
844 2865 984 2930 deletam
1002 2887 1132 2951 quoque
1147 2861 1187 2928 ibi

156 2953 328 3043 legionem,
345 2960 390 3025 ita
406 2971 442 3025 ut
457 2963 586 3027 nuntius
603 2985 667 3028 nou
685 2969 878 3048 superesset,
898 2961 1033 3044 quidam
1052 2969 1186 3026 auctores

107 3067 137 3116 11
158 3061 240 3132 sunt,
258 3075 318 3119 nec
335 3063 407 3119 ante
425 3056 466 3120 ad
484 3057 639 3135 consules,
658 3057 712 3141 qui
729 3057 793 3121 iam
810 3055 897 3119 haud
913 3055 1029 3139 procul
1047 3079 1069 3121 a
1088 3053 1187 3120 Clusio

156 3145 299 3227 aberant,
322 3147 441 3214 famam
463 3149 530 3217 eius
553 3151 651 3216 cladis
673 3151 826 3237 perlatam
848 3171 946 3233 quam
968 3149 1003 3213 in
1023 3156 1187 3236 conspectu

156 3241 244 3307 fuere
273 3239 438 3309 Gallorum
469 3245 605 3329 equites,
636 3243 816 3331 pectoribus
849 3264 1005 3326 equorum
1040 3262 1187 3331 suspensa

156 3345 317 3420 gestantes
345 3339 449 3423 capita
474 3348 505 3403 et
530 3337 648 3404 lanceis
674 3338 772 3403 infixa
794 3347 992 3420 ovantesque
1021 3339 1121 3404 moris
1145 3332 1188 3401 sni

106 3440 138 3487 12
157 3430 302 3494 carmine.
349 3441 422 3496 sunt
447 3431 501 3517 qui
523 3431 662 3498 Umbros
689 3431 803 3509 fuisse,
831 3454 896 3497 non
919 3428 1039 3499 Gallos
1062 3433 1187 3506 nsunt.

155 3543 213 3586 nec
231 3531 353 3588 tantum
370 3525 468 3591 cladis
487 3536 650 3611 acceptum
663 3535 695 3592 et
712 3525 934 3592 circumventis
952 3525 1189 3612 pabulatoribus

157 3636 229 3679 cum
245 3615 288 3679 1..
306 3616 429 3684 Manlio
448 3619 610 3704 Torquato
626 3620 732 3707 legato
752 3617 938 3704 Scipionem
957 3630 1189 3708 propraetorem

157 3706 333 3774 subsidium
355 3733 373 3776 e
395 3713 506 3778 castris
533 3714 642 3778 tulisse
665 3714 861 3797 victoresque
884 3712 1036 3781 Umbros
1063 3714 1189 3781 redinte-

154 3812 246 3889 grato
275 3805 393 3889 proelio
424 3807 524 3874 victos
554 3829 625 3874 esse
655 3807 861 3894 captivosque
893 3808 941 3874 eis
975 3832 1015 3875 ac
1047 3809 1190 3897 praedam

105 3914 138 3964 13
156 3897 344 3984 ademptam.
376 3899 508 3966 similius
527 3924 601 3968 vero
619 3910 677 3978 est,
696 3925 715 3966 a
733 3898 829 3967 Gallo
846 3901 941 3969 hoste
960 3926 1063 3990 quam
1075 3901 1190 3970 Umbro

20 3988 25 3999 '
154 4010 224 4054 eam
242 3993 363 4060 cladem
381 4004 552 4081 acceptam,
566 3996 652 4081 quod
671 4018 744 4061 cum
762 4017 858 4083 saepe
871 3997 954 4066 alias
974 4008 1046 4066 tum
1065 4021 1104 4066 eo
1117 4012 1190 4063 anno
