2566 4524
149 275 214 341 330
408 285 525 340 LIBER
542 285 598 352 VI,
616 283 659 340 24.
673 283 716 340 25.
736 289 811 355 [au.
821 301 846 340 c.
855 282 920 356 374]

114 468 128 515 t
149 445 241 513 sunt'
266 446 368 532 pudor
385 443 486 531 primo
503 444 604 509 tenuit
615 443 751 524 effusos3
768 443 843 510 inde
855 452 892 509 ut
905 442 1074 532 circumagi
1086 443 1154 532 sigua

148 541 332 626 obvertique
349 541 450 607 aciem
462 539 608 605 viderunt
619 541 654 605 in
665 540 800 619 hostem,
819 552 851 604 et
867 539 944 618 dux,
961 549 1157 629 praeterquam

147 638 235 723 quod
250 645 298 702 tot
314 636 446 723 insignis
466 634 641 721 triumphis,
661 635 756 701 etiam
769 642 872 700 aetate
884 635 1081 714 venerabilis,
1097 636 1158 702 iuter

147 734 249 818 prima
266 731 367 818 signa,
386 728 441 795 ubi
457 728 611 816 plurimus
628 729 718 796 labor
734 729 974 816 periculumque
987 739 1062 810 erat,
1080 752 1111 798 se
1124 728 1160 796 ot-

147 826 283 905 ferebat,
309 825 471 911 increpare
494 824 612 912 singuli
634 846 669 890 se
692 824 826 910 quisque
844 833 876 889 et
893 823 988 904 alios,
1016 833 1049 891 et
1069 825 1162 892 adhor-

112 938 129 988 8
148 921 224 986 tatio
241 920 376 986 invicem
394 928 493 984 totam
510 919 606 985 alacri
625 918 762 985 elamore
779 919 919 1005 pervasit
936 919 1050 986 aciem.
1080 942 1160 1006 neque

147 1016 226 1081 alter
242 1014 385 1081 tn'btmus
402 1014 448 1080 rei
465 1010 579 1092 defuit,
608 1013 665 1080 sed
682 1015 800 1081 missus
818 1038 838 1080 a
855 1015 978 1103 collega
999 1016 1162 1083 restituente

147 1110 289 1197 peditum
307 1108 406 1175 aciem
424 1109 466 1173 ad
484 1108 618 1192 equites,
642 1130 706 1173 non
724 1108 922 1196 castigando,
941 1111 985 1175 ad
1001 1131 1097 1196 quam
1110 1133 1163 1176 rem
1200 1118 1202 1123 '

146 1205 297 1271 leviorem
318 1216 478 1271 auctorem
505 1225 578 1268 eum
604 1202 716 1289 culpae
743 1204 877 1269 societas
899 1203 1034 1284 fecerat,
1063 1204 1163 1272 sedab

146 1299 278 1386 imperio
296 1307 380 1365 totus
398 1298 439 1363 ad
460 1320 570 1385 preces
593 1319 704 1364 versus
726 1320 814 1364 orare
837 1299 980 1386 singulos
1002 1301 1164 1367 universos·

147 1416 222 1478 que,
250 1403 286 1459 ut
311 1416 346 1459 se
371 1415 460 1460 reum
486 1391 630 1458 fonunae
656 1392 724 1458 eius
751 1392 814 1458 diei
839 1392 969 1460 crimine
995 1395 1162 1462 eximerent:

113 1509 128 1557 a
148 1487 319 1555 ‘abnuente
342 1510 379 1553 ac
400 1486 585 1574 prohibente
612 1487 733 1574 collega
758 1487 941 1555 temeritatis
964 1512 1017 1555 me
1043 1490 1164 1557 omnium

146 1583 251 1670 potius
270 1582 391 1648 socium
409 1604 505 1666 quam
527 1581 619 1647 unius
640 1582 825 1668 prudentiae
848 1583 929 1649 dedi.
977 1583 1164 1652 Camillusiu

147 1686 279 1762 utraque
297 1685 401 1742 vestra
418 1676 545 1742 fortuna
562 1700 652 1742 suam
669 1677 804 1764 gloriam
820 1677 920 1743 videt:
948 1701 1009 1766 ego
1014 1728 1024 1760 ,
1044 1680 1077 1746 ni
1092 1679 1164 1746 resti-

147 1772 244 1838 tuitur
260 1794 381 1860 pugna,
400 1772 493 1857 quod,
503 1772 713 1838 miserrimum
731 1781 793 1851 est,
812 1771 973 1838 somonam
991 1793 1066 1840 cum
1082 1774 1164 1840 omni·

97 1886 129 1936 10
148 1865 218 1945 bus,
236 1866 399 1933 infamiam
418 1867 503 1933 solus
523 1865 675 1933 sentiam!
702 1867 855 1953 optimum
873 1868 979 1933 visum
997 1880 1047 1936 est
1059 1870 1092 1935 in
1103 1868 1164 1936 fluc-

146 1972 287 2029 tuantem
314 1963 427 2041 aciem,
456 1963 536 2028 tradi
563 1985 660 2047 equos
688 1971 718 2029 et
743 1963 882 2049 pedestri
902 1985 1012 2051 pugna
1034 1965 1163 2031 invadere

145 2056 280 2124 hostem.
317 2065 393 2124 eunt
409 2057 551 2144 insignes
570 2057 666 2123 armis
684 2058 873 2142 animisque,
892 2079 956 2142 qua
972 2059 1076 2146 premi
1091 2067 1162 2146 purte

146 2153 283 2217 maxime
300 2152 442 2239 peditum
460 2153 566 2239 copias
589 2152 705 2217 vident
750 2152 828 2218 nihil
849 2174 952 2237 neque
975 2155 1063 2240 apud
1083 2155 1162 2219 duces

146 2238 248 2332 neque
270 2246 356 2333 apud
377 2247 492 2312 milites
507 2242 681 2312 ‘remittitur
697 2268 860 2312 asumma
882 2249 1054 2315 certamine
1076 2247 1162 2315 animi.

97 2361 127 2409 11
148 2342 246 2407 sensit
264 2363 339 2429 ergo
358 2357 488 2407 eventus
506 2340 629 2406 virtutis
652 2340 763 2406 enixae
785 2364 891 2427 opem,
919 2350 951 2407 et
968 2341 1092 2422 Volsci,
1116 2365 1164 2427 qua

109 2459 112 2463 ’
146 2437 240 2502 modo
259 2437 405 2503 simulato
422 2445 510 2502 metu
527 2445 695 2516 cesserant,
715 2459 753 2501 ea
769 2437 803 2501 in
820 2459 929 2501 veram
946 2436 1060 2524 fugam
1078 2437 1163 2514 effusi,

146 2555 263 2618 magna
288 2553 361 2618 pars
384 2541 416 2597 et
437 2532 470 2596 in
491 2531 561 2618 ipso
584 2531 752 2596 certamine
779 2541 811 2596 et
836 2540 908 2617 post
929 2531 963 2596 in
985 2532 1065 2620 fuga
1087 2531 1164 2608 caesi,

146 2628 242 2693 ceteri
262 2628 295 2692 in
319 2629 443 2706 castris,
471 2649 551 2711 quae
570 2636 662 2713 capta
683 2628 795 2692 eodem
812 2628 933 2714 impetu
956 2638 1040 2695 sunt,
1075 2630 1165 2716 plures

146 2731 252 2787 tamen
270 2722 354 2806 capti
371 2744 466 2804 quam
485 2721 590 2786 occisi.

113 2837 126 2883 1
209 2815 325 2881 XXV.
370 2815 438 2881 Ubi
463 2815 497 2880 in
522 2816 722 2882 recensendis
749 2817 881 2902 captivis
908 2840 982 2882 curn
1008 2816 1166 2885 Tusculani

147 2908 266 2992 aliquot
287 2909 529 2989 noscitarentur,
558 2911 670 2977 secreti
692 2910 732 2977 ab
755 2911 824 2976 aliis
847 2913 887 2977 ad
913 2912 1057 2980 tribunos
1084 2913 1167 2980 addu-
1200 2946 1202 2973 ÷

146 3013 272 3084 cuntur,
295 3005 613 3091 percontantibusque
631 3005 723 3084 fassi,
747 3004 874 3092 publico
893 3008 1025 3074 consilio
1049 3031 1083 3074 se
1101 3007 1167 3072 mili·

111 3118 127 3166 2
145 3108 239 3166 tasse.
272 3100 361 3167 cuius
380 3109 445 3166 tam
462 3100 559 3166 vicini
576 3100 651 3166 belli
668 3111 755 3166 metu
769 3099 922 3167 Camillus
941 3113 1049 3170 motus
1063 3113 1167 3170 extem·

144 3194 197 3279 plo
224 3217 259 3261 se
280 3195 415 3261 Romam
442 3195 583 3281 captivos
610 3196 777 3260 ducturum
800 3195 857 3274 ait,
883 3218 924 3261 ne
945 3206 1055 3283 patres
1077 3194 1167 3287 ignari

146 3289 227 3367 sint,
246 3289 445 3356 Tusculanos
464 3289 504 3356 ab
524 3290 673 3355 societate
696 3290 844 3356 descisse.
881 3291 993 3356 castris
1017 3289 1168 3359 exercitui·

111 3399 207 3466 3que
224 3383 358 3462 interim,
378 3384 405 3449 si
423 3383 574 3462 videatur,
593 3383 710 3470 praesit
728 3384 859 3471 collega.
888 3384 1081 3454 documento
1098 3406 1166 3453 unus

145 3477 213 3541 dies
231 3476 342 3554 suerat,
361 3499 401 3542 ne
419 3500 477 3543 sua
495 3479 625 3544 consilia
642 3478 823 3545 melioribus
841 3478 1024 3565 praeferret.
1058 3505 1116 3549 nec
1130 3495 1167 3545 ta-

144 3592 218 3634 men
235 3579 290 3634 aut
306 3570 368 3657 ipsi
385 3572 489 3637 autin
506 3574 645 3638 exercitu
662 3573 809 3658 cuiquam
832 3575 908 3640 satis
930 3574 1058 3660 placato
1075 3576 1165 3643 auimo

146 3661 300 3729 Camillus
318 3664 438 3732 laturus
457 3666 581 3753 culpam
600 3668 668 3733 eius
685 3667 866 3746 videbatur,
890 3690 953 3754 qua
971 3669 1048 3737 data
1064 3671 1098 3737 iu
1114 3681 1165 3735 tau

109 3757 348 3844 apraecipitem
366 3782 474 3826 casum
491 3784 542 3827 res
563 3761 691 3849 publica
713 3770 811 3841 esset,
840 3770 961 3828 etcum
984 3764 1019 3829 in
1041 3764 1165 3831 exercitu

144 3863 212 3919 tum
228 3853 351 3921 Romae
369 3865 515 3923 constans
538 3856 679 3923 omnium
701 3857 788 3923 fama
805 3866 885 3936 erat,
913 3879 988 3924 cum
1009 3862 1097 3926 varia
1112 3858 1164 3924 sor·

145 3957 221 4014 tuna
241 3948 274 4013 in
292 3948 418 4016 Volscis
440 3961 532 4039 gesta
548 3974 599 4018 res
617 3961 715 4032 esset,
743 3953 895 4019 adversae
916 3975 1045 4041 pugnae
1066 3953 1163 4040 fugae·

143 4064 207 4127 que
231 4043 265 4109 in
285 4044 328 4112 L.
350 4045 448 4112 Furio
475 4046 613 4133 culpam,
651 4047 807 4115 secundae
834 4047 931 4115 decus
958 4070 1052 4116 omne
1075 4062 1161 4136 penes
