2566 4524
148 234 190 300 80
370 245 488 301 LIBER
505 245 548 315 Π,
567 244 664 299 17.18.
684 247 721 313 [a.
731 260 758 297 u
770 242 954 314 casa-255]

146 405 250 470 coloni
268 404 334 481 alii,
353 404 505 512 oppidum
522 402 674 480 dirutum,
693 423 770 487 ager
782 401 887 466 veniit.
916 400 1063 467 consules
1078 403 1175 489 magis

147 499 227 565 ob
218 523 280 564 rras
311 498 449 585 graviter
473 498 520 561 ult
508 507 556 561 tas
583 519 678 581 quam
704 495 745 562 ob
773 495 894 582 magnit
881 495 1024 561 tudinem
1049 494 1176 582 perfecti

145 591 221 660 belli
238 593 478 679 triumpharunt.
1181 631 1187 637 -

114 707 128 757 ι
212 687 344 757 XVIII
374 688 551 771 Insequens
570 709 671 751 annus
688 685 879 752 Postumum
893 668 1080 753 Cominium
1099 685 1174 752 etT.

113 799 128 847 ι
146 783 298 848 Larcium
317 782 462 848 consules
479 781 598 847 habuit.
577 791 669 847 teo
687 803 770 846 anno
783 780 906 847 Romae
923 803 997 846 cum
1014 804 1073 866 per
1090 781 1174 847 ludos

148 877 188 943 ab
209 875 400 943 Sabinorum
420 877 583 942 iuventute
604 899 661 962 per
681 876 846 942 lasciviam
865 885 969 942 scorta
984 886 1173 961 raperentur,

147 992 303 1037 concursu
319 972 483 1037 hominum
500 972 569 1037 rixa
587 994 625 1036 ac
641 993 741 1057 prope
757 971 912 1057 proelium
925 970 1000 1049 fuit,
1020 991 1173 1056 parvaque

111 1084 187 1131 aex
208 1088 243 1130 re
266 1066 307 1131 ad
327 1066 529 1131 rebellionem
552 1074 694 1151 spectare
715 1087 766 1130 res
792 1064 958 1130 videbatur
985 1087 1084 1150 supra
1110 1064 1173 1130 belli

146 1159 255 1224 Latini
276 1169 404 1225 metum.
440 1160 474 1224 id
494 1181 620 1244 quoque
642 1159 946 1242 accesserat„.quod
967 1158 1100 1246 triginta
1119 1159 1172 1223 ian

148 1255 329 1320 coniurasse
345 1253 479 1341 populos
498 1255 674 1319 concitante
693 1252 830 1320 Octavio
846 1252 992 1318 Mamilio
1012 1253 1091 1319 satis
1110 1274 1172 1318 con·

148 1349 260 1416 stabat.

112 1476 130 1522 4
211 1445 251 1508 In
272 1445 332 1508 hac
354 1454 511 1509 tantarum
529 1444 763 1529 exspectatione
779 1466 884 1508 rerum
903 1442 1039 1509 sollicita
1056 1442 1168 1509 civiaa

147 1538 306 1603 dictatoris
324 1539 461 1623 primum
478 1539 604 1602 creandi
622 1538 739 1603 mentio
757 1547 834 1604 orta.
862 1536 919 1603 sed
935 1559 995 1603 nec
1013 1559 1078 1621 quo
1095 1556 1166 1603 anno

146 1655 205 1697 nec
223 1631 338 1715 quibus
357 1631 554 1709 consulibus,
578 1633 652 1715 quia
670 1654 710 1696 ex
726 1631 864 1698 factione
883 1631 1059 1714 Tarquinia
1076 1637 1166 1697 essem

146 1726 239 1791 —id
261 1748 386 1810 quoque
409 1726 493 1791 enim
515 1726 646 1790 traditur
666 1764 723 1804 -,
751 1749 863 1812 parum
884 1725 1040 1790 creditum
1062 1724 1101 1792 sit
1116 1744 1166 1789 neo

111 1823 216 1907 aquis
244 1822 381 1908 primum
409 1823 541 1886 dictator
567 1832 689 1886 creatus
721 1821 776 1898 sit,
812 1821 888 1886 satis
919 1828 1052 1885 constat.
1096 1816 1166 1905 apud

146 1917 328 1981 veterrimos
343 1926 448 1981 tamen
461 1926 604 1980 auctores
618 1916 657 1981 T.
670 1916 823 1980 Larcium
836 1916 1021 1980 dictatorem
1034 1915 1163 2002 primum,

148 2008 204 2094 Sp.
230 2009 379 2074 Cassium
404 2010 591 2096 magistrum
617 2010 758 2093 equitum
785 2018 906 2077 creatos
933 2011 1071 2078 invenio.
1105 2028 1163 2075 oon·

147 2103 267 2168 sulares
290 2104 408 2189 legere:
436 2104 480 2167 ita
501 2103 554 2168 lex
575 2103 706 2169 iubebat
726 2105 765 2169 de
783 2104 934 2170 dictatore
952 2105 1088 2171 creando
1104 2102 1161 2168 lac

112 2226 128 2274 6
147 2219 184 2262 eo
199 2198 300 2284 magis
315 2198 454 2263 adducor
468 2208 502 2262 ut
516 2199 651 2276 credam,
664 2199 827 2276 Larcium,
846 2199 901 2284 qui
914 2197 1089 2264 consularis
1102 2204 1161 2273 erut

145 2293 250 2377 potius
278 2314 373 2376 quam
394 2292 451 2356 Μ’.
469 2292 647 2371 Valerium,
675 2293 723 2358 M.
746 2293 860 2371 filium,
887 2291 1000 2359 Volesi
1021 2300 1160 2379 nepotem,

147 2387 201 2470 qui
227 2387 367 2451 nondum
395 2388 504 2452 consul
530 2388 646 2465 fuerat,
677 2387 964 2453 moderatoremt
933 2396 964 2451 et
994 2387 1161 2487 magistrun

114 2508 128 2556 ι
147 2481 328 2547 consulibus
347 2483 457 2567 apposi
459 2493 535 2546 t.um
568 2483 644 2566 quin
667 2482 694 2547 si
711 2481 848 2546 maxime
865 2503 906 2546 ex
924 2502 962 2545 ea
979 2480 1099 2545 familia
1113 2470 1160 2561 legi

147 2576 243 2640 dictat
231 2587 330 2641 torem
344 2577 459 2641 vtcllen
447 2586 545 2661 t‚pat
546 2599 612 2641 rem
624 2576 702 2640 mult
690 2586 722 2641 ιο
735 2576 840 2662 potius
853 2574 902 2640 M.
912 2573 1079 2640 Valerium
1090 2588 1160 2658 spec·

146 2679 229 2734 tatae
248 2670 347 2733 virtut
343 2671 370 2733 is
390 2679 421 2733 ct
408 2670 682 2734 tconsnlarem
652 2694 755 2735 vrrum
772 2670 933 2757 legissent.

112 2787 129 2836 8
213 2763 327 2828 Creato
350 2764 446 2828 dictat
402 2773 501 2828 tatorc
528 2765 664 2850 primum
685 2766 808 2831 Romae
834 2775 1003 2851 postquam
1028 2752 1158 2850 praeferri

148 2878 274 2921 secures
298 2857 454 2935 viderunt,
482 2881 616 2944 magnus
639 2859 763 2945 plebem
786 2870 851 2924 met
852 2882 889 2924 us
907 2859 1052 2937 incessit,
1075 2865 1107 2922 ut
1122 2852 1158 2917 ir·

148 2949 296 3015 tentiores
319 2961 425 3016 esseut
412 2952 488 3016 tad
510 2953 593 3017 dicto
562 2955 798 3039 tparendum
838 2975 941 3039 neque
964 2952 1062 3030 enim,
1088 2943 1157 3014 utin

147 3045 343 3124 consulibus,
375 3046 430 3130 qui
455 3047 523 3133 pari
548 3071 590 3133 po
592 3058 703 3113 testate
673 3056 850 3126 tessent,
877 3047 1004 3112 alterius
1028 3042 1157 3111 auxilium

145 3162 248 3224 neque
265 3152 416 3226 protocat
416 3142 447 3207 io
465 3153 531 3207 crat
548 3165 650 3227 neque
667 3143 768 3207 ullum
789 3164 938 3225 usquam,
965 3141 1027 3205 nisi
1048 3142 1081 3205 in
1101 3152 1156 3203 curt
1180 3176 1183 3181 -

145 3236 289 3320 parendi,
309 3237 469 3301 auxilium.

112 3351 127 3399 9
213 3326 341 3396 Sabinis
359 3333 455 3396 etiam
472 3342 557 3397 creat
557 3355 595 3396 us
544 3331 730 3396 tRomae
748 3331 845 3395 dictat
833 3340 882 3394 tor
900 3352 937 3394 eo
956 3315 1156 3416 magis,un

146 3432 239 3507 propt
240 3445 274 3487 er
296 3447 330 3489 sc
353 3436 437 3490 creat
438 3450 492 3491 um
515 3427 724 3504 crediderant,
753 3436 817 3490 mot
818 3449 871 3490 um
893 3426 1037 3490 incussit.
1072 3425 1156 3504 itaqu

97 3539 129 3588 10
145 3514 231 3601 legat
232 3537 268 3581 os
295 3519 334 3582 de
364 3541 442 3604 pace
473 3520 609 3585 mittunt.
654 3475 768 3603 quibus
800 3529 890 3585 orant
878 3518 961 3584 tibus
994 3520 1156 3584 dictatorcm

147 3621 367 3694 senatumque,
390 3623 426 3677 ut
443 3615 566 3679 veniam
585 3616 697 3679 erroris
719 3614 899 3680 hominibus
922 3610 1167 3680 adulescentibut¹

147 3703 269 3782 darent,
288 3729 489 3791 responsum,
507 3710 629 3794 ignosci
648 3708 901 3774 adulescentibus
918 3730 1029 3794 posse,
1049 3703 1156 3773 senibus

98 3822 128 3870 11
147 3820 212 3862 non
229 3822 337 3883 posse,
360 3803 415 3885 qui
431 3802 514 3867 bella
532 3826 571 3868 ex
589 3803 679 3868 bellis
700 3812 846 3868 sererent.
883 3813 988 3867 actum
1006 3812 1109 3867 tamen
1123 3796 1157 3861 ed

147 3893 186 3957 de
204 3916 295 3979 pace,
318 3895 544 3982 impetrataque
563 3898 656 3976 foret,
681 3899 709 3962 si
726 3899 812 3981 quod
829 3899 980 3984 inpensae
1002 3886 1159 3962 factumi!
1186 3944 1190 3949 -

146 3986 264 4053 bellurn
282 4000 348 4057 erat
364 4002 524 4078 praestare
540 3990 649 4059 Sabini
659 3992 743 4056 -id
757 3992 839 4057 enim
853 3989 1047 4078 postulatum
1060 3995 1160 4055 erat*
1185 4000 1191 4009 '
