2566 4524
145 229 211 295 440
352 238 472 294 LIBER
488 237 573 310 VIII,
589 236 633 294 39.
645 235 689 295 to.
710 235 967 311 [1111432413]

98 422 131 474 11
150 399 313 471 subtraxit.
349 397 468 485 placuit
490 419 563 462 cum
584 417 712 482 corpore
738 395 822 463 bona
847 419 975 484 quoque
1002 397 1070 466 eius
1095 399 1166 468 dedi.

147 496 226 564 nihil
244 505 350 560 tamen
368 516 476 559 earum
497 514 601 558 rerum
622 501 746 578 praeter
759 492 910 579 captivos
933 514 971 560 ac
994 493 1023 560 si
1043 516 1104 581 qua
1122 516 1164 561 co·

22 670 26 677 ,
145 591 235 680 gnita
247 613 287 656 ex
300 590 418 676 praeda
431 597 504 654 sunt
521 596 685 682 acceptum
699 595 757 665 est,
772 597 948 655 ceterarum
964 609 1071 656 rerum
1084 589 1161 657 inrita

146 689 208 755 fuit
225 687 351 753 deditio.
387 685 521 750 dictator
538 707 579 750 ex
596 693 724 750 senatus
742 684 885 751 consulto
904 684 1113 772 triumphavit
1194 736 1196 741 -

114 803 128 849 1
153 843 156 847 .
212 780 370 848 XXXX.
397 779 472 846 Hoc
493 779 612 845 bellum
634 803 654 844 a
670 778 853 846 consulibus
875 779 1031 849 bellatum
1051 780 1158 865 quidun
1192 780 1196 819 ·'

148 886 292 943 auctores
311 884 385 942 sunt
402 896 518 959 eosque
537 875 576 940 de
595 871 790 940 Samnitibus
808 873 1033 960 triumphasse,
1044 873 1156 943 Fabium

148 971 244 1038 etiam
260 970 294 1034 in
310 969 463 1057 Apuliam
480 968 672 1056 processisse
690 978 785 1054 atque
801 968 874 1034 inde
893 993 1030 1058 magnas
1045 969 1152 1057 praedes

148 1065 262 1153 egisse.
297 1087 357 1130 nec
375 1063 540 1150 discrepat,
560 1063 637 1148 quin
655 1063 787 1129 dictator
804 1086 842 1129 eo
860 1086 943 1130 anno
957 1063 1002 1130 A.
1014 1062 1153 1132 Cornelius

114 1178 130 1227 1
150 1161 260 1227 fuerit:
287 1161 321 1225 id
343 1159 526 1247 ambigitur,
544 1159 659 1224 belline
676 1159 806 1247 gerendi
823 1181 922 1226 causa
939 1170 1060 1226 creatus
1077 1159 1153 1226 sitan

148 1266 287 1322 uttesse
304 1278 359 1340 qur
349 1255 459 1331 ludis
472 1253 636 1332 Romanis,
651 1253 774 1339 quiaL
783 1252 929 1320 Plautius
946 1265 1037 1340 praet
1038 1278 1071 1320 or
1085 1251 1153 1342 grati

148 1350 259 1417 morbo
281 1350 361 1416 forte
387 1349 546 1436 inplicitus
573 1357 653 1426 erat,
677 1349 804 1436 signum
830 1350 899 1413 mitt
874 1350 992 1416 ttendis
1017 1347 1152 1459 quadrigis

113 1445 237 1513 adoret
258 1445 347 1510 funct
335 1454 449 1529 tusque
467 1466 505 1510 eo
523 1443 608 1509 haud
631 1465 706 1508 sane
727 1444 952 1510 memorandi
942 1445 1065 1531 imperii
1083 1441 1152 1508 mini·

149 1541 243 1606 sterio
267 1540 478 1605 sedictatura
502 1538 1104 1617 111111111111111111111111111
1120 1534 1152 1600 rei

114 1651 131 1698 4
149 1644 204 1700 aut
222 1644 380 1700 auctorem
398 1643 470 1700 auct
471 1657 517 1700 or1
508 1633 700 1720 praeferre.
728 1633 816 1699 vitiat
817 1657 869 1699 am
886 1635 1070 1700 memoriam
1084 1631 1152 1697 fune

147 1727 256 1795 bribus
275 1728 422 1795 laudibus
440 1752 511 1795 reor
531 1729 683 1812 falsisque
705 1728 878 1815 imaginum
900 1728 1015 1808 titulis,
1037 1728 1106 1795 dum
1119 1723 1152 1789 fa·

147 1824 234 1889 milia
252 1824 293 1890 ad
311 1847 345 1890 se
364 1846 506 1908 quaeque
525 1823 643 1890 famam
660 1845 765 1889 rerum
782 1821 944 1910 gestarum
961 1824 1151 1904 honorumque

113 1934 130 1983 o
149 1918 270 1984 fallenti
288 1919 451 1984 mendacio
469 1918 604 1983 trahunt.
632 1918 705 1984 inde
723 1927 806 1983 certe
824 1926 856 1983 et
873 1918 1069 2005 singulorum
1085 1922 1151 2002 gestu

150 2021 181 2076 et
206 2011 333 2097 publica
363 2022 566 2078 monumenta
595 2035 700 2079 rerum
730 2011 871 2079 confusa.
920 2035 981 2079 nec
1011 2012 1152 2099 quisquam

148 2105 290 2189 aequalis
317 2105 510 2192 temporibus
536 2106 599 2172 illis
623 2108 756 2194 scriptor
777 2116 876 2186 extat,
904 2129 969 2192 quo
992 2110 1066 2175 satis
1090 2112 1152 2172 certo

147 2209 275 2267 auctore
298 2209 404 2266 stetur.

427 2553 643 2636 [11111111
658 2559 768 2619 11111
784 2555 900 2637 vim]

201 2687 249 2757 [Τ.
259 2687 404 2756 Veturius,
420 2684 539 2758 Spurius
552 2688 715 2743 Postumius
728 2689 862 2744 consules
876 2688 956 2758 apud
969 2688 1065 2744 furcas
1077 2683 1154 2745 Caud'r
1191 2694 1196 2701 '

146 2782 200 2820 nas
215 2765 338 2820 deducto
352 2765 491 2818 inlocum
505 2770 597 2820 artum
611 2765 751 2837 exercitu,
770 2783 834 2822 cum
849 2782 915 2836 spes
929 2767 1011 2822 nulla
1025 2771 1153 2823 11111111

147 2841 243 2908 dandi,
258 2841 375 2896 foedere
385 2857 448 2895 cum
458 2841 632 2898 Samnitibus
641 2842 719 2898 facto
730 2849 760 2899 et
769 2843 909 2898 sescentis
919 2844 1066 2914 equitibus
1074 2843 1153 2899 Rone-

145 2918 192 2973 nis
203 2917 353 2973 obsidibus
363 2918 437 2974 datis
446 2918 488 2975 ita
497 2921 650 2975 exercitum
658 2921 853 2991 abduxerunt
866 2927 900 2975 ut
909 2937 1010 2977 omnes
1020 2923 1072 2977 sub
1080 2921 1153 2991 iugum

145 2994 338 3067 mitterentur,
360 2995 492 3068 idemque
510 3003 626 3053 auctore
645 2997 748 3068 Spurio
762 2999 911 3053 Postumio
930 3000 1064 3070 consule,
1081 2993 1154 3070 quiin

147 3079 250 3129 senatu
264 3036 406 3143 suaserat,
425 3079 569 3130 uteorum
583 3075 727 3130 deditione
734 3092 877 3147 ,quorum
887 3076 975 3146 culpa
984 3082 1044 3133 tam
1053 3076 1153 3132 defens

145 3149 249 3207 foedus
263 3151 351 3207 lotum
361 3156 437 3222 erat
455 3151 572 3222 pubhca
580 3150 653 3207 fides
663 3152 841 3222 hberaretur
860 3169 924 3207 cum
934 3154 1051 3209 duobus
1059 3146 1155 3207 tribum

144 3227 241 3301 plebis
259 3234 289 3285 11
306 3230 451 3299 omuibus,
470 3246 519 3300 qur
511 3228 636 3284 'foedus
651 3193 877 3301 spoponderaht,
898 3230 992 3285 dediti
1005 3226 1153 3286 Samnitibus
1193 3257 1196 3303 3

145 3323 205 3361 non
219 3307 415 3377 suntrecepti.
434 3324 488 3361 neo
501 3298 1155 3376 11111111111111Ρ111111(111111181ωυί1·
1194 3366 1196 3371 ,

143 3382 199 3438 bus
213 3389 243 3438 et
256 3385 332 3439 sub
323 3401 421 3455 iugum
430 3384 524 3438 missis
533 3385 715 3455 receptisque
725 3384 863 3439 sescentis
874 3384 1025 3454 equitibus
1034 3378 1154 3444 Romuit

144 3459 195 3531 qui
208 3461 324 3515 obsides
339 3462 399 3516 dati
412 3466 494 3516 crant
500 3501 508 3531 ,
525 3463 619 3532 pudor
632 3460 734 3533 flagitii
747 3460 850 3532 prioris
864 3461 996 3517 abolitus
1009 3468 1061 3519 est
1085 3459 1154 3516 citu

146 3535 220 3590 duas
243 3536 373 3592 adiectae
397 3543 476 3608 sunt,
496 3537 652 3594 Oufentina
669 3546 699 3594 et
715 3539 855 3607 Falerna3
882 3537 993 3596 Suessa
1011 3546 1042 3596 et
1057 3535 1154 3594 Pontitt
1194 3562 1196 3567 v

145 3612 510 3670 coloniaedeductuesunt.
542 3615 652 3687 Appius
662 3614 796 3671 Claudius
807 3631 912 3670 censor
920 3632 1029 3688 aquam
1037 3611 1154 3688 parcunt

92 3724 98 3733 ·
143 3688 627 3762 vtamstravitquaeAppiavocata
638 3700 695 3763 111,
713 3692 912 3748 libertinorum
920 3690 1153 3749 filiosinseuutm

143 3766 229 3838 legit:
251 3766 388 3838 ideoque,
406 3770 542 3840 quoniam
557 3769 581 3824 is
598 3771 668 3824 ordo
687 3769 813 3840 indignis
831 3769 1002 3841 inquinatus
1019 3769 1152 3828 videbam·

145 3845 291 3919 sequentis
322 3847 390 3901 anni
420 3849 552 3903 consules
580 3851 815 3918 observaverunt,
843 3850 1081 3920 quemadmodum
1103 3846 1153 3900 1111

143 3925 287 3996 proximos
303 3941 437 3981 censores
451 3925 554 3981 fuerat.
572 3944 618 3982 res
627 3933 778 3998 praeterea
787 3932 888 3982 contra
897 3925 1026 3998 Apulos
1039 3927 1151 3981 1111111101
1193 3928 1196 3981 ;“

144 4006 174 4056 et
182 4002 307 4060 Umbros
317 4008 346 4059 et
355 4003 506 4060 Marsose
494 4003 671 4076 Paehgnos
686 4021 700 4059 1
702 4002 842 4074 tAequos
857 4009 887 4059 11
897 4001 1052 4075 Sammtes,
1069 3997 1151 4073 quibu‘
1192 4000 1196 4059 ἲ
