2566 4524
298 276 417 333 mann
434 277 488 349 ιιι,
501 277 543 333 aa
557 275 600 333 aa
620 278 659 347 [a
667 276 698 334 e.
708 275 858 353 auara]
1049 269 1113 337 339

95 461 204 506 omnes.
235 444 417 524 recuperato
385 434 476 533 tab
493 433 638 502 hostibus
652 433 792 501 Tusculo
810 436 964 504 exercitus
977 437 1114 507 Romam

89 543 133 600 est
148 532 307 598 reductus

145 624 338 693 XXXIIH.
382 621 510 707 Quanto
537 623 639 711 magis
665 623 823 711 prosperis
851 646 889 690 eo
914 648 996 692 anno
1021 626 1147 697 bellisr

83 720 249 806 tranquilla
266 718 371 785 omnia
386 718 464 784 foris
483 727 584 797 erant,
611 727 698 783 tanto
718 717 752 782 in
769 717 848 784 urbe
869 719 918 785 vis
939 729 1065 807 patrum
1081 723 1114 788 in

80 816 148 882 dies
166 813 374 897 miseriaeque
390 810 493 898 plebis
511 810 703 890 crescebant,
722 833 795 876 cum
812 833 850 877 eo
862 812 943 900 ipso,
962 816 1047 899 quod
1060 838 1115 882 ne-

81 931 170 976 eesse
188 916 256 974 erat
273 906 361 985 solvi,
379 905 514 972 facultas
533 905 677 972 solvendi
692 906 894 993 inpediretur.
920 908 1027 993 itaque
1041 933 1113 977 cum
1132 930 1146 978 ι

77 1005 144 1071 iam
161 1025 203 1068 ex
220 1023 254 1066 re
271 1000 348 1065 nihil
366 1000 434 1066 dari
450 1010 573 1085 posset,
597 1000 683 1065 fama
701 1010 732 1065 ct
755 1021 898 1086 corpore,
921 1003 1050 1069 iudicati
1067 1014 1114 1071 at-

77 1121 142 1184 que
155 1094 282 1174 addicti,
301 1095 506 1161 creditoribus
521 1093 765 1174 satisfaciebant,
783 1117 947 1182 poenaque
964 1098 998 1162 in
1011 1098 1113 1163 vicem

77 1192 155 1258 fidei
176 1197 323 1257 cesserat
363 1189 442 1255 adeo
465 1211 540 1276 ergo
564 1188 717 1255 obnoxios
744 1189 966 1255 summiserant
991 1191 1112 1258 animos
1131 1213 1146 1261 a

78 1309 148 1353 non
161 1284 261 1350 infimi
278 1284 389 1361 solum,
409 1283 466 1349 sed
482 1284 638 1371 principes
654 1284 747 1349 etiam
761 1283 872 1369 plebis,
891 1292 1004 1350 utnon
1018 1287 1112 1352 modo

77 1381 121 1447 ad
131 1378 322 1446 tribunatum
331 1378 466 1443 militum
474 1379 554 1444 inter
567 1378 714 1463 patricios
728 1378 909 1464 petendum,
928 1380 1014 1464 quod
1026 1389 1113 1446 tanta

77 1477 109 1542 vi
127 1484 165 1541 ut
180 1475 290 1540 liceret
306 1473 516 1553 tetenderant,
540 1473 597 1539 sed
614 1495 654 1538 ne
672 1474 714 1538 ad
734 1472 876 1559 plebeios
899 1474 1026 1558 quidem
1044 1498 1111 1542 ma—
1129 1497 1146 1546 4

77 1570 230 1658 gistratus
249 1567 458 1655 capessendos
475 1567 691 1653 petendosque
708 1567 765 1632 ulli
781 1567 850 1634 viro
868 1569 933 1634 acri
950 1569 1113 1657 experien-

77 1665 164 1750 tique
178 1663 304 1748 animus
317 1670 401 1727 esset
412 1661 709 1748 possessionemque
722 1662 849 1728 honoris
862 1664 1005 1750 usurpati
1017 1665 1111 1730 modo

77 1757 209 1846 aplebe
230 1778 425 1844 perpaucos
448 1778 547 1823 annos
568 1778 771 1842 recuperasse
793 1758 827 1825 in
848 1767 1035 1845 perpetuum
1055 1781 1112 1845 pa-

77 1863 140 1920 tres
150 1853 340 1917 viderentur.
363 1872 403 1916 ne
416 1851 450 1916 id
461 1851 554 1917 nimis
568 1851 686 1917 laetum
697 1851 779 1938 parti
788 1851 876 1917 alteri
890 1862 983 1933 esset,
1002 1875 1109 1940 parva,
1129 1873 1145 1922 5

77 1957 111 2014 ut
127 1947 316 2035 plerumque
339 1945 431 2024 solet,
454 1969 521 2013 rem
542 1947 703 2034 ingentem
725 1947 878 2013 moliundi
899 1969 995 2015 causa
1015 1949 1111 2015 inter·

77 2043 175 2109 venit
1052 2038 1054 2041 ’

139 2134 191 2202 Μ.
210 2134 292 2201 Fabi
308 2133 469 2215 Ambusti,
487 2134 623 2220 potentis
640 2134 701 2199 viri
718 2157 790 2200 cum
806 2135 887 2201 inter
905 2137 955 2202 sui
972 2138 1110 2222 corporis

77 2229 224 2298 homines
242 2239 310 2293 tum
328 2230 422 2295 etiam
439 2229 480 2294 ad
497 2228 636 2314 plebem,
660 2230 746 2312 quod
767 2228 1014 2313 haudquaquam
1030 2231 1112 2296 inter

77 2325 107 2391 id
129 2347 235 2413 genus
258 2333 451 2410 contemptor
472 2324 539 2388 eius
562 2321 749 2400 habebatur,
776 2321 858 2387 filiae
880 2322 961 2388 duae
982 2333 1109 2409 nuptae,

77 2418 148 2489 Ser.
160 2417 303 2504 Sulpicio
321 2419 429 2496 maior,
449 2418 551 2483 minor
565 2415 603 2482 C.
614 2416 740 2482 Licinio
755 2413 878 2482 Stoloni
892 2425 967 2495 erat,
985 2417 1110 2484 inlustri

77 2514 208 2600 quidem
217 2513 295 2590 viro,
310 2522 416 2578 tamen
423 2511 556 2599 plebeio,
571 2533 670 2596 eaque
679 2511 749 2596 ipsa
758 2509 901 2576 adfinitas
911 2510 996 2576 haud
1005 2522 1110 2597 spreta

77 2607 214 2697 gratiam
229 2605 330 2672 Fabio
348 2607 390 2671 ad
405 2606 538 2692 vulgum
555 2604 741 2690 quaesierat.
768 2604 848 2669 forte
866 2604 911 2669 ita
927 2604 1045 2684 incidit,
1064 2614 1108 2684 ut,
1128 2626 1143 2674 6

77 2705 104 2769 n
120 2699 220 2769 Servi
234 2698 357 2787 Sulpici
373 2700 490 2766 tribuni
507 2700 643 2765 militum
660 2699 753 2765 domo
768 2720 891 2765 sorores
903 2697 1023 2765 Fabiae
1037 2721 1110 2764 cum

77 2806 157 2863 nter
174 2817 221 2875 se,
240 2804 275 2860 ut
291 2794 336 2875 fit,
356 2795 550 2861 sermonibus
568 2804 692 2882 tempus
710 2802 853 2873 tererent,
872 2793 963 2860 lictor
977 2791 1108 2881 Sulpici,

77 2915 149 2960 tum
166 2891 196 2958 is
215 2890 255 2955 de
271 2890 341 2956 soro
359 2913 394 2957 se
416 2890 544 2956 domum
565 2890 732 2976 reciperet,
759 2889 873 2968 sorem,
900 2898 936 2955 ut
959 2910 1028 2956 mos
1051 2897 1108 2968 est,

77 2989 167 3074 rirga
183 2993 369 3071 percuteret.
397 3006 470 3051 cum
487 2985 529 3050 ad
545 2985 579 3050 id
596 2985 691 3050 moris
706 2985 774 3049 eius
788 2984 913 3050 insueta
930 2984 1111 3070 expavisset

77 3082 179 3147 ninor
190 3078 302 3157 Fabia,
320 3078 399 3145 risui
412 3079 511 3145 sorori
524 3077 585 3144 fuit
597 3078 732 3156 miranti,
749 3078 895 3162 ignorare
912 3077 947 3142 id
960 3099 1108 3143 sororem.

77 3182 218 3240 aeterum
234 3172 263 3238 is
280 3172 361 3238 risus
381 3171 524 3238 stimulos
541 3171 647 3258 parvis
670 3169 778 3237 mobili
799 3169 895 3236 rebus
917 3169 1022 3234 animo
1040 3191 1110 3233 mu·
1129 3190 1144 3235 ι

77 3266 169 3334 iebri
188 3265 337 3332 subdidit.
371 3266 548 3351 frequentia
570 3287 696 3350 quoque
716 3262 974 3351 prosequentium
995 3284 1111 3348 rogan-

77 3363 229 3446 iumque,
246 3384 323 3426 num
340 3360 417 3446 quid
434 3359 536 3438 vellet,
555 3360 648 3426 credo
666 3358 859 3425 fortunatum
876 3355 1110 3422 matrimonium

77 3459 97 3524 i
116 3455 240 3524 sororis
258 3455 363 3521 visum
381 3455 492 3547 suique
508 3454 613 3563 ipsam
629 3453 713 3520 malo
731 3451 951 3537 arbitriaque
969 3451 1109 3536 aproxi-

77 3552 131 3619 nis
153 3549 289 3635 quisque
307 3549 436 3615 minime
458 3548 568 3614 anteiri
589 3547 670 3626 vult,
697 3546 901 3634 paenituisse.
942 3544 1107 3612 confirsam
1125 3565 1142 3614 8

77 3668 145 3713 am
164 3666 208 3709 cx
223 3643 341 3710 recenti
356 3666 464 3709 morsu
482 3642 578 3709 animi
595 3650 770 3729 cumpater
783 3640 865 3707 forte
878 3638 1019 3718 vidisset,
1035 3661 1108 3748 per-

77 3747 237 3807 mutatus:
257 3736 480 3805 ‘satinsalvei’
497 3745 691 3803 avertentem
704 3759 833 3803 causam
846 3733 972 3813 doloris,
991 3735 1107 3819 quippe

77 3858 131 3902 rec
151 3833 232 3899 satis
249 3833 336 3918 piam
353 3832 505 3898 adversus
524 3854 662 3899 sororem
679 3854 740 3899 nec
757 3828 959 3898 admodum
949 3852 984 3894 1n
1004 3827 1107 3892 virum

77 3926 290 4007 ronoriflcam,
309 3927 414 3994 elicuit
432 3927 562 3994 comiter
579 3927 782 4006 sciscitando,
801 3935 836 3993 ut
853 3925 1016 3998 fateretur,
1036 3941 1106 3985 eam
1124 3940 1140 3990 u

77 4046 147 4092 esse
166 4044 297 4089 causam
319 4021 449 4101 doloris,
477 4021 563 4106 quod
584 4021 691 4087 iuncta
711 4020 812 4108 inpari
834 4026 932 4097 esset,
957 4021 1057 4085 nuota
1073 4011 1107 4078 in

883 4117 935 4171 22*
