2566 4524
145 247 210 315 428
370 254 489 311 nmen
505 253 590 326 vm,
608 253 707 311 aaao.
726 254 955 327 [ananam]

146 442 186 487 ex
212 415 397 484 auctoritate
419 422 545 501 patrum
565 412 702 499 populus
725 412 879 479 adversus
901 412 1049 483 Vestinos
1068 408 1150 485 iussit.

113 537 129 587 r
146 511 309 603 provincia
326 531 365 575 ea
376 508 492 586 Bruto,
512 505 678 574 Samnium
693 503 829 573 Camillo
847 516 932 575 sorte
949 511 1060 577 evenit
1084 534 1152 579 exer·

147 610 227 676 citus
250 616 382 690 utroque
400 603 487 669 ducti
504 612 536 667 et
552 620 628 667 cura
646 601 834 669 tuendorum
850 601 965 671 finium
981 605 1083 673 hostes
1097 630 1153 695 pro·

113 702 239 776 shibiti
265 700 455 786 coniungere
481 719 577 762 arma.
623 706 762 762 ceterum
788 695 923 765 alterum
949 700 1102 768 consulem
1120 702 1152 769 L.

145 797 292 874 Furium,
312 793 363 860 cui
375 792 475 857 maior
487 792 587 856 moles
600 813 705 856 rerum
717 791 854 878 inposita
867 804 948 873 erat,
968 794 1074 863 morbo
1082 795 1153 884 gravi

113 891 323 979 oinplicitum
348 888 475 954 fortuna
495 885 578 953 bello
601 885 770 964 subtraxit,
797 887 970 974 iussusque
996 890 1153 957 dictatorm

147 987 251 1052 dicere
280 983 327 1049 rei
356 982 513 1070 gerendae
544 1003 640 1047 causa
669 980 765 1069 longa
796 981 1008 1049 clarissimum
1032 984 1103 1053 bello
1124 1007 1154 1051 ea

147 1088 334 1167 tempestate
351 1078 431 1143 dixit
447 1077 490 1142 L.
503 1075 667 1163 Papirium
684 1073 868 1157 Cursorem,
888 1103 908 1145 a
925 1102 991 1165 quo
1005 1080 1045 1166 Q.
1057 1079 1155 1149 Fabius

98 1196 131 1246 ro
147 1174 312 1241 Maximus
329 1172 496 1240 Rullianus
515 1172 666 1259 magister
684 1172 825 1256 equitum
842 1183 891 1239 est
909 1174 1029 1255 noan,
1050 1198 1155 1263 parro-

148 1270 212 1338 bile
233 1269 328 1336 rebus
350 1269 384 1333 in
402 1290 439 1333 eo
457 1266 644 1354 magistratu
661 1267 775 1353 gestis,
798 1267 957 1335 discordia
975 1280 1090 1350 tamen,
1109 1292 1156 1356 qut

148 1388 247 1454 prope
265 1365 305 1430 ad
322 1363 468 1429 ultimum
486 1362 695 1447 dimicationis
713 1371 843 1428 ventum
861 1373 923 1442 ast,
947 1365 1091 1433 nobilius

98 1482 129 1529 11
212 1458 267 1525 Ab
295 1458 393 1525 altero
419 1457 608 1524 consulein
629 1455 772 1524 Vestinis
793 1457 961 1545 multiplex
982 1459 1097 1527 bellurn
1112 1480 1156 1527 nee
1198 1500 1199 1505 κ

148 1577 284 1639 usquam
310 1553 397 1619 vario
424 1562 539 1618 eventu
565 1561 691 1639 gestum
718 1563 777 1618 est.
821 1576 897 1619 nam
925 1564 960 1620 et
989 1554 1157 1642 pervastavit

149 1671 243 1737 agros
266 1657 298 1713 et
318 1646 499 1735 populando
524 1656 618 1731 atque
640 1648 761 1713 urendo
783 1656 867 1714 tecta
888 1648 1030 1717 hostium
1052 1662 1156 1736 sataque

99 1761 131 1812 12
149 1743 184 1810 in
201 1743 301 1809 aciem
317 1743 432 1809 invitos
451 1743 600 1808 extraxit:
618 1751 650 1808 et
666 1743 711 1808 ita
727 1742 846 1830 proelio
864 1767 929 1810 uno
947 1744 1156 1813 acciditVosti·
1196 1780 1199 1789 =

149 1861 262 1904 norum
280 1861 344 1918 res,
368 1838 613 1924 haudquaquam
630 1847 736 1903 tamen
753 1838 916 1904 incruento
933 1840 1035 1907 milito
1053 1863 1118 1920 suo,
1131 1850 1157 1903 nt
1195 1888 1198 1895 .

147 1956 212 1999 non
229 1934 262 1997 in
280 1942 383 1999 castra
401 1932 503 1998 solum
520 1933 701 2020 refugerent
721 1931 843 2012 hostes,
871 1933 928 2000 sed
950 1934 1017 2001 iam
1037 1958 1077 2002 ne
1096 1932 1157 2001 rulo

149 2027 277 2111 quidem
295 2048 332 2092 ao
350 2026 446 2092 fossis
464 2027 537 2092 freti
554 2026 766 2094 dilaberentur
782 2027 816 2093 in
828 2028 961 2115 oppida,
981 2030 1046 2097 situ
1056 2029 1156 2099 orbim

98 2139 131 2188 13
150 2118 377 2204 moenibusque
402 2142 436 2185 se
459 2120 628 2188 defensuri.
665 2130 825 2208 postremo
852 2123 971 2210 oppida
996 2120 1156 2211 quoquori

149 2236 332 2302 expugnare
349 2216 491 2294 adortus,
509 2217 611 2302 primo
627 2214 775 2282 Cutinam
788 2217 909 2304 ingenti
922 2219 1037 2287 ardore
1048 2219 1156 2285 milon

149 2319 204 2374 aut
221 2309 386 2375 vulnerum
403 2309 463 2389 ira,
482 2311 568 2394 quod
584 2310 649 2376 hau
665 2310 732 2376 fere
746 2311 914 2397 quisquam
926 2312 1053 2401 integer
1061 2308 1157 2401 prodlo
1192 2396 1199 2410 „

99 2423 132 2472 14
150 2414 342 2485 excesserat,
362 2405 455 2470 scalis
470 2406 566 2492 cepit,
586 2405 699 2471 deinde
710 2403 889 2493 Cmgrlmm
916 2408 1082 2494 utriusque
1093 2404 1155 2473 urbia

150 2500 299 2585 praedam
321 2499 487 2578 militibus,
514 2500 600 2584 quod
622 2521 676 2566 eos
698 2522 801 2584 neque
822 2510 931 2587 portae
950 2525 1012 2569 nec
1028 2503 1105 2569 muri
1117 2501 1155 2565 ho·

150 2594 245 2658 stium
263 2605 440 2672 arcuerant,
464 2595 628 2660 concessit.

116 2708 130 2755 1
214 2688 334 2754 XXX.
362 2689 402 2753 In
417 2687 583 2756 Samnium
599 2690 726 2755 incertis
744 2689 823 2754 itum
841 2691 992 2777 auspiciis
1011 2703 1072 2772 est3
1089 2690 1153 2758 cuin

148 2784 194 2849 rei
216 2784 328 2848 vitium
349 2785 467 2849 nonin
488 2784 563 2850 belli
585 2794 746 2863 eventum,
774 2785 860 2869 quod
881 2808 1033 2875 prospere
1055 2797 1153 2875 gestan
1191 2778 1199 2785 ’

115 2894 131 2942 2
151 2887 213 2954 eat,
233 2877 289 2941 sed
306 2878 339 2941 in
356 2877 475 2944 rabiem
494 2890 588 2964 atqua
600 2880 663 2944 iras
676 2879 902 2966 imperatorum
914 2883 1019 2949 vertit.
1046 2896 1153 2965 namqu

149 2968 296 3057 Papirius
324 2973 455 3038 dictator
481 2998 500 3039 a
524 2974 658 3060 pullario
684 2974 822 3040 monitus
844 2998 918 3040 oum
941 2976 985 3041 ad
1006 2974 1153 3063 auspicium
1192 3026 1199 3033 .

148 3067 353 3152 repetendum
365 3067 501 3133 Romam
519 3068 777 3154 proficisceretur,
796 3069 950 3156 magistro
969 3072 1105 3156 equitum
1117 3067 1153 3133 lt·
1189 3082 1196 3139 ζ

148 3160 316 3239 nuntiavit,
343 3171 379 3226 ut
401 3184 471 3228 sese
493 3162 563 3228 loco
581 3172 701 3228 teneret
717 3185 779 3227 neu
797 3162 928 3230 absente
948 3187 984 3231 se
1002 3187 1075 3233 cum
1088 3164 1153 3229 hoo

116 3274 278 3322 amanum
310 3267 495 3323 consereret.
542 3256 582 3341 Q.
609 3257 728 3323 Fabius
756 3280 829 3323 cum
855 3268 928 3344 post
955 3260 1153 3346 profectione!
1193 3268 1199 3303 ἲ

150 3349 310 3416 dictatoris
340 3374 398 3437 per
428 3352 640 3438 exploratores
672 3351 880 3437 conperisset,
915 3353 1049 3438 perinde
1076 3347 1154 3420 omri·

150 3443 252 3508 soluta
274 3445 358 3530 apud
380 3447 487 3512 hostes
510 3469 580 3513 esse
603 3469 640 3512 ao
659 3447 686 3512 si
703 3468 796 3511 nemo
813 3445 984 3515 Romanus
1000 3450 1035 3515 in
1053 3440 1153 3516 Sentit

115 3546 247 3614 resset,
275 3561 333 3603 seu
358 3539 448 3607 ferox
474 3541 659 3607 adulescens
687 3541 873 3628 indignitate
900 3565 1071 3622 accensus,
1093 3532 1154 3627 qut¹

150 3632 254 3697 omnia
270 3633 304 3697 in
322 3634 471 3702 dictatore
489 3636 669 3702 viderentur
685 3636 824 3722 reposita
838 3658 923 3717 esse,
946 3661 1005 3706 seu
1018 3636 1153 3706 oooaffl

149 3724 229 3791 bene
252 3729 409 3814 gerendae
430 3730 476 3796 rei
493 3731 654 3809 inductus,
679 3730 819 3797 exercitu
836 3731 994 3799 instructo
1010 3742 1153 3821 paratoqffl

147 3821 308 3907 profectus
331 3825 372 3890 ad
389 3824 566 3891 Inbrinium
584 3864 626 3875 -
643 3826 688 3891 ita
705 3835 820 3891 vocant
837 3825 946 3892 locum
964 3865 1007 3877 -
1025 3826 1089 3895 acie
1102 3838 1152 3889 cun

114 3936 130 3984 o
150 3914 345 3983 Samnitibus
364 3918 512 3983 conflixit.
549 3943 586 3985 ca
603 3920 729 3985 fortuna
746 3942 873 4007 pugnae
891 3920 969 4000 suit,
987 3934 1023 3987 ut
1038 3917 1108 3987 nibil
1120 3933 1153 3981 rt·

146 4010 255 4077 lictum
274 4013 330 4091 sit,
354 4035 431 4097 quo,
456 4015 483 4079 si
501 4015 654 4080 adfuisset
672 4015 814 4094 dictator,
836 4037 889 4083 res
906 4016 1023 4084 melius
1039 4012 1102 4104 geri
1113 4026 1151 4097 pt·
