2566 4524
287 261 406 319 amaa
422 262 493 334 vn,
511 261 552 317 25.
566 262 608 320 ae.
628 264 777 333 [auem
789 265 854 337 aas]
958 330 963 345 ¹
1022 257 1087 327 375

67 421 302 510 populabantur3
333 443 418 485 mare
444 420 596 486 infestum
621 421 775 490 classibus
799 423 993 491 Graecorum
1019 439 1121 500 erata

67 539 173 603 traque
192 514 291 582 litoris
304 512 443 581 Antiatis
457 516 665 600 Laurensque
684 526 800 583 tractus
815 528 846 584 et
855 518 979 586 Tiberis
993 523 1084 603 ostia,

67 622 89 678 rt
104 611 286 700 praedones
303 608 451 677 maritimi
468 631 541 675 cum
558 611 756 678 terrestribus
774 614 936 700 congressi
957 618 1086 704 ancipiti

67 706 157 774 semel
173 706 293 793 proelio
311 706 518 783 decertarent,
542 705 691 790 dubiique
709 707 911 777 discesserint
927 710 961 775 in
983 722 1085 779 castra

67 800 162 882 lulli,
186 797 302 867 Graeci
317 810 400 866 retro
418 800 459 865 ad
475 822 587 878 naves,
612 801 711 866 victos
731 823 766 867 se
781 825 825 869 an
842 802 976 872 victores
994 816 1086 891 puta-

67 906 135 963 rent.
177 895 261 961 inter
285 894 344 960 hos
369 894 464 981 longe
489 894 646 961 maximus
678 895 781 961 extitit
810 906 921 977 terror,
953 901 1119 970 concilias

67 990 245 1080 >opulorum
271 989 459 1057 Latinorum
489 990 531 1054 ad
560 989 667 1055 lucum
692 991 878 1059 Ferentinae
904 992 1012 1061 habita
1037 1020 1086 1065 re·

67 1106 272 1173 sponsumque
290 1084 375 1151 haud
393 1082 577 1170 ambiguum
593 1083 819 1171 imperantibus
837 1087 952 1153 milites
967 1089 1085 1157 Roma

67 1184 105 1248 tis
122 1182 249 1258 datum,
272 1179 459 1247 absisterent
475 1180 628 1265 imperare
646 1180 699 1259 iis,
722 1203 856 1264 quorum
873 1183 989 1250 auxilio
1012 1206 1085 1271 ege-

67 1286 141 1343 rent:
167 1275 302 1342 Latinos
324 1297 382 1361 pro
405 1297 463 1340 sua
484 1273 628 1340 libertate
649 1274 754 1360 potius
778 1298 873 1361 quam
898 1299 955 1362 pro
983 1278 1118 1349 alienos

70 1369 191 1458 mperio
212 1369 330 1435 laturos
353 1391 449 1434 arma.
484 1369 566 1433 inter
587 1369 650 1435 duo
674 1369 767 1435 simul
784 1369 868 1436 bella
885 1381 1013 1438 externa
1030 1373 1118 1441 de-r

67 1466 193 1533 'ectione
206 1465 300 1530 etiam
313 1463 469 1531 sociorum
483 1472 610 1530 senatus
623 1464 735 1530 anxius
749 1487 822 1531 eum
836 1476 986 1546 cerneret,
999 1478 1085 1535 metu

67 1559 225 1638 enendos,
248 1580 327 1643 quos
344 1557 424 1625 fides
442 1581 506 1624 non
523 1559 689 1637 tenuisset,
712 1559 879 1628 extendere
897 1583 1006 1629 omnes
1026 1562 1086 1629 im-

67 1654 134 1723 ›arii
156 1654 239 1721 vires
262 1652 407 1719 consnles
429 1652 546 1719 dilectu
566 1653 711 1721 habendo
733 1654 839 1721 iussit:
867 1656 951 1722 civili
969 1657 1085 1744 quippe

67 1749 207 1817 standum
227 1747 367 1814 exercitu
389 1768 474 1826 esse,
501 1747 628 1832 quando
647 1747 771 1814 socialis
790 1759 898 1815 coetus
917 1750 1083 1817 desereret.

67 1843 197 1928 indique
214 1865 279 1909 non
295 1840 416 1909 urbana
432 1850 568 1919 tantum,
591 1841 648 1907 sed
670 1841 764 1908 etiam
786 1843 903 1928 agresti
924 1843 1118 1913 iuventutes

67 1939 167 2005 lacem
192 1936 335 2023 legiones
362 1935 495 2021 scriptae
522 1935 668 2002 dicuntur
693 1945 879 2021 quaternum
905 1937 1027 2005 milium
1054 1948 1085 2003 et

67 2033 251 2109 lucanorum
266 2029 410 2116 peditum
426 2028 629 2115 equitumque
646 2040 857 2109 trecenorum,
884 2052 979 2116 quem
1001 2054 1085 2109 nunc
1103 2053 1118 2102 9

67 2148 176 2195 rovum
193 2124 379 2202 exercitum,
403 2123 431 2188 si
452 2146 515 2208 qua
536 2133 666 2189 externa
686 2125 734 2190 vis
756 2125 896 2212 ingruat,
923 2125 983 2191 hae
1003 2127 1086 2193 vires

67 2219 169 2308 populi
182 2218 332 2297 Romani,
352 2239 430 2303 quas
447 2219 502 2283 vix
519 2225 672 2283 terrarum
689 2219 773 2303 capit
790 2218 889 2298 orbis,
909 2229 1085 2287 contractae

67 2338 89 2381 n
110 2336 212 2382 unum
233 2311 320 2378 haud
340 2311 433 2391 facile
456 2310 607 2376 efficiantr
634 2312 713 2376 adeo
739 2311 773 2377 in
798 2333 880 2397 quae
905 2311 1084 2393 laboramus

67 2408 125 2479 ula
141 2408 314 2485 crevimus,
333 2406 457 2472 diritias
473 2404 702 2489 luxuriamque

119 2502 210 2583 Inter
227 2511 330 2567 cetera
347 2501 448 2566 tristia
464 2499 532 2565 eius
550 2499 624 2565 anui
638 2499 749 2579 consul
762 2499 839 2564 alter
851 2496 916 2587 Ap.
930 2498 1083 2567 Claudius
1103 2522 1137 2572 10

67 2623 92 2665 n
106 2599 180 2685 ipso
197 2596 272 2663 belli
289 2605 442 2682 apparatu
458 2595 599 2673 moritur,
616 2595 834 2679 redieruntque
847 2618 897 2661 res
912 2596 953 2660 ad
967 2594 1086 2663 Camil-

67 2716 136 2772 um,
166 2691 218 2758 cui
238 2691 331 2759 unico
353 2690 475 2757 consuli
499 2690 551 2755 vel
576 2689 616 2756 ob
643 2689 737 2755 aliam
763 2690 975 2776 dignationem
1000 2690 1132 2761 haud1t

67 2786 274 2855 abiciendam
292 2786 464 2851 dictam
480 2784 532 2851 vel
549 2784 590 2851 ob
609 2807 703 2851 omen
719 2784 860 2851 faustum
873 2785 914 2853 ad
928 2782 1086 2852 Gallicum

67 2880 230 2949 umultum
252 2879 449 2967 cognominis
471 2879 654 2945 dictatorem
672 2879 817 2967 adrogari
834 2878 920 2946 haud
938 2880 1014 2946 satis
1033 2879 1087 2944 de·
1213 2960 1217 2968 .

67 2999 171 3043 >orum
186 2975 290 3041 visum
307 2983 357 3041 est
372 2973 523 3060 patribus.
555 2973 666 3040 consid
683 2973 806 3041 duabus
824 2972 1001 3061 legionibus
1016 2974 1088 3041 urbi
1106 2993 1137 3042 12

67 3069 263 3157 praepositis,
288 3077 358 3135 octo
376 3090 449 3134 cum
465 3069 508 3134 L.
526 3066 654 3133 Pinario
671 3076 814 3153 praetore
836 3068 945 3133 divisis
967 3091 1088 3133 memor

67 3173 208 3250 paternae
217 3162 341 3230 virtutis
356 3158 515 3228 Gallicum
528 3161 589 3228 sibi
606 3160 724 3227 bellum
742 3170 830 3226 extra
847 3169 964 3227 sortem
980 3161 1085 3244 sumit,

67 3267 237 3346 praetorem
253 3257 441 3323 maritimam
459 3278 546 3322 oram
563 3255 657 3321 tutari
676 3252 877 3339 Graecosque
895 3274 1000 3321 arcere
1017 3252 1087 3341 lito-
1106 3275 1138 3326 1³

67 3351 149 3421 ibus
170 3351 274 3418 iussit
317 3361 350 3415 et
371 3373 444 3417 cum
460 3351 493 3417 in
511 3373 622 3438 agrum
639 3349 844 3436 Pomptinum
862 3348 1085 3436 descendisset,

67 3448 135 3534 puis
151 3467 257 3531 neque
272 3446 306 3511 in
323 3445 442 3531 campis
461 3445 610 3532 congredi
627 3443 713 3509 nulla
726 3452 857 3531 cogente
870 3465 904 3510 re
917 3441 1043 3525 volebat
1053 3453 1088 3515 et

67 3541 257 3629 prohibendo
277 3539 546 3628 populationibus,
573 3561 652 3625 quos
673 3548 762 3627 rapto
784 3539 889 3605 vivere
914 3539 1087 3607 necessitas

67 3646 203 3725 sugeret,
231 3637 308 3703 satis
335 3636 456 3702 domari
481 3633 628 3703 credebat
649 3634 785 3714 hostem,
811 3632 917 3705 locum
939 3635 1087 3701 idoneum

67 3731 186 3801 ttativis
204 3729 330 3817 delegit.
511 3770 515 3777 -

122 3825 260 3893 XXVI„
296 3825 363 3893 Ubi
384 3848 457 3892 cum
479 3824 664 3893 stationibus
686 3825 784 3911 quieti
801 3835 924 3912 tempus
943 3831 1085 3900 tererent,
1106 3843 1120 3890 1

67 3918 175 3991 dallus
191 3921 347 4008 processit
366 3921 582 4007 magnitudine
603 3929 699 4005 atque
719 3921 815 4005 armis
826 3919 983 4007 insignis,
1010 3938 1087 4001 qam·

67 4016 205 4102 iensque
231 4024 357 4083 scutum
382 4015 474 4081 basta
494 4036 568 4081 cum
588 4014 748 4097 ¹silentium
769 4014 910 4093 fecisset,
936 4021 1089 4098 provocat
