2566 4524
291 269 409 324 Lissa
425 269 483 340 111,
502 268 544 324 25.
558 269 601 325 ac.
623 272 663 338 [a.
675 269 705 325 c.
714 269 774 325 sse.
783 269 847 338 458]
1023 257 1085 323 149

67 453 102 494 es
124 428 306 514 repetitum.
342 449 397 493 eos
418 426 604 511 Aequorum
626 427 808 512 imperator,
836 449 918 511 quae
939 429 1119 496 mandatas

67 524 192 590 labeant
211 521 252 587 ab
271 532 382 587 senatu
399 522 557 599 Romano,
581 523 621 586 ad
639 545 789 606 quercum
806 521 894 587 iubet
911 523 1028 588 dicere:
1052 547 1087 589 se

67 619 113 683 lia
129 618 258 682 interim
276 628 429 681 acturum.
465 639 599 701 quercus
617 617 728 702 ingens
747 615 840 683 arbor
856 619 1010 702 praetorio
1027 619 1088 682 im-
1098 661 1104 689 ;

67 711 204 789 sinebat,
232 711 322 776 cuius
345 708 457 775 umbra
478 733 577 796 opaca
600 712 690 775 sedes
714 721 789 776 erat.
826 721 892 776 tum
916 735 956 777 ex
973 712 1085 799 legatis
1104 733 1120 782 8

67 830 132 872 mus
150 805 264 870 abiens
288 810 333 868 ‘et
349 803 440 868 haec'
458 804 560 888 iuquit
579 811 715 869 ‘sacrata
732 827 865 888 quercus
884 815 915 870 et
933 807 1085 890 quidquid

67 923 180 967 eorum
205 909 255 964 est
276 898 404 963 audiant
426 898 538 963 foedus
561 922 581 963 a
601 899 692 963 vobis
714 910 842 984 ruptum
860 901 1036 984 nostrisque
1055 911 1087 966 et

67 1017 131 1060 unc
153 993 304 1078 querellis
326 991 431 1057 adsint
453 1002 485 1057 et
506 1015 581 1059 mox
602 993 711 1070 armis,
740 1015 812 1057 cum
835 993 965 1058 deornm
986 995 1087 1058 homi·

67 1111 191 1173 rumque
220 1085 314 1151 simul
332 1086 448 1150 violata
469 1086 538 1151 iura
560 1086 789 1170 exsequemur?
832 1087 968 1151 Romam
986 1099 1021 1151 ut
1038 1110 1087 1152 re·
1104 1109 1119 1156 9

67 1186 133 1249 iere
151 1181 266 1268 legati,
286 1189 412 1246 senatus
429 1179 521 1245 iussit
539 1180 670 1244 alterum
688 1181 848 1246 consulem
864 1193 971 1246 contra
985 1179 1085 1247 Grae-

67 1279 145 1343 bum
161 1279 197 1342 in
215 1275 370 1362 Algidum
393 1275 564 1340 exercitum
586 1276 713 1353 ducere,
741 1275 829 1340 alteri
851 1276 1085 1361 populationem

67 1374 158 1438 inium
172 1372 361 1455 Aequorum
377 1369 571 1456 proxinciam
589 1370 688 1457 dedit,
712 1370 828 1434 tribuni
846 1394 903 1435 suo
921 1393 1008 1436 more
1026 1372 1085 1435 im-

67 1469 156 1532 tedire
179 1467 344 1543 dilectum3
371 1476 402 1529 et
419 1464 550 1529 forsitan
569 1466 608 1530 ad
626 1465 770 1529 ultimum
788 1466 1007 1551 impedissent,
1028 1465 1084 1530 sed

67 1585 151 1627 torus
171 1560 277 1626 subito
296 1560 420 1625 additus
438 1569 611 1625 terrorest.

113 1654 249 1721 XXVI.
277 1653 336 1719 Vis
352 1652 540 1720 Sabinorum
553 1654 665 1740 ingens
677 1675 776 1739 prope
794 1654 835 1718 ad
852 1653 977 1719 moenia
993 1652 1081 1720 urbis
1100 1678 1114 1723 1

67 1751 165 1816 nfesta
177 1749 381 1836 populatione
394 1748 493 1813 venit:
512 1748 630 1813 foedati
647 1748 728 1835 agri,
748 1757 845 1813 terror
862 1749 994 1813 iniectus
1012 1749 1084 1815 urbi

67 1854 108 1910 est.
143 1855 212 1908 tum
229 1842 319 1929 plebs
338 1842 473 1929 benigne
491 1866 578 1906 arma
595 1842 692 1928 cepit3
710 1842 952 1907 reclamantibus
966 1843 1084 1907 frustra

67 1939 182 2004 ribunis
202 1937 309 2024 magni
323 1938 384 2002 duo
399 1937 553 2002 exercitus
569 1937 684 2023 scripti.
716 1937 848 2001 alterum
861 1937 995 2002 Nautius
1010 1959 1084 2002 con·
1102 1959 1117 2006 2

67 2055 102 2097 ra
119 2031 256 2099 Sabinos
280 2032 370 2095 duxit
387 2030 559 2116 castrisque
578 2032 618 2096 ad
635 2031 768 2097 Eretum
784 2032 896 2118 positis
914 2055 971 2118 per
989 2055 1084 2118 expe-

67 2127 183 2193 litiones
197 2151 321 2213 parvaS,
335 2127 520 2212 plerumque
533 2127 693 2192 nocturnis
706 2126 949 2205 incursionibus,
964 2137 1084 2193 tantam

67 2223 230 2287 vastitatem
251 2222 285 2287 in
305 2220 424 2288 Sabino
446 2244 522 2309 agro
540 2223 688 2299 reddidit,
712 2231 748 2286 ut
765 2223 926 2307 conparati
949 2223 990 2286 ad
1013 2245 1083 2288 eam

67 2337 150 2402 prope
167 2317 277 2380 intacti
294 2315 377 2381 bello
395 2315 474 2381 fines
491 2316 627 2381 Romani
646 2316 832 2380 viderentur.

116 2409 260 2475 Minucio
274 2432 375 2492 neque
388 2409 514 2474 fortuna
526 2432 586 2474 neo
598 2409 646 2474 vis
661 2409 757 2473 animi
771 2410 880 2473 eadem
894 2409 927 2472 in
944 2411 1083 2496 gerendo
1102 2428 1116 2475 3

67 2505 176 2591 negotio
198 2504 273 2568 fuit:
298 2528 373 2569 nam
394 2526 466 2568 cum
488 2504 574 2569 haud
595 2504 704 2590 procul
726 2503 766 2569 ab
788 2503 879 2568 hoste
902 2514 1005 2567 castra
1026 2527 1083 2589 po-

67 2599 179 2678 suisset,
198 2599 285 2664 nulla
302 2621 492 2685 magnopere
511 2599 599 2665 clade
613 2610 756 2685 accepta,
775 2598 886 2664 castris
902 2620 935 2664 se
948 2598 1082 2684 pavidus

67 2692 185 2759 tenebat.
215 2695 299 2777 quod
312 2693 367 2759 ubi
381 2704 543 2758 senserant
555 2694 677 2771 hostes,
697 2694 795 2758 crevit
808 2716 849 2758 ex
867 2704 953 2758 metu
970 2693 1081 2771 alieno,
1100 2712 1117 2759 4

67 2797 91 2852 ut
101 2789 147 2868 fit,
167 2789 312 2868 audacia,
331 2799 363 2854 et
374 2800 466 2854 nocte
481 2790 581 2854 adorti
595 2800 710 2868 castra,
730 2800 896 2874 postquam
910 2812 1022 2875 parum
1034 2789 1083 2854 vis

67 2894 160 2968 pperta
171 2884 356 2969 profecerat,
375 2884 563 2949 munitiones
578 2894 703 2971 postero
717 2885 768 2949 die
782 2885 983 2949 circumdant.
1003 2905 1083 2967 quae

67 2977 234 3062 priusquam
252 2979 390 3062 undique
407 2978 490 3043 vallo
509 2977 649 3044 obiectae
662 2979 843 3044 clauderent
857 2979 972 3056 exitus,
992 2979 1084 3060 quin-

67 3091 118 3152 que
139 3073 256 3154 equites
278 3073 358 3138 inter
376 3073 525 3138 stationes
544 3072 682 3137 hostium
700 3073 807 3137 emissi
824 3071 960 3137 Romam
977 3081 1083 3156 pertu-

67 3162 135 3242 lere,
152 3166 310 3232 eousulem
328 3167 562 3250 exercitumque
581 3166 726 3232 obsideri.
763 3165 840 3229 nihil
867 3175 932 3228 tam
957 3163 1116 3248 necopi-e

67 3269 160 3326 atum
177 3282 236 3325 nec
253 3248 319 3326 tbm
335 3261 529 3347 insperatum
547 3261 688 3327 accidere
706 3261 816 3347 potuit.
852 3260 957 3343 itaque
976 3267 1082 3322 tantus

67 3372 157 3437 pavor,
176 3364 264 3420 tanta
282 3355 445 3441 trepidatio
463 3354 537 3433 fuit,
557 3366 687 3440 quanta,
708 3356 735 3420 si
748 3355 872 3432 urbem,
892 3375 956 3418 non
970 3361 1082 3430 eastra,

67 3459 155 3514 mres
175 3448 364 3515 obsiderent.
408 3449 558 3514 Nautium
576 3450 737 3515 consulem
756 3456 927 3514 arcessunt.
967 3446 1000 3512 in
1019 3468 1082 3531 quo
1101 3467 1116 3517 6

67 3564 121 3609 nm
141 3568 257 3632 parum
278 3545 426 3631 praesidii
447 3546 605 3610 videretur
627 3546 872 3628 dictatoremque
895 3543 956 3608 dici
978 3543 1084 3629 place·

67 3647 110 3718 et,
131 3640 188 3725 qui
209 3662 279 3704 rem
298 3639 476 3726 perculsam
493 3641 682 3717 restitueret,
705 3640 747 3705 L.
768 3638 935 3723 Quinctius
955 3637 1083 3703 Cincin-

67 3743 141 3800 ntus
160 3757 320 3800 consensu
337 3736 477 3803 omnium
495 3735 617 3800 dicitur.

113 3825 243 3916 Operae
268 3829 403 3916 pretium
429 3840 478 3895 est
504 3830 625 3907 audire,
652 3829 707 3914 qui
733 3829 837 3894 omnia
862 3850 938 3914 prae
965 3825 1115 3893 divitiisr

67 3944 187 3990 rumano
205 3934 358 4010 spernunt
375 3947 477 4009 neque
490 3924 600 3990 honori
613 3947 728 4013 magno
741 3923 847 3989 locum
859 3945 961 4007 neque
975 3917 1082 3984 virtuti

67 4026 159 4084 »utant
173 4040 260 4098 esse,
279 4018 341 4083 nisi
354 4018 409 4085 ubi
423 4019 543 4085 effusae
557 4018 696 4084 adfluant
713 4041 804 4105 opes:
823 4041 895 4105 spes
914 4013 1008 4080 unica
1024 4011 1083 4077 im·
1099 4030 1115 4080 8
1173 4038 1181 4052 ·

1092 4176 1209 4262 ..Ι
