2566 4524
132 259 200 326 430
218 269 220 272 ⁴
358 269 477 326 niune
493 269 579 340 vm,
597 268 640 326 ar.
652 269 695 326 as.
714 268 946 342 [mucoso]

108 434 113 443 “
132 430 272 498 voluisse
290 428 564 516 cupidissimisque
583 450 670 494 arma
687 427 866 494 ablaturum
884 428 987 495 firisse
1003 429 1146 512 militibus,

98 548 116 595 4
133 547 174 593 ne
192 547 227 593 se
245 524 375 591 absente
392 522 512 590 moveri
529 531 672 610 possent,
691 531 723 588 et
739 545 824 588 nunc
840 523 876 588 id
889 523 1008 604 furere,
1027 525 1060 590 id
1072 549 1148 614 aegre
1188 574 1191 615 :

132 620 212 708 pati,
231 619 317 706 quod
330 618 398 685 sine
410 618 452 683 L.
465 616 594 703 Papirio
608 639 670 683 non
683 616 833 696 inermes,
851 640 917 684 non
930 620 1037 685 manci
1051 620 1149 686 milites
1184 650 1191 665 ·

132 714 263 794 fuerim,
281 713 367 798 quod
385 735 419 778 se
434 711 474 796 Q,
488 711 607 778 Fabius
625 712 811 798 magistrum
829 713 973 796 equitum
990 714 1107 782 duxerit
1118 736 1151 781 sc
1184 690 1191 743 Ι

98 829 197 878 onon
218 830 386 875 accensum
409 806 578 872 dictatoris.
615 807 691 890 quid
707 806 796 871 illum
814 806 976 873 facturum
992 809 1101 887 fuisse,
1120 809 1148 888 si,

115 917 118 925 ’
133 902 219 990 quod
231 901 306 968 belli
319 924 412 967 casus
427 900 532 966 ferunt
540 900 692 986 Marsque
706 900 891 980 communis,
911 902 1049 970 adversa
1056 922 1150 991 pugno

133 996 303 1076 evenisset,
322 995 376 1082 qui
391 994 450 1062 sibi
464 995 595 1061 devictis
609 993 763 1075 hostibus,
782 1017 815 1061 re
828 994 960 1082 publica
973 996 1052 1063 bene
1063 1007 1149 1086 gesta,

131 1092 177 1158 ita
194 1100 309 1157 utnon
327 1089 368 1156 ab
385 1089 440 1156 illo
457 1089 550 1156 unico
568 1089 648 1155 duce
666 1088 778 1155 melius
796 1089 863 1176 geri
876 1091 1032 1176 potuerit,
1050 1091 1152 1179 suppli·

99 1187 217 1257 scium
242 1186 394 1272 magistro
421 1184 561 1270 equitum
587 1183 737 1250 mineturi
769 1206 871 1269 neque
896 1185 990 1250 illum
1016 1187 1151 1274 magistro
1178 1178 1182 1183 ¹

134 1280 274 1367 equitum
295 1278 489 1346 infestiorem
507 1300 602 1363 quam
620 1277 753 1344 tribunis
771 1277 921 1359 militum,
945 1302 1045 1365 quam
1061 1291 1152 1346 centu·

132 1375 288 1454 rionibus,
305 1397 401 1461 quam
419 1373 576 1447 militibus
589 1395 669 1439 esse.
707 1373 735 1438 si
747 1384 870 1460 posset,
887 1374 922 1439 in
937 1397 1050 1442 omnes
1067 1374 1165 1442 suevi·

100 1493 113 1539 7
132 1481 238 1536 turum
256 1471 371 1550 fuisse3
393 1470 468 1554 quia
484 1469 517 1533 id
534 1476 684 1554 nequeat,
703 1469 736 1535 in
753 1492 852 1534 unum
870 1470 995 1538 saevire
1013 1509 1056 1521 -
1073 1470 1175 1537 etism'

130 1565 282 1631 invidiam
299 1574 460 1649 tamquam
477 1564 584 1651 ignem
603 1579 727 1632 summa
737 1574 911 1652 petere-,
932 1566 965 1631 in
984 1582 1079 1655 caput
1090 1588 1152 1634 con·

132 1660 207 1739 sitii,
225 1659 259 1725 in
271 1659 385 1725 ducem
397 1658 564 1725 incurrere.
592 1659 619 1725 si
632 1682 667 1726 se
682 1659 775 1726 simul
789 1682 861 1725 cum
875 1659 978 1748 gloria
995 1662 1044 1728 rei
1058 1672 1150 1751 gestus

131 1755 330 1834 extinxisset,
354 1763 429 1820 tunc
450 1754 601 1821 victorem
622 1753 763 1820 velutin
785 1765 877 1841 capto
900 1757 1045 1823 exercitu
1066 1755 1149 1823 doni·

130 1861 268 1931 nantem,
286 1849 440 1935 quidquid
452 1849 575 1915 licuerit
587 1849 621 1914 in
633 1849 784 1936 magistro
798 1849 950 1935 equitum,
968 1851 1006 1916 in
1018 1848 1149 1917 militibus

97 1965 113 2013 8
133 1968 295 2012 ausurum.
320 1943 452 2031 proinde
465 1943 613 2010 adessent
625 1943 659 2009 in
673 1967 731 2010 sua
748 1966 844 2010 causa
862 1945 1007 2011 omnium
1024 1943 1147 2013 liberet

133 2040 160 2105 si
183 2061 373 2106 consensum
395 2038 550 2104 exercitus
569 2038 718 2117 eundem,
741 2038 796 2123 qui
813 2039 847 2104 in
863 2040 986 2127 proelio
1005 2037 1148 2119 fueritin

132 2132 250 2198 tuenda
274 2131 406 2198 victoria
431 2132 537 2198 videat
562 2142 593 2198 et
619 2132 753 2198 salutem
779 2133 873 2198 unius
900 2132 1053 2202 omnibus
1073 2150 1150 2200 cum

133 2249 217 2308 csse,
244 2225 464 2293 inclinaturum
486 2225 528 2293 ad
549 2226 781 2293 clementiorem
804 2227 994 2293 sententiam
1018 2228 1149 2295 animun.

98 2343 112 2390 9
131 2331 290 2409 postremo
305 2344 339 2387 se
352 2321 450 2388 vitam
463 2321 668 2407 fortunasque
682 2344 755 2387 suas
769 2321 894 2387 illorum
907 2321 985 2388 fidei
1000 2322 1150 2407 virtusque

131 2417 320 2504 permittere.
924 2448 930 2456 ·

98 2532 110 2577 1
195 2509 351 2576 XXXII.
390 2508 518 2575 Clamor
540 2519 588 2574 est
610 2519 676 2575 tota
693 2511 837 2576 contione
855 2519 958 2591 ortus,
984 2513 1034 2578 uti
1050 2512 1149 2578 bonum

129 2607 269 2671 animum
282 2605 425 2671 haberet:
443 2604 601 2670 neminem
613 2604 659 2669 illi
672 2604 737 2669 vim
755 2605 933 2670 adlaturum
952 2607 1053 2673 salvis
1070 2604 1148 2692 legio

129 2701 223 2767 nibus
241 2701 404 2767 Romanis.
440 2701 526 2766 haud
547 2699 646 2765 multo
667 2710 740 2786 post
757 2701 891 2766 dictator
909 2701 1044 2768 advenit
1060 2697 1149 2768 classi·

96 2813 231 2880 reoque
257 2795 415 2881 extemplo
442 2797 481 2861 ad
513 2795 691 2861 contionem
720 2795 896 2861 advocavit.
942 2805 1016 2862 tum
1047 2791 1149 2863 silentio

128 2887 213 2953 facto
230 2910 344 2975 praeco
364 2888 404 2972 Q.
423 2889 558 2956 Fabium
576 2890 763 2977 magistrum
785 2889 927 2973 equiturn
951 2891 1072 2957 citavit.
1107 2882 1148 2972 qul

97 3004 111 3052 3
131 2982 225 3049 simul
244 3005 284 3050 ex
299 2982 448 3050 inferiore
464 2984 534 3050 loco
553 2984 593 3050 ad
611 2985 748 3051 tribunal
766 2984 914 3064 accessit,
934 2994 1008 3052 tum
1021 2987 1147 3052 dieuco

130 3077 276 3163 ‘quaero'
293 3079 394 3164 inquit
413 3080 466 3146 ‘de
485 3089 530 3159 te,
550 3078 590 3162 Q.
608 3078 705 3158 Fabi,
728 3102 800 3144 cum
819 3101 985 3146 summum
1003 3077 1146 3169 imperium

130 3173 291 3240 dictatoris
311 3174 351 3240 sit
367 3184 558 3261 pareantque
577 3174 607 3240 ei
620 3173 780 3252 consules,
797 3173 886 3260 regia
900 3184 1063 3260 potestas,
1079 3188 1147 3260 pn*

128 3279 212 3336 tores
230 3269 332 3336 isdem
350 3268 498 3356 auspiciis
516 3269 632 3353 quibus
651 3268 796 3334 consules
810 3269 922 3346 creati,
942 3284 1147 3356 aequumcn·

130 3384 200 3428 sees
226 3387 339 3443 necne,
375 3363 562 3451 magistrum
589 3364 730 3449 equitum
756 3363 840 3428 dicto
866 3364 1056 3430 audientem
1078 3350 1146 3429 east

93 3457 268 3542 citemque
293 3459 371 3525 illud
396 3461 568 3547 interroga
597 3482 669 3532 cum
691 3482 741 3525 me
763 3458 891 3524 incertis
916 3461 1073 3548 auspiciis
1092 3472 1145 3544 μῦ·

130 3549 248 3615 fectum
266 3549 307 3617 ab
325 3553 419 3620 domo
438 3555 565 3633 scirem,
587 3563 693 3619 utrum
710 3552 787 3618 mihi
805 3551 941 3620 turbatis
960 3548 1144 3642 religionib-

130 3665 181 3709 res
203 3643 330 3731 publica
351 3647 384 3712 in
406 3648 572 3715 discrimen
596 3647 818 3714 committenda
840 3646 939 3712 fuerit
963 3673 1009 3715 an
1031 3638 1144 3734 ampl&

96 3740 313 3827 crepetenda,
336 3765 376 3808 ne
395 3744 470 3828 quid
487 3743 592 3810 dubiis
610 3743 659 3808 dis
678 3742 824 3830 agerem?
850 3741 948 3808 simul
969 3743 1065 3822 illud,
1082 3750 1143 3825 Ψ

128 3834 272 3900 dictatori
289 3836 399 3924 religio
416 3838 629 3923 inpedimento
643 3839 763 3904 adrem
776 3838 950 3925 gerendam
964 3838 1069 3916 fuerit,
1084 3848 1141 3900 nu

129 3951 166 3995 ea
191 3930 343 4019 magister
365 3931 504 4017 equitum
527 3932 648 3999 solutus
670 3955 708 3998 ac
729 3930 809 3998 liber
830 3933 971 4020 potuerit
994 3931 1080 3999 esse?
1099 3916 1139 3990 sel
1183 3928 1188 3941 '

127 4025 203 4113 quid
230 4050 290 4117 ego
316 4026 396 4095 haec
420 4027 593 4117 interrogo,
621 4051 708 4108 cum,
737 4028 765 4094 si
786 4050 849 4116 ego
870 4028 988 4095 tacitus
1014 4026 1137 4094 abissent
