2566 4524
347 248 468 304 nmna
484 250 813 324 susannense]
1038 240 1103 311 523

55 402 180 473 'Gallici
202 404 360 471 tumultus
381 408 570 496 praecipuus
594 419 693 475 terror
713 410 872 476 civitatem
894 410 1002 478 tenuit.
1041 412 1102 479 ita-
1120 432 1152 485 tt

67 523 123 587 que
141 510 367 588 praeterquam
385 503 474 586 quod
493 503 588 570 ambo
605 505 752 572 consules
773 506 908 592 profecti
924 507 966 572 ad
982 506 1100 573 bellum

53 607 153 661 erant
169 616 245 661 cum
262 605 414 680 quattuor
429 596 608 685 legionibus
622 609 653 664 et
670 622 786 688 magno
803 601 944 686 equitatu
955 600 1099 668 Romano

66 688 304 779 Campanisque
320 690 409 757 mille
427 693 586 777 equitibus
603 694 732 759 delectis
750 694 791 759 ad
807 695 841 759 id
858 694 977 761 bellum
993 694 1099 761 missis

65 793 94 851 et
110 784 273 851 sociorum
290 785 493 871 nominisque
509 788 619 852 Latini
636 788 754 854 maiore
772 789 909 854 exercitu
926 810 1021 874 qnam
1034 788 1100 855 Ro-

64 901 165 959 mano,
184 878 240 945 alii
257 880 323 946 duo
340 882 497 947 exercitus
514 882 601 947 haud
617 882 727 969 procul
744 882 821 948 urbe
838 882 983 949 Etruriae
1001 904 1099 969 oppo-
1117 902 1149 951 15

65 974 124 1053 siti,
143 997 230 1042 unus
248 975 283 1040 in
299 974 438 1054 Falisco,
457 976 537 1041 alter
552 976 586 1041 in
599 976 754 1042 Vaticano
772 998 857 1063 agro.
893 976 953 1041 Cn.
964 976 1097 1043 Fulvius

64 1079 93 1135 et
113 1068 157 1136 L.
177 1067 367 1136 Postumius
384 1069 546 1158 Megellus
571 1082 788 1158 propraetores
811 1068 904 1135 ambo
925 1070 1039 1135 stativa
1063 1070 1097 1136 in

63 1166 106 1232 eis
123 1164 206 1231 loeis
222 1165 342 1232 babere
358 1166 449 1231 iussi.

124 1257 282 1323 XXVII.
315 1257 474 1326 Consules
496 1259 539 1324 ad
559 1259 667 1325 hostes
690 1268 887 1347 transgresso
904 1256 1096 1345 Appennino
1116 1276 1129 1325 1

62 1353 93 1419 in
113 1374 229 1441 agrum
253 1349 453 1420 Sentinatem
478 1363 697 1441 pervenerunt.
736 1353 782 1419 ibi
803 1362 951 1439 quattuor
975 1352 1096 1419 milium

61 1447 159 1515 ferme
185 1447 351 1513 intervallo
372 1458 477 1513 castra
502 1448 615 1535 posita.
653 1448 735 1513 inter
754 1448 861 1514 hostes
883 1446 996 1513 deinde
1022 1466 1129 1513 con-s

60 1541 246 1607 sultationes
272 1539 414 1620 habitae,
440 1552 536 1627 atque
561 1543 606 1607 ita
631 1542 791 1621 convenit,
821 1564 862 1609 ne
887 1541 958 1607 unis
984 1542 1094 1607 castris

59 1637 269 1703 miscerentur
297 1656 409 1703 omnes
435 1658 517 1703 neve
545 1638 580 1703 in
605 1638 705 1702 aciem
735 1638 961 1703 descenderent
991 1636 1094 1703 simul.

60 1727 261 1797 Samnitibus
284 1727 385 1810 Galli,
409 1731 557 1798 Etruscis
576 1731 692 1798 Umbri
717 1732 839 1796 adiecti.
883 1732 951 1796 dies
978 1730 1127 1797 indictas

57 1846 202 1913 pugnaer
229 1822 369 1891 Samniti
386 1824 553 1911 Gallisque
575 1826 719 1913 delegata
741 1848 862 1911 pugna,
884 1825 966 1889 intcr
989 1824 1094 1908 ipsum

57 1929 220 1985 certamen
240 1918 372 1985 Etrusci
394 1920 573 2005 Umbrique
598 1920 678 1985 iussi
700 1928 802 1985 castra
823 1917 969 1983 Romana
993 1932 1094 2003 oppu-

42 2034 167 2101 gnare.
212 2012 294 2079 haee
319 2015 453 2081 consilia
478 2013 643 2079 turbarunt
668 2013 850 2100 transfugae
878 2009 1002 2079 Clusini
1028 2020 1126 2079 trest

55 2107 141 2173 clam
162 2117 258 2175 nocte
279 2108 321 2173 ad
343 2107 480 2175 Fabium
507 2109 668 2174 consulem
695 2108 896 2195 transgressi,
922 2106 977 2191 qui
999 2106 1091 2173 oditis

55 2201 199 2269 hostium
215 2203 357 2269 consiliis
375 2204 500 2269 dimissi
516 2225 590 2268 cum
606 2203 708 2279 donis,
725 2214 761 2266 ut
778 2201 925 2278 subinde,
945 2212 979 2265 ut
995 2224 1092 2285 quac-

54 2318 122 2383 que
142 2319 195 2363 res
218 2320 304 2364 nova
323 2298 451 2364 decreta
468 2308 567 2375 esset,
589 2298 782 2384 exploratam
799 2296 981 2381 perferrent.
1017 2312 1124 2361 con-o

55 2391 145 2457 sules
155 2392 274 2458 Fulvio
290 2402 327 2457 ut
340 2414 381 2458 ex
392 2392 529 2470 Falisco,
543 2392 708 2457 Postumio
724 2400 759 2456 ut
776 2412 816 2455 ex
829 2388 984 2454 Vaticano
1001 2409 1091 2453 excr-

10 2514 17 2523 ·
53 2486 154 2553 citum
171 2487 216 2552 ad
233 2485 382 2553 Clusium
399 2487 587 2553 admoveant
605 2506 790 2569 summaque
807 2484 839 2548 vi
855 2483 934 2547 fines
952 2481 1089 2547 hostium

52 2581 297 2669 depopulentur,
317 2581 467 2648 scribunt.
499 2581 593 2646 huius
610 2578 820 2667 populationis
837 2577 923 2643 sama
930 2575 1084 2641 Etruscos
1105 2594 1121 2643 o

52 2696 94 2741 ex
116 2698 197 2764 agro
221 2673 387 2743 Sentinate
408 2677 450 2741 ad
476 2698 552 2741 suos
578 2675 650 2740 finis
672 2673 805 2739 tuendos
827 2670 933 2737 movit.
969 2670 1086 2735 instare

51 2769 129 2835 inde
146 2769 306 2849 consules,
325 2782 361 2835 ut
378 2769 563 2836 absentibus
581 2770 630 2835 his
648 2780 847 2857 pugnaretur.
883 2788 939 2853 per
956 2764 1086 2831 biduum

50 2864 224 2931 lacessiere
240 2865 361 2951 proelio
374 2865 512 2930 hostem:
530 2864 626 2931 biduo
638 2865 715 2929 nihil
728 2865 859 2951 dignum
871 2862 957 2927 dictu
970 2870 1084 2927 actum.

50 2959 149 3047 pauci
166 2959 324 3045 utrimque
342 2959 493 3037 cecidere,
507 2960 672 3046 magisque
689 2958 804 3023 inritati
822 2958 950 3023 suntad
967 2956 1085 3023 iustum
1105 2974 1120 3023 t

50 3063 215 3120 certamen
227 3054 325 3119 animi
337 3076 435 3139 qnam
448 3055 491 3120 ad
503 3054 672 3120 dmcrimen
684 3074 808 3118 summa
820 3072 923 3115 rerum
937 3050 1082 3116 adducta

48 3147 147 3215 tertio
165 3147 217 3213 die
233 3148 425 3215 descensum
441 3150 475 3213 in
492 3170 639 3235 campum
656 3145 801 3213 omnibus
814 3144 913 3231 copiis
926 3153 983 3208 est.
1010 3163 1083 3208 cnm
1102 3162 1118 3211 8

47 3241 227 3308 instrudae
244 3243 330 3309 acies
348 3252 480 3322 starent,
504 3265 597 3309 cerva
617 3242 742 3330 lugiens
763 3240 872 3325 lupum
889 3259 907 3303 e
924 3234 1082 3304 montibus

49 3346 167 3403 exacta
186 3358 246 3423 per
263 3359 394 3423 campos
416 3336 499 3403 inter
514 3338 593 3405 duas
611 3338 695 3403 acies
712 3334 861 3413 decurrit3
886 3332 959 3398 iude
981 3332 1083 3397 diver·

49 3452 108 3496 sae
130 3429 233 3509 ferae,
260 3453 355 3498 cerva
375 3433 417 3498 ad
439 3429 565 3511 Gallos,
593 3433 686 3519 lupus
707 3432 749 3497 ad
770 3431 930 3497 Romanos
955 3448 1083 3493 cursum

48 3524 193 3591 deflexit.
227 3525 304 3613 lupo
325 3527 400 3592 data
421 3528 505 3592 iuter
525 3527 650 3593 ordines
671 3526 737 3605 sia,
759 3548 883 3591 cervam
902 3520 987 3591 Galli
1008 3544 1082 3589 oon-

48 3617 162 3683 lixere.
197 3628 266 3684 tum
283 3642 324 3685 ex
341 3621 557 3709 antesignanis
574 3620 735 3686 Romanus
753 3619 858 3685 miles:
885 3618 969 3684 ‘illac
991 3616 1081 3704 luga’
1099 3634 1114 3683 a

47 3711 155 3796 inquit
177 3717 225 3778 ‘et
240 3714 355 3779 caedes
377 3716 484 3793 vertit,
505 3714 562 3779 ubi
579 3736 699 3779 sacram
716 3712 841 3779 Dianae
858 3713 957 3779 leram
978 3711 1081 3777 iacen-

47 3816 116 3872 tem
133 3806 265 3873 videtis:
282 3808 357 3874 binc
369 3808 611 3875 rictorblartius
628 3808 731 3896 lupus,
750 3808 871 3897 integer
887 3818 919 3873 et
935 3808 1078 3880 intactus,

46 3902 157 3989 gentis
174 3923 235 3967 nos
252 3902 390 3970 Martiae
407 3916 439 3969 et
456 3904 624 3971 conditoris
640 3904 738 3971 nostri
759 3902 940 3971 admonuit!
969 3900 1079 3964 dextro
1098 3916 1131 3967 to

45 4014 149 4063 cornu
159 3992 256 4075 Galli,
271 3998 398 4065 sinistro
408 3996 567 4066 Samnites
585 4000 798 4066 constiterunt.
824 3996 975 4063 adversus
987 3992 1079 4061 Sam-
