2566 4524
148 261 215 329 462
363 242 481 329 nmen
497 269 592 342 urm,
610 268 652 325 1s.
667 268 708 325 19.
727 267 983 338 [caemar]

148 433 233 502 bella
257 432 408 520 gessisset
434 438 466 496 et
491 428 603 495 eadem
628 427 772 494 fortunae
797 426 931 514 pignera
955 425 989 491 in
1015 425 1162 495 discrimen

98 544 132 595 18
150 527 322 595 detulisset.
356 525 453 592 immo
476 525 570 590 etiam
597 545 634 589 eo
661 521 733 609 plus
758 521 890 610 periculi
917 522 1071 603 subisset,
1093 522 1164 608 quod

148 622 342 691 Macedones
361 643 460 687 unum
478 617 696 685 Alexandrum
713 616 908 695 habuissent,
927 616 1038 685 multis
1056 617 1164 684 wihus

99 733 131 781 19
149 742 213 784 non
236 717 338 783 solum
360 714 547 793 obnoxium,
570 713 627 780 sed
649 714 745 778 etiam
766 711 953 778 offerentem
975 735 1026 792 se,
1048 710 1165 781 Romani

149 811 241 879 multi
257 810 392 876 fuissent
399 807 583 873 Alexandro
597 806 648 873 vel
665 806 765 895 gloria
777 805 829 872 vel
840 829 949 872 rerum
966 806 1164 894 magnitudine

148 927 255 993 pares,
279 925 413 990 quomam
436 924 494 968 suo
515 902 649 987 quisque
671 900 738 968 fato
761 901 828 966 sine
849 899 982 987 publico
1007 901 1164 970 dscdmim

148 1001 270 1068 viveret
286 1009 530 1082 monereturque.

117 1109 131 1159 1
213 1092 363 1160 XVIIII.
390 1091 512 1169 Restat,
532 1100 567 1156 ut
585 1090 694 1176 copiae
712 1090 810 1176 copiis
829 1099 1044 1176 conparentur
1058 1089 1104 1158 vel
1117 1112 1166 1155 nn-

116 1203 132 1251 2
149 1212 236 1256 mero
250 1189 301 1254 vel
318 1187 453 1254 militnm
470 1207 585 1273 genere
599 1184 650 1250 vel
667 1184 865 1250 multitudine
884 1184 1083 1252 auxiliorum.
1107 1207 1166 1252 oen·

150 1283 300 1352 sebantur
331 1283 398 1349 eius
425 1281 536 1348 aetatis
562 1280 670 1346 lustris
697 1280 819 1347 ducena
845 1282 1074 1370 quinquagena
1095 1282 1166 1348 milis

150 1379 297 1466 capitum.
333 1376 439 1461 itaque
460 1376 494 1441 in
516 1375 602 1441 omni
624 1374 800 1442 defectione
823 1377 984 1442 sociorum
1002 1377 1107 1443 Latini
1119 1397 1166 1441 no-

149 1471 243 1539 minis
265 1470 387 1537 urbano
407 1491 506 1557 prope
528 1469 645 1534 dilectu
667 1469 777 1535 decem
796 1467 1020 1536 scribebantur
1034 1470 1164 1560 legiones.

116 1591 132 1638 s
150 1567 293 1653 quaterni
311 1565 461 1650 quinique
479 1565 634 1630 exercitus
654 1586 748 1651 saepe
769 1586 827 1650 per
844 1586 899 1630 eos
918 1588 1023 1632 annos
1040 1566 1073 1631 in
1088 1564 1168 1631 liutr-

149 1663 209 1741 1ia,
232 1661 265 1725 in
282 1659 418 1726 Umbria
437 1656 538 1726 Gallis
561 1658 705 1725 hostibus
728 1658 897 1737 adiunctis,
922 1660 958 1724 in
983 1657 1166 1739 Samnio,in

114 1784 132 1827 a
149 1756 291 1822 Lucanis
308 1753 459 1843 gerebant
476 1753 609 1821 bellum:
627 1753 758 1819 Latium
772 1752 884 1819 deinde
898 1775 997 1821 omne
1011 1778 1083 1822 cum
1093 1752 1167 1821 Sabi»

149 1852 199 1918 nis
218 1849 393 1917 et.Volscis
411 1862 443 1916 et
459 1848 583 1935 Aequis
602 1858 634 1916 et
651 1850 737 1916 omni
756 1848 933 1934 Campania
950 1859 985 1916 et
1002 1848 1166 1938 portellu-

149 1947 235 2014 briae
248 1946 457 2031 Etruriaeque
475 1955 507 2010 et
523 1945 707 2013 Picentibus
726 1956 757 2013 et
768 1944 887 2013 Marsis
901 1945 1126 2036 Paelignisque
1137 1967 1166 2015 st

149 2040 293 2107 Vestinis
312 2050 406 2125 atque
422 2038 556 2126 Apulis,
579 2040 727 2107 adiuncta
744 2041 831 2107 omni
848 2064 904 2108 ora
923 2038 1119 2111 Graecorum
1131 2041 1166 2108 in·
1205 2113 1209 2121 ,

149 2135 209 2201 feri
225 2134 321 2200 maris
339 2133 500 2201 aThtmiis
513 2132 670 2221 Neapolim
687 2144 718 2202 et
733 2131 863 2214 Cuma's,
882 2145 915 2202 et
931 2137 1010 2205 inde
1022 2136 1118 2204 Antio
1132 2145 1166 2202 st·
1207 2148 1209 2155 ’

150 2252 212 2316 que
232 2227 334 2297 Ostiis
353 2238 443 2296 tenus
462 2227 666 2318 (Samnites),
690 2241 745 2297 aut
767 2232 869 2299 socios
887 2232 1015 2301 validos
1034 2231 1166 2302 Romanis

116 2334 205 2394 caut
222 2324 339 2391 fractos
358 2324 440 2392 bello
461 2326 634 2392 invenisset
654 2325 772 2393 hostes.
808 2326 876 2413 ipse
900 2328 1081 2397 traiecisset
1100 2346 1166 2394 mart

149 2442 222 2486 cum
239 2421 395 2487 veteranis
408 2419 648 2501 Macedonibus,
663 2446 727 2489 uon
743 2423 815 2510 plus
834 2424 965 2510 triginta
983 2425 1110 2493 milibus
1124 2424 1167 2490 ho
1205 2426 1209 2437 ‘

148 2514 279 2594 minum,
294 2525 325 2582 et
337 2525 484 2601 quattuor
496 2515 623 2582 milibus
638 2518 778 2602 equitum
791 2517 930 2584 maxime
941 2519 1167 2588 Thessalorum:

148 2610 209 2676 hoc
228 2609 311 2676 enim
328 2609 450 2677 roboris
470 2621 544 2677 erat
569 2609 696 2690 Persas,
711 2611 810 2678 Indos
825 2612 969 2699 aliasque
985 2617 1014 2682 si
1027 2613 1168 2683 adiunxit·
1208 2641 1209 2648 ¹

150 2714 198 2771 set
214 2713 340 2792 gentes,
363 2705 612 2791 inpedimentum
629 2706 731 2771 maius
750 2728 846 2791 quam
864 2707 1025 2776 auxilium
1043 2710 1168 2778 nahem

115 2811 130 2859 c
148 2797 239 2875 adde,
254 2797 339 2881 quod
347 2797 499 2865 Romanis
513 2799 554 2864 ad
567 2822 696 2864 manum
710 2800 796 2866 domi
815 2802 1077 2888 supplementum
1093 2811 1169 2881 esset,

147 2890 345 2970 Alexandro,
364 2893 450 2977 quod
466 2903 577 2979 postea
594 2893 768 2960 Hannibali
786 2895 915 2975 accidit,
935 2896 1044 2967 alieno
1061 2901 1095 2966 in
1109 2917 1169 2985 agro

116 3000 130 3044 ⁷
149 2985 279 3052 bellanti
297 2987 452 3053 exereitus
471 2990 696 3055 consenuisset.
733 3013 829 3070 arma,
849 2990 987 3078 clupeus
1008 2996 1169 3079 sarisaeque

148 3081 210 3148 illis
230 3079 277 3164 (id
295 3091 344 3148 est
360 3080 495 3168 hastae),
510 3082 656 3149 Romano
675 3093 809 3164 scutum,
828 3085 933 3151 maius
953 3090 1083 3177 corpori
1099 3100 1170 3175 tege

149 3187 304 3257 mentum,
328 3187 359 3245 et
379 3177 493 3264 pilum,
516 3179 602 3244 haud
623 3179 718 3266 paulo
737 3201 834 3266 quam
853 3178 949 3247 hasta
968 3183 1171 3251 vehementius

113 3290 129 3340 8
148 3273 211 3338 ictu
229 3273 392 3358 missuque
410 3273 516 3341 telum.
550 3274 695 3340 statarius
714 3283 846 3359 uterque
862 3275 958 3342 miles
978 3280 1107 3347 ordines
1122 3298 1170 3344 ser·

147 3389 240 3432 vans:
260 3367 317 3433 sed
333 3367 387 3434 illa
403 3366 541 3454 phalanx
558 3368 716 3435 inmobilis
730 3369 867 3435 etunius
885 3373 1033 3457 generis,
1047 3375 1170 3442 Romam

148 3458 232 3523 acies
250 3458 433 3540 distinctior,
449 3484 488 3528 ex
501 3461 644 3549 plmibus
662 3463 805 3549 partibus
819 3474 985 3545 constans,
1001 3467 1105 3535 facilis
1115 3486 1170 3554 ptr·

114 3565 129 3613 9
148 3551 237 3616 tienti
250 3573 448 3639 quacumque
462 3578 541 3642 opus
556 3565 649 3635 essct,
664 3556 767 3623 facilis
780 3557 936 3646 iungenti.
965 3560 1037 3629 iam
1049 3563 1083 3629 in
1094 3576 1171 3648 open

148 3645 219 3731 quis
236 3669 296 3732 par
310 3646 455 3716 Romano
472 3651 573 3730 miles,
592 3652 663 3737 quis
682 3651 724 3718 ad
740 3651 941 3718 tolerandum
959 3654 1104 3725 laborem
1119 3673 1169 3720 ns·

146 3740 224 3808 lior?
245 3764 308 3809 uno
325 3745 444 3829 proelio
462 3747 564 3813 victus
575 3747 758 3814 Alexander
775 3746 858 3813 bello
875 3746 987 3817 victus
1007 3761 1104 3820 esset:
1118 3747 1167 3814 tto

146 3860 285 3917 manum,
300 3861 394 3925 quem
404 3839 571 3921 Caudium,
586 3865 680 3928 quem
691 3842 821 3908 Cannae
834 3863 900 3907 non
913 3842 1091 3932 fregerunt,
1104 3856 1167 3929 quse

96 3944 129 3992 10
147 3933 295 4022 fregisset
317 3934 426 4003 acies?
459 3959 499 4004 ne
521 3938 574 4006 ille
598 3961 706 4025 saepe,
735 3939 830 4004 etiam
852 3937 881 4004 si
903 3939 1013 4025 prima
1036 3951 1166 4028 prospert

147 4032 339 4115 evenissent,
357 4029 473 4101 Persas
492 4044 524 4100 et
540 4034 637 4100 Indos
656 4044 687 4100 et
704 4033 853 4101 inbellem
870 4031 991 4101 Asiam
1009 4033 1163 4124 quaesisset
