2566 4524
149 223 214 289 240
364 234 484 290 LIBER
501 234 574 305 IIII,
592 232 635 292 49.
648 231 691 288 50.
711 236 749 303 [a.
759 251 786 288 u.
796 250 820 288 c.
829 232 890 289 340.
899 232 965 303 341]

149 394 222 460 bem
240 394 375 472 revertit,
395 392 502 458 audita
519 415 583 458 vox
600 392 667 458 eius
686 393 719 456 iu
737 392 882 458 contione
900 391 1017 458 stolida
1033 413 1070 457 ac
1084 414 1161 478 prope
1195 476 1198 481 Ι

149 511 276 568 vecors,
295 512 358 573 qua
377 485 487 553 Sextio
505 487 629 552 tribuno
647 485 748 571 plebis
766 485 871 573 legem
888 487 1046 574 agrariam
1061 485 1161 563 ferenti,
1192 550 1199 579 ,Ι

151 583 245 649 simul
262 583 360 648 Bolas
383 603 508 666 quoque
530 592 565 646 ut
587 583 784 646 mitterentur
805 580 908 646 coloni
930 581 1068 647 laturum
1084 603 1114 647 se
1128 581 1162 645 di-

150 679 233 745 centi
249 717 293 727 -
311 678 424 764 dignos
443 677 526 741 enim
544 699 623 754 esse,
643 677 698 761 qui
715 676 810 741 armis
825 676 993 762 cepissent,
1013 699 1115 743 eorum
1123 698 1162 740 ur·

149 773 223 840 bem
241 794 414 860 agrumque
428 770 585 835 Bolanum
600 794 670 836 esse
683 809 726 819 —
745 771 876 835 ‘malum
890 772 1021 856 quidem
1033 770 1161 837 militibus

150 866 253 945 meis‚’
275 865 375 950 inquit
394 865 469 930 ‘nisi
485 865 678 949 quieverint?
713 866 799 949 quod
816 865 960 929 auditum
981 888 1046 932 non
1067 864 1162 931 contio·

100 983 132 1032 12
149 986 223 1028 nem
241 962 343 1048 magis
362 983 456 1045 quam
475 984 550 1025 mox
566 971 671 1047 patres
690 961 830 1026 offendit.
858 971 891 1026 et
907 960 1055 1028 tribunus
1072 959 1161 1049 plebis,

150 1060 199 1124 vir
215 1080 288 1123 acer
308 1079 367 1120 nec
388 1055 592 1133 infacundus,
620 1066 730 1121 nactus
753 1055 834 1119 inter
855 1055 1055 1122 adversarios
1077 1078 1162 1143 super·

150 1153 227 1219 bum
252 1152 415 1239 ingenium
441 1151 693 1233 inmodicamque
719 1151 874 1237 linguam,
906 1173 1004 1234 quam
1030 1151 1161 1217 inritando

151 1248 362 1336 agitandoque
380 1246 412 1309 iu
431 1266 484 1309 eas
502 1243 665 1330 inpelleret
678 1266 782 1322 voces,
802 1267 883 1328 quae
896 1244 1037 1312 invidiae
1049 1269 1106 1312 nou
1115 1245 1161 1333 ipsi

150 1353 281 1420 tantum,
301 1340 358 1405 sed
371 1361 485 1404 causae
503 1350 597 1422 atque
611 1339 758 1404 universo
772 1339 874 1405 ordini
891 1351 1009 1419 essent,
1028 1341 1161 1407 neminen

150 1461 190 1503 ex
207 1435 340 1522 collegio
358 1433 553 1499 tribunorum
571 1433 706 1497 militum
724 1433 849 1519 saepius
868 1456 967 1518 quam
984 1434 1161 1501 Postumium

100 1555 131 1603 13
149 1533 184 1598 in
201 1529 458 1616 disceptationem
476 1527 627 1593 trahebat.
663 1538 731 1592 tum
748 1552 823 1594 vero
842 1530 1019 1595 secundum
1036 1542 1098 1597 tam
1110 1551 1161 1595 sao·

150 1650 225 1692 vum
244 1635 337 1708 atque
355 1623 560 1686 inhumanum
579 1623 698 1687 dietum
721 1623 875 1701 ‘auditis‚'
897 1624 1001 1708 inquit
1019 1625 1160 1709 ‘Qrdrites

99 1745 132 1793 14
151 1722 232 1786 sicut
250 1720 348 1785 servis
367 1717 485 1783 malum
499 1717 672 1782 minantem
684 1717 856 1783 militibus?
878 1728 986 1784 tamen
999 1720 1077 1786 haec
1086 1718 1161 1785 belus

149 1816 273 1903 dignior
293 1813 384 1879 vobis
407 1821 493 1878 tauto
515 1812 632 1877 honore
655 1811 812 1877 videbitur
834 1835 930 1897 quam
952 1814 1010 1898 qui
1032 1837 1086 1881 vos
1100 1813 1160 1879 urbe

149 1914 296 2000 agrisque
314 1911 446 1975 donatos
463 1909 497 1973 iu
514 1908 653 1974 colonias
672 1910 811 1988 mittunt,
831 1911 885 1994 qui
904 1912 1014 1975 sedem
1032 1908 1159 1977 senectuti

149 2016 271 2070 vestrae
293 2004 500 2089 prospiciunt,
529 2004 583 2087 qui
604 2027 661 2088 pro
688 2004 801 2069 vestris
829 2006 1005 2072 commodis
1032 2008 1159 2072 adversa

99 2127 131 2173 15
149 2111 214 2166 tam
232 2099 374 2164 crudeles
393 2098 608 2183 superbosque
627 2099 822 2165 adversarios
837 2101 1041 2186 depugnant?
1056 2100 1159 2187 incipite

148 2195 261 2260 deinde
279 2193 397 2270 mnari,
426 2215 482 2256 cur
499 2194 592 2278 pauci
609 2193 673 2257 iam
690 2205 827 2258 vestram
846 2195 1022 2280 suscipiant
1044 2216 1157 2262 causam·

148 2289 224 2374 quid
241 2298 276 2352 ut
295 2312 313 2352 a
332 2287 421 2352 vobis
441 2287 585 2372 sperent?
602 2311 642 2351 an
660 2287 803 2365 honores,
823 2310 903 2372 quos
922 2290 1106 2356 adversariis
1119 2308 1158 2353 ve

149 2384 221 2448 stris
244 2384 349 2468 potius
372 2405 466 2466 quam
489 2381 597 2466 populi
615 2383 750 2446 Romani
772 2385 1061 2470 propugnatoribus
1081 2378 1157 2449 datia

97 2494 128 2542 16
148 2478 345 2564 ingemuistis
364 2478 457 2541 modo
477 2499 553 2541 voce
571 2476 665 2541 huius
685 2477 800 2541 audita.
837 2479 914 2560 quid
932 2479 966 2542 id
983 2479 1095 2544 refert?
1110 2478 1155 2541 am

148 2573 175 2638 si
185 2573 371 2658 suffragium
381 2572 480 2648 detur,
498 2571 592 2647 huuc,
611 2571 666 2653 qui
675 2572 792 2635 malum
801 2571 892 2637 vobis
902 2574 1051 2652 minatur,
1064 2575 1106 2649 iis,
1117 2565 1154 2653 qui

147 2690 240 2753 agros
260 2668 413 2748 sedesque
432 2688 469 2729 ac
487 2666 628 2729 fortunas
648 2665 785 2730 stabilire
803 2666 922 2744 volunt,
942 2662 1132 2752 praeferetis'

114 2781 127 2827 1
212 2761 254 2825 L.
285 2759 412 2823 Pcrlata
429 2759 508 2822 haec
525 2782 589 2823 vox
607 2760 752 2824 Postumi
770 2761 810 2824 ad
828 2761 943 2825 milites
962 2763 1062 2827 multo
1077 2763 1105 2825 iu
1118 2778 1152 2822 os·

147 2854 219 2919 stris
238 2854 387 2917 maiorem
405 2854 651 2940 indignationem
669 2857 781 2920 movit:
800 2856 976 2941 praedaene
995 2858 1150 2939 intercepit

113 2969 129 3016 2
147 2971 214 3013 rem
231 2947 505 3032 fraudatoremque
519 2950 612 3013 etiam
626 2950 744 3014 malum
759 2951 871 3015 minari
884 2951 1057 3017 militibus?
1072 2952 1149 3030 itaqu

147 3066 219 3108 cum
241 3043 384 3109 fremitus
408 3055 513 3129 aperte
536 3053 620 3108 esset
643 3055 674 3108 et
696 3055 842 3128 quaestor
859 3044 897 3110 P.
919 3043 1046 3112 Sestius
1067 3042 1149 3109 eaden

145 3139 294 3204 violentia
311 3139 446 3203 coerceri
464 3148 588 3224 putaret
606 3139 790 3203 seditionem
803 3161 907 3224 posse,
927 3162 992 3223 qua
1005 3140 1146 3205 monent

145 3236 244 3300 misso
263 3234 303 3298 ad
320 3233 544 3297 vociferantem
562 3234 720 3317 quendam
737 3234 868 3297 militem
880 3233 1000 3312 lictore,
1020 3256 1088 3300 eum
1097 3224 1146 3294 intr

113 3346 128 3392 3
147 3329 264 3393 clamor
281 3338 312 3391 et
329 3328 466 3413 iurgium
484 3339 635 3406 oreretur,
660 3351 736 3393 saxo
755 3329 835 3393 ictus
859 3327 953 3393 turba
970 3320 1146 3403 exceditis

147 3444 242 3506 super
250 3423 428 3507 increpante
438 3424 492 3506 qui
501 3423 726 3501 vulneraverat,
745 3423 861 3488 babere
870 3435 1077 3507 quaestorem,
1088 3406 1145 3503 qttl

112 3536 128 3582 4
146 3514 304 3601 inperator
322 3528 405 3581 esset
421 3517 572 3582 militibus
591 3519 736 3582 minatus.
773 3519 814 3582 ad
835 3517 920 3583 bunc
938 3519 1100 3583 tumultum
1112 3526 1145 3573 Φ

146 3611 227 3674 citus
244 3609 427 3676 Postumius
447 3613 605 3697 asperiora
627 3613 732 3677 omnia
748 3612 824 3677 fecit
846 3612 969 3678 acerbis
987 3598 1144 3697 quaestori·
1197 3682 1199 3687 Ι

146 3701 217 3781 bus,
236 3705 414 3771 crudelibus
429 3707 599 3792 suppliciis.
626 3721 785 3794 postremo
800 3730 873 3771 cum
885 3709 1017 3772 modum
1029 3690 1144 3771 iraeud

145 3796 211 3862 lum
221 3798 347 3877 faceret,
367 3801 407 3864 ad
416 3802 671 3867 vociferationem
680 3825 798 3880 eorum,
817 3825 897 3887 quos
907 3802 1014 3868 necari
1023 3796 1144 3866 subant·

144 3892 288 3972 iusserat,
308 3916 463 3959 concursu
480 3896 573 3974 facto,
593 3899 660 3984 ipse
679 3898 719 3962 ad
732 3898 958 3983 interpellantis
972 3902 1145 3982 poenamtt·
1190 3886 1199 3895 ⁸

111 4006 127 4054 5
145 4009 214 4055 cors
237 3990 276 4054 de
299 3989 446 4055 tribunali
468 3992 611 4057 decurrit.
647 3993 692 4058 ibi
715 4017 787 4058 cum
810 3993 1033 4059 submoventes
1053 3978 1145 4078 μεθ
