2566 4524
142 259 205 325 126
372 266 490 322 LIBER
507 263 566 334 111,
586 265 610 317 1.
623 264 648 318 2.
670 269 706 334 [a.
716 281 744 318 u.
756 279 780 318 o.
792 263 944 335 nst-290]

139 439 230 496 neret
247 465 289 475 -
306 446 417 512 pacem
435 422 553 509 petiere
570 422 756 506 inritamque
775 445 846 487 eam
862 422 926 508 ipsi
945 420 1051 488 subita
1070 421 1120 486 inor

142 524 229 590 sione
247 523 281 586 in
299 543 410 608 agrum
427 516 580 581 Latinum
598 517 711 581 fecere.

109 645 122 689 1
206 616 251 682 Π.
289 615 329 697 Q.
351 608 504 679 Servilius
522 611 701 695 insequenti
719 634 801 677 anno
820 612 908 676 —is
928 612 1015 676 enim
1033 608 1120 676 cumi

141 711 306 778 Postumio
324 707 434 772 consul
451 705 511 770 suit
524 743 566 753 -
579 706 612 769 in
625 704 757 789 Aequos
776 706 902 784 missus,
920 706 956 771 in
968 706 1089 772 Latino
1101 731 1120 790 a*

111 827 116 836 ’
144 807 258 874 stativa
274 803 394 868 habuit.
437 801 549 866 castris
569 801 658 885 quies
676 801 855 866 necessaria
872 801 984 867 morbo
1003 801 1120 888 inplicit

111 924 125 969 2
144 901 315 967 exercitum
333 897 442 962 tenuit.
470 906 644 960 extractum
661 896 694 959 in
712 897 837 960 tertium
850 919 969 960 annum
988 895 1107 961 bellum

146 995 187 1079 Q.
210 993 310 1059 Fabio
334 1002 365 1057 et
387 991 425 1057 Τ.
451 989 600 1073 Quinctio
624 990 815 1056 consulibus.
859 989 963 1056 Fabio
986 1001 1079 1057 extra
1098 1013 1120 1057 or

143 1114 231 1169 nem,
259 1088 333 1174 quia
349 1088 377 1152 is
395 1088 495 1151 victor
511 1108 623 1171 pacem
639 1086 763 1170 Aequis
786 1086 929 1163 dederat,
958 1108 998 1151 ea
1020 1086 1120 1173 provin

111 1187 232 1263 adata,
259 1183 315 1268 qui
332 1182 417 1246 haud
435 1180 531 1245 dubia
550 1203 605 1266 spe
627 1181 787 1265 profectus
811 1190 872 1258 est,
899 1180 1024 1245 famam
1046 1180 1120 1246 noni

146 1283 195 1348 sui
213 1290 396 1366 pacaturam
413 1279 555 1361 Aequos.
591 1277 712 1363 legatos
731 1277 764 1341 in
786 1275 954 1341 concilium
978 1278 1120 1362 gentisn

146 1399 198 1441 sos
224 1375 368 1439 nuntiare
394 1372 500 1448 iussit,
529 1369 569 1453 Q
592 1370 728 1435 Fabium
751 1370 913 1435 consulem
936 1370 1058 1448 dicere,
1085 1391 1116 1435 sc

144 1470 268 1552 Aequis
291 1490 404 1553 paoem
420 1467 557 1531 Romam
579 1464 702 1542 tulisse,
730 1463 770 1529 ab
788 1465 892 1529 Roma
913 1463 1043 1549 Aequis
1065 1463 1120 1530 bell

145 1564 269 1629 adferre
291 1563 402 1626 eadem
425 1562 535 1624 dextra
557 1569 689 1637 armata,
717 1582 813 1644 quam
834 1568 982 1644 pacatam
1004 1559 1068 1623 illis
1090 1581 1120 1622 an

111 1658 283 1724 adederat.
323 1677 458 1738 quorum
478 1654 512 1717 id
533 1654 664 1738 perfidia
686 1663 717 1717 et
738 1652 873 1738 periurio
900 1651 970 1731 fiat,
999 1653 1077 1719 deos
1094 1674 1120 1716 m

145 1761 242 1817 testes
266 1773 350 1828 esse,
378 1771 452 1813 mox
474 1748 542 1812 fore
565 1748 696 1826 ultores„
726 1771 760 1813 se
787 1757 906 1827 tamen,
934 1760 1105 1833 utcumque

146 1847 240 1911 etiam
261 1867 346 1909 nuno
368 1843 527 1929 paenitere
550 1866 608 1907 sua
630 1852 741 1928 sponte
762 1840 895 1927 Aequos
918 1865 1018 1927 quam
1040 1841 1120 1931 pati?

7 1972 13 1980 ·
112 1964 127 2009 5
147 1941 229 2005 stilia
247 1939 349 2003 malle.
374 1939 401 2002 si
414 1937 580 2022 paeniteat,
599 1946 699 2002 tutum
714 1948 874 2024 receptum
888 1938 929 2003 ad
944 1949 1120 2024 expertam<

146 2034 295 2098 mentium
309 2033 385 2110 fore,
406 2032 454 2096 sin
467 2031 602 2116 periurio
616 2034 783 2119 gaudeant,
803 2033 851 2097 dis
866 2033 970 2119 magis
984 2033 1072 2098 iratis
1085 2052 1120 2116 qu

114 2152 128 2197 6
146 2126 291 2193 hostibus
309 2136 454 2214 gesturos
472 2125 599 2191 bellum.
626 2128 705 2191 haec
723 2127 806 2192 dicta
824 2128 903 2193 adeo
921 2127 1001 2192 nihil
1019 2147 1120 2193 morer

147 2244 352 2307 quemquam,
379 2231 415 2286 ut
436 2220 532 2308 legati
557 2245 655 2307 prope
681 2223 789 2286 violati
817 2223 880 2287 sint
907 2223 1118 2307 exercitusque

115 2316 303 2404 rAlgidum
330 2317 480 2381 adversus
503 2316 664 2382 Romanos
691 2317 817 2383 missus.
859 2340 941 2401 quae
968 2318 1026 2384 ubi
1048 2318 1120 2384 Rom

149 2423 221 2478 srmt
237 2412 392 2489 nuntiata,
420 2411 589 2498 indignitas
607 2413 653 2476 rei
670 2412 773 2498 magis
791 2435 887 2496 quam
908 2412 1120 2498 periculumc

148 2506 249 2572 sulem
267 2507 398 2571 alterum
417 2507 457 2571 ab
476 2506 554 2572 urbe
572 2507 696 2571 excivit.

211 2601 262 2664 Ita
280 2602 342 2664 duo
361 2601 541 2665 consulares
560 2601 714 2666 exercitus
734 2602 775 2666 ad
791 2603 915 2667 hostem
933 2620 1120 2669 accessereo

60 2735 62 2740 ν
114 2695 312 2772 sinstructa,
340 2705 376 2758 ut
398 2695 564 2760 confestim
586 2696 778 2762 dimicarent.
816 2697 873 2763 sed
896 2718 971 2763 cum
993 2698 1074 2763 forte
1092 2694 1120 2758 ht

146 2790 281 2853 multum
295 2789 357 2851 diei
372 2799 558 2874 superesset,
578 2814 660 2855 unus
675 2791 714 2857 ab
729 2793 862 2857 statione
871 2792 1014 2857 hostium
1029 2789 1120 2857 exclan

114 2905 129 2953 o
149 2891 319 2947 ‘ostentare
337 2883 397 2947 hoc
415 2892 472 2962 est,
490 2885 636 2965 Romani,
655 2909 719 2951 non
732 2908 840 2975 gerere
854 2887 984 2953 bellum.
1011 2889 1046 2952 in
1057 2892 1120 2952 noct

147 2976 350 3042 inminentem
368 2976 468 3043 aciem
485 2980 647 3046 instruitis.
674 2982 815 3068 longiore
828 2982 900 3048 luce
914 2984 956 3048 ad
970 2984 1004 3049 id
1014 2992 1120 3049 certam

148 3071 233 3156 quod
258 3071 368 3150 instat,
394 3073 487 3139 nobis
515 3097 594 3160 opus
622 3084 680 3140 est.
726 3076 862 3141 crastino
889 3076 941 3142 die
970 3078 1120 3143 orientes

97 3187 129 3236 10
146 3167 244 3232 redite
262 3167 296 3232 in
313 3167 421 3232 aciem.
458 3169 516 3234 erit
534 3170 625 3256 copia
641 3172 817 3257 pugnandi,
836 3193 876 3236 ne
895 3173 1025 3238 timete.'
1059 3171 1120 3236 hist

147 3261 237 3327 cibus
255 3261 398 3328 inritatus
416 3263 507 3329 miles
526 3265 559 3328 in
577 3265 661 3328 diem
673 3275 835 3350 posterum
847 3266 881 3330 in
895 3277 1002 3333 castra
1013 3262 1120 3334 reducit

146 3354 274 3440 longam
292 3358 398 3422 venire
415 3372 540 3423 noctem
557 3369 660 3437 ratus,
688 3382 770 3443 quae
792 3382 914 3426 moram
936 3359 1120 3428 certaminis?

148 3464 240 3513 ceret.
275 3459 342 3513 tum
360 3452 487 3534 quidem
505 3475 635 3539 corpora
653 3453 724 3520 cibo
742 3477 917 3539 somnoque
935 3469 1056 3524 curant

212 3541 279 3608 Ubi
300 3540 412 3610 inluxit
432 3557 559 3632 postero
581 3548 646 3626 die,
673 3548 760 3634 prior
777 3549 939 3633 aliquanto
959 3542 1120 3618 constitith

98 3658 128 3705 11
146 3654 241 3702 mana
264 3634 361 3718 acies,
388 3643 516 3708 tandem
539 3655 570 3709 et
586 3645 693 3730 Aequi
714 3668 907 3730 processere.
943 3638 1120 3734 proeliumt

147 3731 303 3817 utrimque
329 3737 512 3816 vehemens,
540 3741 626 3824 quod
648 3750 679 3804 et
701 3740 865 3807 Romanus
893 3743 942 3808 ira
964 3744 1120 3828 odioque}

146 3827 266 3914 gnabut
288 3839 319 3892 et
334 3828 467 3916 Aequos
491 3831 681 3900 conscientia
704 3837 855 3901 contracti
877 3838 974 3924 culpa
994 3833 1114 3926 periculi

146 3920 322 4009 desperatio
344 3925 469 3992 suturae
493 3924 553 3995 sibi
573 3942 684 4017 postea
704 3929 780 3996 fidei
802 3930 915 3998 ultima
937 3934 1053 3999 audere
1073 3939 1120 3995 etr

98 4014 241 4104 reperiri
268 4018 409 4106 cogebat.
449 4046 513 4088 non
539 4036 644 4092 tamen
671 4027 848 4093 sustinuere
874 4028 978 4096 aciem
1002 4029 1120 4095 Roman
