2566 4524
205 215 272 285 teo
524 226 722 285 rumosas
735 227 843 284 urum
856 226 921 286 xx.

510 476 713 538 PERIOGHA
732 477 841 537 LIBRI
860 478 934 539 XX.

257 624 367 683 Frlisci
385 641 448 680 cum
461 624 664 694 rebellassent,
684 629 764 681 sexto
783 625 830 681 die
846 625 1002 697 perdomiti
1017 626 1050 685 in
1068 628 1235 691 deditionem

205 707 355 761 venerunt
381 700 540 773 Spoletium
548 701 663 757 colonia
672 701 798 757 deducta
811 707 864 758 est
889 702 1031 760 adversus
1040 703 1234 779 Ligursstunc

205 780 329 854 primum
336 777 477 836 exercitus
484 783 634 850 promotus
643 783 697 834 est.
732 776 816 835 Sardi
825 785 855 835 et
864 777 947 835 Corsi
960 796 1026 836 cunr
1038 783 1231 855 rebellassent,

208 856 321 915 subacti
329 859 403 913 sunt.
437 855 637 928 Tuccisvirgo
645 854 772 913 Vestalis
780 855 885 913 incesti
893 857 1030 914 damnata
1046 864 1102 916 est
1135 861 1231 918 bellun

205 933 314 1008 Illyriis
321 937 440 1006 propter
446 949 534 988 unum
543 948 579 989 ex
591 931 712 1006 legatis,
731 931 827 1003 quisd
840 949 890 989 eos
903 933 984 989 missi
998 942 1100 1007 crant,
1119 937 1228 994 occisum

205 1011 411 1082 indictumest,
428 1008 979 1082 subactiqueindeditionemvenerunt.
1016 1020 1229 1082 praetorunnu·

205 1107 301 1147 merus
310 1087 462 1160 ampliatus
471 1091 528 1158 est,
545 1092 579 1142 ut
591 1093 688 1143 essent
701 1091 847 1160 quattuor.
883 1086 960 1144 Galli
971 1087 1172 1162 Transalpini,
1187 1091 1231 1162 qui

204 1167 236 1223 in
249 1166 363 1223 Italiam
378 1164 557 1235 inruperant,
575 1162 653 1220 oaesi
671 1168 744 1220 sunt
781 1180 816 1220 eo
834 1164 913 1221 bello
926 1165 1071 1237 populum
1084 1167 1233 1223 Romanum

206 1243 252 1298 sui
264 1242 417 1316 Latinique
431 1241 553 1298 nominis
566 1245 697 1299 trecenta
713 1240 792 1298 milia
809 1247 983 1298 mutatorum
1005 1242 1146 1301 babuisse
1164 1244 1232 1300 dicit

207 1321 378 1377 exercitibus
391 1319 528 1376 Romanis
545 1325 615 1376 tunc
631 1320 751 1391 primum
766 1325 847 1377 trans
860 1321 972 1376 Padum
992 1321 1091 1378 ductis
1105 1323 1179 1381 Galli
1193 1325 1231 1377 In·

207 1399 309 1456 subres
318 1398 429 1469 aliquot
441 1397 559 1468 procliis
568 1397 626 1453 fosi
634 1397 665 1453 in
676 1397 851 1454 deditionem
863 1404 1016 1455 venerum.
1054 1400 1096 1455 M.
1105 1400 1231 1456 claudius

205 1475 362 1532 Marcellus
384 1475 486 1531 consul
507 1474 604 1531 occiso
624 1473 773 1532 Gallorum
788 1474 952 1531 Insubrium
976 1476 1052 1532 duce
1070 1476 1231 1534 Virdomaro

207 1553 302 1624 opima
311 1553 404 1625 spolia
412 1552 516 1610 retulit.
551 1552 644 1609 Histri
653 1553 766 1610 subacti
775 1557 852 1609 sunt.
887 1552 957 1608 item
966 1552 1062 1626 Illyrii
1076 1555 1231 1611 cumrebel·
1271 1570 1273 1615 :

205 1630 329 1700 lassent,
349 1629 447 1685 domiti
464 1629 495 1684 in
514 1629 687 1687 deditionem
704 1635 854 1686 venerunt.
894 1629 1016 1686 lustrum
1035 1647 1055 1688 a
1072 1631 1232 1689 censoribus

205 1706 252 1764 bis
262 1707 408 1763 conditum
421 1713 477 1763 eet:
495 1707 586 1778 primo
600 1707 691 1762 lustro
706 1723 792 1763 censa
807 1711 874 1762 sunt
887 1705 993 1763 civium
1007 1707 1103 1779 capita
1116 1710 1232 1764 ducenta

205 1785 390 1859 septuaginta
398 1787 477 1843 milia
495 1787 618 1843 ducenta
632 1787 768 1842 tredecim
780 1784 848 1824 W*
860 1785 989 1841 libertini
1001 1785 1033 1841 in
1048 1793 1182 1860 quattuor
1189 1787 1228 1840 tri·

205 1863 261 1919 bus
274 1863 384 1920 redacti
397 1869 477 1936 sunt,
497 1880 560 1919 oum
573 1869 660 1921 autea
672 1863 794 1935 dispersi
807 1879 860 1934 per
869 1879 968 1919 omnes
982 1862 1121 1934 fuissent,
1136 1860 1226 1932 Esqui-

205 1940 307 2011 linam,
325 1940 499 2010 Palatinam,
519 1939 710 2011 Suburanam,
731 1939 878 1997 Collinam.
916 1937 959 2009 [0.
968 1938 1130 1996 Flaminius
1139 1954 1230 1996 censor

205 2018 471 2088 viamFlaminiam]
482 2017 584 2072 muniit
592 2024 621 2072 et
631 2017 736 2073 circum
744 2016 914 2073 Flaminium
923 2016 1074 2072 exstruxit
1109 2015 1229 2072 coloniae

206 2095 347 2193 deductae
356 2095 385 2149 in
394 2111 464 2166 agro
477 2095 538 2164 [de]
551 2093 643 2151 Gallis
653 2100 753 2166 cepto,
770 2092 921 2151 Placentia
930 2098 960 2149 et
969 2091 1132 2172 Cremona]
