2566 4524
254 253 257 259 ’
371 258 850 330 tlssERV1‚14.15.[a.c.385]
1057 251 1123 316 319
1195 273 1198 279 ·

94 422 313 509 quodcumque
336 417 398 485 sibi
419 439 492 483 oum
512 417 627 504 patria,
654 416 820 503 penatibus
842 417 978 506 publicis
1000 442 1038 486 ac
1059 422 1123 508 pri-

65 564 70 621 ᾗ
94 518 171 585 ratis
189 516 268 582 iuris
285 514 389 593 riserit,
407 513 441 578 id
459 508 531 579 cnm
548 535 613 579 uno
630 512 756 579 homine
775 536 855 580 esse.

153 611 218 678 His
240 609 372 676 vocibus
393 608 541 674 instincta
561 607 672 694 plebes
695 630 768 674 cum
788 609 853 674 iam
870 608 964 675 unius
985 610 1156 680 hominise

98 717 189 786 emet,
216 705 325 771 addita
341 703 404 770 aba
420 703 632 794 commotioris
649 704 690 768 ad
707 705 813 770 omnia
829 704 985 771 turbanda
1001 707 1123 772 consilii

98 825 151 869 res.
186 800 325 866 fundum
340 799 374 864 in
390 795 530 876 Veienti,
554 807 648 884 eaput
664 800 856 885 patrimonii,
884 799 1017 867 subiecit
1033 824 1123 890 prae-
1143 823 1175 872 10

101 897 176 963 coni:
196 901 251 960 ‘ne
260 890 524 979 quamvestrum'
539 893 642 978 inquit
660 891 825 976 ‘Quirites
839 895 940 961 donec
953 897 1122 980 quicquam

100 991 127 1057 in
149 1012 184 1056 re
205 1011 279 1055 mea
300 987 466 1073 supererit,
493 987 665 1052 iudicatum
686 988 886 1054 addictumve
909 990 982 1055 duci
1002 992 1122 1075 patiar?

79 1140 82 1145 .
101 1085 220 1151 idverc
233 1083 279 1149 ita
296 1082 439 1148 accendit
455 1081 587 1160 animos,
606 1091 642 1147 ut
657 1105 715 1168 per
732 1105 825 1149 omne
843 1083 892 1149 fas
910 1106 948 1150 ac
965 1085 1056 1150 nefas
1074 1108 1123 1150 se-

74 1220 77 1225 ·
103 1179 194 1245 saturi
210 1177 371 1244 vindicem
386 1175 539 1242 libertatis
557 1177 745 1242 viderentur.

160 1272 213 1339 Ad
229 1273 291 1338 hoc
313 1270 402 1337 domi
421 1271 630 1336 contionantis
650 1271 685 1337 in
705 1272 835 1337 modum
857 1294 1018 1338 sermones
1038 1273 1123 1360 pleni
1142 1296 1173 1344 11

103 1368 259 1434 eniminum
269 1366 304 1431 in
315 1373 435 1453 patres3
453 1364 534 1430 inter
546 1386 626 1449 quos
639 1388 711 1430 cum
725 1366 844 1432 omisso
857 1366 1036 1432 discrimine
1048 1389 1124 1433 vera

65 1502 70 1531 t
102 1486 135 1529 an
151 1485 234 1529 vana
248 1462 375 1540 moeret,
392 1455 557 1525 thesauros
573 1457 689 1526 Gallici
705 1461 773 1526 auri
787 1460 936 1527 occultari
949 1485 968 1526 a
980 1462 1122 1548 patribus

76 1558 80 1611 ἶ
102 1557 177 1637 iecit,
205 1578 266 1623 nec
288 1555 352 1622 iam
373 1554 573 1642 possidendis
594 1554 729 1639 publicis
753 1554 837 1642 agris
856 1565 1018 1623 contentos
1042 1579 1121 1634 esse,

102 1653 154 1718 nisi
169 1650 336 1738 pecuniam
354 1670 479 1734 quoqne
496 1648 658 1735 publicam
675 1659 830 1730 avertant3
850 1673 888 1715 ea
903 1672 954 1716 res
973 1652 1001 1716 si
1018 1652 1123 1738 palam

103 1745 161 1825 iat,
183 1745 306 1812 exsolvi
322 1743 449 1831 plebem
469 1764 541 1808 aere
559 1743 661 1810 alieno
680 1765 784 1829 posse.
821 1766 902 1828 quac
923 1745 979 1810 ubi
1000 1746 1122 1812 obiecta
1142 1768 1173 1814 12

103 1861 166 1926 apes
183 1847 247 1919 est,
274 1840 434 1905 enimvero
450 1838 617 1926 indignum
638 1838 761 1904 facinus
784 1838 898 1918 videri,
926 1861 999 1905 cum
1016 1840 1123 1906 confe-

102 1936 224 2001 rendum
242 1934 284 2000 ad
300 1934 516 2000 redimendam
537 1934 696 2000 civitatem
718 1930 858 2000 aGnllis
880 1956 992 2000 aurum
1013 1935 1122 2001 fuerit:

100 2029 208 2096 tributo
227 2028 436 2095 conlationem
452 2029 581 2107 factam,
598 2028 683 2094 idem
701 2051 813 2094 aurum
830 2051 871 2095 ex
887 2029 1031 2096 hostibus
1050 2052 1124 2118 cap-

102 2131 161 2191 tum
176 2125 211 2190 in
227 2146 403 2210 paucorum
421 2123 571 2209 praedam
594 2123 738 2189 cessisse.
776 2123 883 2207 itaque
905 2126 1122 2209 exsequeban-
1141 2146 1173 2194 13

104 2218 341 2304 turquaerendo,
360 2218 417 2284 ubi
429 2227 533 2284 tantae
546 2218 593 2283 rei
605 2218 725 2284 furtum
738 2218 954 2298 occultaretur,
974 2220 1120 2286 differen-

104 2312 177 2398 t'que
196 2323 229 2379 et
245 2323 385 2399 ternpore
403 2335 461 2378 sno
476 2335 510 2378 se
521 2313 731 2378 indicaturum
744 2313 859 2377 dicenti
873 2314 983 2378 ceteris
997 2315 1123 2380 omissis

102 2428 133 2475 ec
153 2430 263 2475 versae
286 2416 375 2474 erant
395 2408 537 2473 omnium
563 2429 670 2486 curae,
697 2406 945 2496 apparebatque,
972 2429 1031 2474 nec
1057 2410 1124 2475 veri

103 2500 200 2569 indicii
216 2502 504 2589 gretiam'medinm
520 2523 579 2566 nec
596 2501 670 2566 falsi
687 2502 894 2567 offensionem
911 2502 989 2567 fore.

155 2595 236 2663 XV.
275 2595 327 2662 lta
343 2596 505 2683 suspensis
523 2596 618 2662 rebus
636 2595 768 2661 dictator
789 2597 907 2662 accitus
926 2595 967 2662 ab
984 2597 1122 2663 exercitu
1142 2619 1156 2666 1
1279 2673 1281 2677 ,

65 2684 129 2815 {in
143 2691 254 2757 urbem
270 2692 366 2757 venit.
401 2701 528 2780 postero
551 2692 601 2757 die
620 2701 731 2774 senatu
752 2691 860 2757 habito
883 2715 956 2757 cum
973 2693 1049 2758 satis
1067 2715 1123 2779 pe-

65 2785 245 2887 p-ticlitatus
270 2787 448 2853 voluntates
473 2787 637 2853 hominum
664 2788 824 2854 discedere
851 2799 994 2854 senatum
1021 2789 1060 2855 ab
1088 2811 1123 2854 se

99 2882 259 2960 vetuisset,
278 2883 411 2968 stipatus
430 2904 468 2948 ea
484 2882 696 2960 multitudine,
720 2883 797 2948 sella
813 2883 848 2949 in
865 2884 991 2950 comitio
1008 2884 1121 2971 posita,

65 3044 75 3063 ι
97 2977 246 3044 viatorem
267 2978 308 3045 ad
324 2976 373 3043 M.
390 2977 548 3043 Manlium
569 2977 669 3057 misit3
696 2978 750 3062 qui
772 2978 932 3045 dictatoris
954 2979 1045 3044 iussu
1067 2998 1157 3045 tro-2

65 3066 68 3071 ’
97 3082 194 3152 catus,
212 3096 284 3141 cunr
298 3074 426 3161 signnm
439 3074 505 3140 suis
518 3074 666 3152 dedisset,
686 3073 797 3139 adesse
811 3083 977 3151 certamen,
997 3075 1122 3162 agmine

96 3165 215 3253 ingenti
231 3169 272 3234 ad
289 3169 426 3234 tribunal
441 3169 536 3234 venit
571 3169 645 3234 hinc
663 3177 800 3246 senatus,
818 3167 891 3231 hinc
908 3165 1009 3253 plebs,
1029 3189 1122 3231 suum
1141 3189 1156 3236 e

95 3261 227 3348 quisque
243 3262 403 3330 intuentes
418 3264 544 3343 ducem,
567 3263 654 3329 velut
670 3264 703 3329 in
721 3263 788 3328 acie
807 3261 1017 3328 constiterant.
1054 3270 1122 3325 tum
1139 3281 1157 3329 4

95 3357 227 3423 dictator
244 3357 367 3425 silentio
384 3358 482 3424 facto:
507 3357 664 3437 ‘utinam,'
685 3358 787 3442 inquit
810 3356 901 3422 ‘mihi
917 3355 1122 3443 patribusque

95 3449 248 3518 Romanis
263 3453 310 3519 ita
325 3453 366 3519 de
383 3454 495 3520 ceteris
512 3453 608 3519 rebus
626 3474 699 3518 cum
714 3452 808 3539 plebe
821 3452 995 3532 conveniat,
1014 3475 1124 3538 quern-

95 3546 267 3613 admodum
288 3548 374 3632 quod
395 3549 437 3614 ad
457 3557 489 3614 te
511 3547 621 3613 attinet
643 3569 775 3631 eamque
800 3570 881 3626 rem,
909 3569 1004 3632 quam
1030 3548 1069 3612 de
1092 3557 1123 3612 te
1250 3570 1256 3579 ·

95 3663 165 3707 cnm
188 3641 403 3727 quaesiturus,
429 3651 656 3709 conventurum
678 3642 754 3707 satis
777 3642 910 3708 confido.
950 3664 1039 3728 spem
1056 3641 1123 3707 fac·
1141 3663 1157 3710 5

95 3743 159 3803 tam
177 3759 198 3802 a
213 3746 246 3802 te
263 3737 381 3807 civitati
397 3738 500 3817 video,
517 3737 579 3804 fide
593 3736 743 3803 incolumi
757 3759 797 3802 ex
811 3736 967 3803 thesauris
980 3734 1121 3814 Gallicis,

95 3849 175 3912 quos
200 3830 355 3917 primores
381 3842 506 3919 patrum
532 3832 701 3910 occultent,
733 3831 885 3896 creditum
912 3830 991 3897 solvi
1016 3850 1120 3916 posse.

97 3925 146 3991 cui
164 3947 226 4013 ego
242 3925 289 3991 rei
305 3935 427 3992 tantum
445 3927 549 4006 abest,
575 3936 611 3992 ut
627 3927 839 4014 inpedimento
862 3927 935 4004 sim,
962 3931 1123 3990 utcontra

99 4027 136 4101 te,
154 4021 204 4087 M.
222 4021 335 4102 Manli,
352 4023 507 4102 adhortor,
527 4022 641 4089 liberes
658 4022 788 4088 faenore
804 4019 929 4108 plebem
946 4019 1123 4085 Romanam
