2566 4524
346 247 464 302 urana
479 247 516 318 v,
534 248 576 303 aa.
589 248 631 304 39.
651 249 730 318 [ac.
741 249 804 319 aso]
1025 233 1092 300 289

84 407 141 473 fore.
182 407 262 472 adeo
279 427 343 471 non
360 405 485 471 fortuna
503 406 610 484 modo,
636 407 692 472 sed
708 406 786 472 ratio
809 407 903 472 etiam
927 428 998 472 cum
1021 407 1094 474 bar-

84 501 147 566 baris
164 502 276 567 stabat
302 501 336 564 in
354 501 451 565 altera
464 500 530 565 acie
544 501 622 564 nihil
636 502 736 566 simile
749 502 911 579 Romanis,
930 526 992 568 non
1007 504 1092 589 apud
1110 523 1126 572 5

84 597 167 673 duces,
185 619 249 660 non
267 595 352 680 apud
369 596 483 660 milites
502 606 576 660 erat.
612 618 711 681 pavor
728 597 867 683 fugaque
885 606 1092 683 occupaverat

82 691 182 757 animos
196 701 227 756 et
240 701 327 754 tanta
340 690 480 754 omnium
494 690 620 769 oblivio,
639 701 674 755 ut
687 691 785 756 multo
800 692 899 756 maior
910 714 983 777 pars
993 691 1090 757 Veios

83 784 244 851 inhoatium
257 784 378 863 urbem,
397 807 469 849 cum
485 785 609 851 Tiberis
623 797 752 864 arceret,
771 808 867 870 quam
883 797 969 851 recto
983 786 1092 852 itinere

82 877 196 944 Romam
214 880 255 944 ad
274 880 423 966 coniuges
442 901 479 944 ac
496 880 611 945 liberos
633 880 788 966 fugerent.
833 904 1001 967 parumper
1019 880 1094 947 sub-
1112 902 1126 950 6

81 972 205 1039 sidiarios
224 984 344 1038 tutatus
367 983 417 1037 est
438 973 540 1038 locus:
566 974 600 1038 in
621 974 741 1059 reliqua
764 976 830 1040 acie
849 975 942 1040 simul
965 985 1013 1040 est
1031 976 1094 1041 ola-

80 1089 133 1132 nor
148 1069 298 1154 proximis
317 1067 356 1132 ab
374 1067 482 1145 latere,
500 1068 618 1132 ultimis
632 1068 672 1134 ab
687 1079 776 1155 tergo
794 1069 929 1146 auditus,
948 1070 1093 1155 ignotum

79 1162 184 1228 hostem
201 1164 288 1249 prius
306 1185 406 1247 paene
424 1185 519 1246 quam
537 1164 690 1241 viderent,
714 1187 778 1228 non
795 1165 889 1229 modo
911 1187 976 1228 non
993 1174 1093 1249 temp-

78 1266 132 1322 tato
150 1257 332 1334 certamine,
361 1257 478 1321 sedne
501 1257 636 1322 clamore
662 1259 790 1341 quidem
816 1259 952 1335 reddito,
978 1256 1094 1343 integri

77 1350 233 1436 intactique
262 1351 419 1438 fugerunt.
469 1374 527 1415 nec
553 1351 618 1416 ulla
644 1354 755 1416 caedes
783 1352 990 1439 pugnantium
1020 1352 1128 1419 fuittr

77 1456 152 1533 terga
169 1469 262 1510 caesa
280 1455 403 1509 suomet
420 1445 560 1530 ipsorum
579 1447 747 1510 certamine
769 1447 802 1511 in
821 1446 911 1510 turba
932 1445 1095 1531 inpedien-

77 1540 141 1604 ium
159 1539 279 1626 fugam.
325 1539 407 1603 circa
423 1539 525 1624 ripam
543 1539 681 1617 Tiberis,
706 1562 768 1624 quo
787 1540 881 1605 armis
900 1540 1029 1604 abiectis
1048 1548 1096 1604 to-
1113 1558 1129 1607 8

77 1659 131 1700 um
158 1635 320 1699 sinistrum
347 1656 444 1698 cornu
469 1633 605 1719 defugit,
632 1645 759 1720 magna
775 1645 895 1721 strages
923 1633 1006 1698 facta
1033 1643 1095 1712 est3

77 1729 241 1812 nultosque
259 1729 407 1812 inperitos
420 1728 517 1792 nandi
530 1738 584 1792 aut
596 1728 750 1794 invalidos
765 1751 878 1816 graves
892 1726 995 1792 loricis
1011 1728 1095 1792 aliis-

77 1847 124 1910 que
142 1823 333 1912 tegminibus
352 1823 485 1888 hausere
502 1824 654 1911 gurgites.
682 1824 819 1888 maxima
836 1834 941 1888 tamen
958 1847 1031 1909 pars
1046 1823 1094 1886 in·
1113 1843 1128 1890 9

77 1919 195 1986 plumis
205 1917 303 1983 Veios
317 1917 465 2004 perfugit,
484 1918 567 1982 unde
576 1939 640 1983 non
648 1919 742 1983 modo
754 1919 902 2004 praesidii
916 1917 1093 2001 quicquam,

77 2015 123 2080 red
138 2036 177 2078 ne
195 2013 323 2076 nuntius
342 2012 469 2097 quidem
487 2012 584 2077 cladis
598 2013 734 2077 Romam
749 2023 797 2078 est
809 2013 936 2077 missus.
964 2011 1004 2077 ab
1019 2010 1094 2076 dex·
1114 2029 1146 2078 10

77 2131 112 2174 ro
129 2131 237 2184 cornu,
256 2108 341 2190 quod
358 2106 467 2192 procul
485 2130 504 2171 a
521 2107 649 2172 flumine
667 2118 698 2171 et
715 2108 817 2194 magis
837 2107 896 2173 sub
914 2118 1019 2172 monte
1033 2115 1096 2172 ste-

77 2214 157 2280 erat,
186 2203 322 2266 Romam
340 2224 447 2266 omnes
465 2202 582 2287 petiere
605 2212 636 2266 et
653 2224 692 2266 ne
715 2201 829 2266 clausis
853 2201 979 2285 quidem
996 2201 1095 2285 portis

77 2297 150 2363 ubis
168 2297 203 2360 in
221 2319 323 2359 arcem
343 2295 560 2381 confugerunt.

127 2390 353 2456 XXXVIIII.
382 2387 491 2455 Gallos
510 2413 635 2474 quoque
652 2391 739 2455 velut
752 2389 987 2475 obstupefactos
1001 2389 1095 2452 mira—
1115 2407 1128 2454 1

77 2485 171 2551 aulum
184 2485 331 2549 victoriae
345 2495 408 2549 tam
423 2485 602 2570 repentinae
616 2485 725 2548 tenuit.
749 2494 780 2548 et
792 2484 853 2569 ipsi
867 2505 982 2569 pavore
1001 2480 1097 2545 defixi

77 2581 202 2664 primum
221 2589 371 2643 steterunt
388 2578 475 2642 velut
491 2578 602 2664 ignari,
622 2578 698 2662 quid
716 2578 881 2642 accidisset
887 2602 896 2656 3
918 2577 1031 2640 deinde
1049 2574 1097 2638 in-

77 2674 163 2739 sidias
182 2673 296 2751 vereri;
317 2683 476 2758 postremo
499 2695 662 2737 caesorum
681 2674 780 2758 spolia
797 2672 901 2760 legere
925 2693 1097 2736 armorum-

77 2789 130 2851 que
147 2767 303 2844 cumulos,
331 2777 367 2831 ut
388 2790 457 2831 mos
480 2767 525 2831 eis
545 2776 607 2844 est,
635 2789 828 2831 coacervare.
873 2781 940 2830 tum
958 2766 1130 2841 demuma

77 2874 234 2947 postquam
252 2861 330 2926 nihil
347 2884 482 2944 usquam
500 2861 613 2927 hostile
636 2861 834 2940 cemebatur‚
862 2862 946 2925 viam
963 2859 1099 2946 ingressi

77 2952 155 3020 haud
171 2957 268 3022 multo
287 2966 359 3022 ante
378 2956 452 3020 solis
471 2978 619 3021 occasum
641 2957 682 3020 ad
704 2955 814 3020 urbem
831 2956 967 3020 Romam
989 2977 1100 3040 perve-

77 3048 168 3114 niunt
211 3050 266 3116 ubi
293 3071 365 3114 cum
390 3050 568 3135 praegressi
595 3050 715 3132 equites
742 3073 805 3114 non
830 3060 936 3134 portas
964 3048 1097 3124 clausas,

82 3146 315 3210 metationem
337 3145 513 3229 proportio
536 3144 705 3221 excubare,
728 3167 792 3208 non
814 3152 950 3207 armatos
973 3163 1044 3206 esse
1065 3140 1099 3202 in

81 3237 170 3302 muris
186 3239 391 3316 rettulissent,
414 3239 499 3302 aliud
516 3237 612 3324 priori
630 3239 731 3304 simile
748 3237 933 3302 miraculum
956 3257 1010 3300 eos
1030 3257 1100 3298 sus-

82 3329 179 3411 tinuit3
199 3345 385 3417 noctemque
403 3332 493 3397 veriti
511 3343 541 3397 et
558 3333 683 3419 ignotae
703 3333 796 3398 situm
813 3331 914 3408 urbis,
937 3331 1018 3394 inter
1035 3328 1101 3393 Ro-
1119 3346 1134 3394 3

83 3442 158 3490 marn
174 3439 266 3513 atque
278 3427 437 3492 Anienem
450 3428 618 3492 consedere
633 3427 880 3513 exploratoribus
894 3426 1000 3490 missis
1019 3425 1101 3488 cirea

84 3522 197 3586 moenia
216 3523 356 3606 aliasque
378 3533 499 3608 portas,
527 3545 682 3606 quaenam
703 3522 847 3587 hostibus
870 3523 903 3586 in
924 3520 1045 3607 perdita
1067 3540 1101 3581 re

84 3615 202 3681 consilia
218 3626 333 3683 essent.
377 3617 526 3695 Romani,
552 3640 624 3682 cum
641 3640 714 3703 pars
732 3617 832 3681 maior
854 3639 894 3681 ex
917 3616 984 3680 acie
1002 3613 1100 3678 Veios
1119 3630 1136 3677 4

88 3707 203 3785 petisset
216 3711 324 3796 (quam
337 3711 497 3794 Romam),
516 3734 609 3776 nemo
623 3733 787 3797 superesse
805 3732 994 3794 quemquam
1011 3729 1100 3793 prae·

90 3800 133 3861 ter
145 3824 193 3868 cos
210 3807 264 3890 qui
281 3806 418 3872 Romam
439 3806 621 3892 refugerant
644 3806 817 3883 crederent,
842 3802 1013 3890 conplorati
1035 3824 1102 3865 om-

94 3904 141 3991 }208
157 3900 268 3983 pariter
288 3900 353 3965 vivi
374 3901 550 3983 mortuique
573 3912 670 3966 totam
696 3923 794 3986 prope
821 3899 931 3964 urbem
956 3893 1101 3960 lamentis

95 3986 279 4089 ul[laverunt.
327 3995 465 4083 privatos
497 3996 609 4060 deinde
635 3995 738 4060 luctus
766 3992 932 4080 stupefecit
956 3987 1136 4075 publicust

142 4104 182 4153 tar
193 4112 234 4156 vol.
244 4111 261 4155 l.
896 4092 928 4144 19
