2566 4524
328 267 446 324 amun
461 267 531 339 vn,
548 265 592 322 41.
604 266 647 324 42.
666 266 819 341 [acels]
975 291 977 295 ν
1026 257 1091 326 396

69 428 149 497 >rimi
164 427 224 516 pili
242 425 409 515 appellant.
436 424 510 491 huic
527 425 643 490 infensi
660 426 774 492 milites
788 437 889 508 erant,
908 430 995 515 quod
1007 451 1126 503 sem-s

69 547 112 591 ter
120 524 307 591 adversatus
316 519 408 587 novis
422 518 560 586 consiliis
574 518 689 586 fuisset
701 529 742 600 et,
756 544 797 587 ne
809 522 966 610 particeps
981 546 1090 592 eorum

69 627 155 699 sset,
175 615 260 703 (qui)
274 615 315 682 ab
327 613 476 681 Lautulis
490 611 685 703 fugisse(n)t.
712 615 818 700 itaque
832 637 905 683 cum
917 617 978 684 hoc
990 640 1090 685 unum
1107 639 1123 689 7

69 721 186 802 ›ropter
196 708 415 778 Saloniumab
429 717 540 777 senatu
548 731 613 776 non
621 709 848 797 impetraretur,
863 720 930 778 tum
941 709 1088 781 Salonius

69 808 235 876 btestatus
244 814 349 894 putres
358 804 563 891 conscriptos,
575 826 615 870 ne
624 827 718 870 suum
726 805 878 872 honorem
885 807 984 895 pluris
994 830 1090 893 quam

69 900 258 970 oncordiam
271 898 406 966 civitatis
420 894 629 979 aestimarent,¹
642 899 788 987 perpulit,
803 910 838 967 ut
848 901 883 966 id
892 923 1017 988 quoque
1026 902 1090 968 fer·

69 1007 150 1065 etur.
170 1016 274 1082 aeque
286 994 431 1082 inpotens
440 993 633 1081 postulatum
646 993 716 1074 fuit,
729 1004 766 1060 ut
778 995 818 1061 de
832 994 987 1084 stipendio
1001 998 1089 1082 equi·
1105 1015 1123 1066 8

68 1115 120 1160 rm
135 1126 181 1140 -—
195 1087 359 1156 merebant
375 1097 480 1154 autem
497 1087 611 1175 triplex
629 1111 667 1154 ea
684 1097 871 1176 tempestate
883 1127 926 1139 -
943 1113 1017 1158 aera
1034 1091 1089 1156 de-

68 1194 226 1264 serentur,
245 1184 332 1268 quod
348 1182 506 1249 adversati
522 1182 728 1250 coniurationi
745 1183 889 1251 fuissent.

117 1276 318 1347 XXXXIL
353 1276 486 1344 Praeter
505 1275 585 1344 haec
605 1276 732 1344 invenio
750 1279 835 1366 apud
852 1277 1021 1365 quosdam,
1044 1279 1086 1345 L.
1107 1299 1121 1348 1

68 1372 239 1442 ienucium
251 1369 411 1438 tffbunum
423 1370 525 1459 plebis
538 1371 649 1439 tulisse
661 1373 702 1438 ad
714 1372 854 1460 plebem,
873 1396 913 1439 ne
926 1372 1088 1441 faenerare

68 1477 178 1549 ceret3
206 1467 283 1534 item
304 1465 374 1534 aliis
395 1465 482 1555 plebi
504 1465 591 1533 scitis
617 1474 758 1550 cautum,
786 1489 826 1535 ne
853 1468 924 1553 quis
951 1467 1121 1536 eundema

68 1564 277 1654 mgistratum
298 1561 379 1628 intra
400 1562 511 1628 decem
532 1584 631 1629 annos
654 1573 779 1649 caperet
799 1586 862 1630 neu
884 1565 964 1631 duos
986 1566 1088 1654 magi-

68 1669 174 1727 trntus
197 1679 262 1723 uno
284 1678 366 1723 anno
388 1666 524 1745 gereret,
551 1656 659 1741 utique
680 1656 788 1724 liceret
809 1659 954 1725 consules
976 1658 1088 1726 ambos

68 1753 199 1822 lebeios
217 1753 324 1819 creari.
352 1771 433 1836 quae
451 1750 479 1817 si
496 1752 602 1818 omnia
619 1772 770 1817 concessa
788 1761 861 1818 sunt
872 1752 971 1839 plebi,
991 1775 1088 1840 appa

67 1859 112 1930 et,
136 1847 227 1914 haud
243 1868 359 1934 parvas
375 1846 459 1913 vires
478 1845 686 1912 defectionem
703 1844 862 1912 habuisse.
898 1845 968 1912 aliis
990 1867 1120 1919 anna-e

67 1944 139 2012 bus
151 1940 313 2030 proditum
326 1949 384 2020 est,
401 1962 506 2026 neque
518 1940 703 2007 dictatorem
711 1938 873 2007 Valerium
887 1941 1015 2021 dictum,
1031 1940 1089 2008 sed

67 2062 113 2106 »er
131 2036 277 2104 consules
294 2058 421 2102 omnem
437 2058 505 2102 rem
518 2044 635 2115 actam,
653 2057 756 2120 neque
769 2046 938 2123 antequam
950 2036 1087 2104 Romam
1201 2069 1206 2084 ·

67 2133 226 2210 uniretur,
246 2128 303 2196 sed
319 2128 441 2196 Romae
459 2152 529 2195 eam
546 2129 778 2196 multitudinem
796 2131 1028 2198 coniuratorum
1046 2131 1087 2197 ad

67 2249 145 2294 rma
161 2233 394 2292 consternatam
412 2245 496 2303 esse,
514 2244 575 2290 nec
590 2224 624 2289 in
638 2222 677 2288 T.
692 2222 822 2307 Quincti
838 2224 959 2303 villam,
979 2225 1036 2291 sed
1052 2226 1086 2289 in
1104 2245 1122 2295 4

67 2322 143 2390 edis
158 2317 200 2387 C.
209 2317 312 2386 Manli
323 2329 415 2385 nocte
428 2318 581 2406 impetum
593 2317 714 2384 factum
727 2339 862 2402 eumque
880 2342 900 2383 a
917 2318 1085 2384 coniuratis

68 2413 322 2504 onprehensum,
349 2423 385 2478 nt
405 2414 471 2479 dux
492 2413 594 2491 fieret,
620 2413 695 2479 inde
716 2413 758 2478 ad
779 2421 924 2497 quartum
949 2411 1087 2499 lapidem

66 2511 216 2578 ›rofectos
233 2507 304 2575 loco
320 2508 441 2574 munito
459 2507 655 2586 consedisse3
677 2529 736 2573 nec
753 2507 794 2573 ab
808 2506 941 2573 ducibus
954 2507 1086 2571 mentio-
1103 2526 1121 2577 o

66 2627 130 2672 rem
148 2602 335 2672 concordiae
353 2611 466 2682 ortam,
487 2603 545 2668 sed
556 2611 698 2689 repente,
718 2623 791 2667 oum
807 2602 841 2666 in
858 2601 957 2667 aciem
975 2600 1086 2665 armati

66 2699 216 2767 uercitus
234 2698 475 2785 processissent,
495 2696 715 2764 salutationem
732 2695 849 2763 factam
866 2704 898 2762 et
914 2695 1085 2783 permixtos
1105 2716 1120 2767 6

66 2791 185 2863 lextras
208 2792 338 2880 iungere
360 2814 398 2858 ao
420 2791 572 2879 conplecti
594 2792 675 2857 inter
697 2813 731 2856 se
753 2790 951 2858 lacrimantes
973 2789 1086 2856 milites

66 2888 216 2977 cepisse,
245 2895 430 2971 coactosque
457 2886 617 2965 consules,
648 2908 721 2951 cum
746 2887 888 2952 viderent
914 2908 1041 2952 aversos
1068 2909 1088 2950 a

66 2979 259 3051 limioatione
280 2981 414 3047 militum
436 2982 571 3061 animos,
594 2981 751 3047 rettulisse
773 2981 815 3046 ad
831 2990 936 3067 patres
954 2981 994 3046 de
1013 3002 1087 3046 con·

66 3077 166 3146 :ordia
185 3076 424 3142 reconcilianda.
469 3075 548 3144 adso
569 3075 648 3141 nihil
663 3084 883 3163 praeterquam
902 3075 1086 3140 seditionem
1104 3097 1121 3144 t

66 3168 162 3239 'uisse
182 3192 315 3255 eamque
338 3172 531 3259 conpositam
552 3171 634 3237 inter
651 3171 799 3257 ,antiquos
821 3189 926 3234 rerum
943 3175 1086 3232 suctores

68 3273 192 3336 onstat
221 3275 253 3331 et
264 3265 358 3331 huius
376 3265 461 3331 fama
479 3265 640 3332 seditionis
658 3273 691 3330 et
708 3272 890 3350 susceptum
908 3283 980 3327 cum
994 3257 1087 3326 Sam·
1104 3280 1121 3331 8

65 3362 174 3432 itibus
193 3382 291 3448 grave
307 3359 426 3425 bellum
444 3360 562 3446 aliquot
578 3359 713 3447 populos
727 3358 767 3424 ab
780 3357 924 3424 Romana
938 3356 1086 3422 societate

65 3457 183 3536 vertit,
203 3463 236 3520 ct
252 3467 374 3541 praeter
387 3455 576 3521 Latinorum
593 3454 725 3519 infidum
742 3455 806 3519 iam
824 3452 878 3520 diu
890 3452 1004 3519 foedus
1017 3450 1088 3517 Pri-

65 3561 204 3624 ernates
226 3550 320 3616 etiam
337 3549 477 3616 Norbam
500 3560 593 3635 atque
612 3546 746 3627 Setiam,
769 3549 929 3615 finitumae
948 3547 1086 3615 colonias

65 3652 233 3726 iomanas,
253 3644 430 3711 incursione
448 3643 552 3712 subita
569 3643 749 3730 depopulati
768 3654 849 3709 sunt.

467 3860 682 3874 m
