2566 4524
347 221 465 277 cuasa
481 222 523 294 x,
543 222 635 279 rara.
654 222 805 295 [accam
1033 215 1098 284 513

65 388 176 446 mutua
198 375 322 444 reddita
344 399 417 444 cum
438 378 565 446 obviam
587 402 733 470 egressus
756 392 854 449 esset:
878 384 974 450 ‘satin
991 386 1098 468 salve,'

64 474 167 561 inquit
186 472 243 540 ‘L.
256 470 429 540 Volumni?
449 484 484 539 ut
503 496 573 541 sese
590 475 624 539 in
642 473 773 543 Samnio
790 500 840 544 res
858 477 994 545 habent?
1014 502 1097 565 quae

64 587 96 638 te
113 592 214 635 causa
230 577 266 634 ut
282 566 445 655 provincia
463 578 518 635 tua
535 569 702 636 excederes
725 571 880 639 induxiti'
906 573 1095 643 Volumnius
1114 595 1147 645 12

62 665 96 732 in
120 661 255 731 Samnio
280 684 332 728 res
357 684 524 751 prosperas
552 686 623 730 esse
650 664 707 745 ait,
733 665 844 733 litteris
867 667 934 735 eius
961 668 1095 735 accitum

62 758 207 839 venisse3
234 780 316 844 quae
339 758 367 825 si
388 757 488 825 falsae
510 758 627 825 fuerint
648 782 708 828 nec
729 784 806 828 usus
825 762 874 829 sui
892 763 933 829 sit
949 764 983 829 in
999 763 1096 829 Etru-

61 857 154 934 riam,
173 852 332 942 extemplo
346 853 505 945 conversis
524 855 623 942 signis
636 854 802 922 abiturum.
831 863 879 923 ‘tu
892 881 967 925 vero
980 857 1095 939 abeas,’
1115 880 1145 929 18

61 950 167 1039 inquit
191 956 307 1035 ‘neque
325 958 357 1015 te
374 949 542 1035 quisquam
564 960 716 1016 moratur:
743 950 858 1016 etenim
876 952 1002 1019 minime
1021 977 1095 1021 con-

61 1055 251 1113 sentaneum
270 1053 327 1124 est,
347 1066 420 1110 cum
438 1043 520 1110 bello
538 1054 592 1110 tuo
610 1045 742 1112 forsitan
754 1045 809 1111 vix
827 1046 976 1127 sufficias,
994 1048 1046 1115 hic
1063 1059 1093 1115 te

60 1141 103 1207 ad
128 1163 224 1228 opem
241 1138 405 1205 ferendam
423 1138 493 1206 aliis
515 1140 642 1228 gloriari
660 1141 805 1207 venisse?
838 1140 918 1209 bene
937 1143 1092 1209 Hercules
1112 1163 1145 1211 14

62 1243 211 1313 verteret,
226 1233 331 1301 dicere
339 1232 545 1300 Volumnius:
563 1234 657 1302 malle
675 1236 791 1302 frustra
808 1259 935 1323 operam
952 1237 1093 1326 insump-

59 1340 128 1396 tam
151 1351 248 1414 quam
270 1328 440 1414 quicquam
461 1329 624 1409 incidisse,
649 1353 705 1395 cur
721 1354 784 1397 non
802 1332 878 1398 satis
896 1342 980 1399 esset
996 1332 1093 1400 Etru-

57 1425 126 1491 riae
146 1446 229 1490 unus
248 1422 421 1490 consularis
440 1424 604 1490 exercitus.

125 1516 279 1584 xvml.
310 1515 534 1607 Digredientes
552 1518 616 1585 iam
633 1519 778 1586 consules
795 1519 892 1608 legati
914 1520 1091 1607 tribunique
1111 1539 1124 1588 1

58 1611 263 1701 exAppiano
273 1614 411 1680 exercitu
421 1613 667 1681 circumsistunt:
685 1639 758 1703 pars
770 1616 988 1703 imperatorem
998 1640 1092 1683 suum

59 1730 165 1786 orare,
186 1729 226 1773 ne
244 1706 567 1796 collegaeauxilium,
586 1709 671 1794 quod
687 1709 872 1776 acciendum
888 1711 969 1777 ultro
987 1710 1090 1789 fuerit,

58 1827 120 1870 sua
139 1812 252 1889 sponte
271 1801 411 1870 oblatum
429 1814 640 1891 spemeretur3
657 1803 763 1892 plures
781 1804 907 1871 abeunti
920 1804 1090 1871 Volumnio
1108 1822 1124 1870 t

58 1897 232 1976 obsistere,
251 1896 415 1978 obtestari,
439 1921 478 1965 ne
495 1921 594 1986 pravo
612 1921 684 1964 cum
702 1898 823 1987 collega
840 1900 1007 1966 certamine
1024 1921 1091 1964 rem

55 1991 223 2081 publicam
238 1993 360 2079 prodat
388 1993 415 2059 si
433 2015 496 2078 qua
514 1993 618 2059 clades
637 1993 806 2075 incidisset,
822 1995 971 2061 desertori
989 1994 1090 2083 magis

55 2110 159 2174 quam
178 2086 302 2153 deserto
319 2086 432 2153 noxiae
450 2086 527 2153 fore.
555 2109 677 2154 eorem
695 2089 872 2168 adductam,
890 2099 926 2154 ut
944 2089 1029 2155 omni
1045 2089 1091 2155 rei
1109 2106 1124 2156 a

56 2181 143 2249 bene
161 2191 217 2247 aut
236 2201 327 2248 secus
345 2191 454 2268 gestae
471 2182 504 2246 in
516 2181 646 2247 Etnuia
663 2183 759 2248 decus
778 2184 976 2268 dedecusque
994 2185 1035 2249 ad
1047 2184 1089 2249 L.

55 2274 268 2342 Volumnium
291 2275 331 2342 sit
353 2275 541 2364 delegatum.
580 2276 737 2341 neminem
758 2277 986 2362 quaesiturum,
1009 2299 1091 2362 quae

57 2368 158 2436 verba
169 2368 273 2457 Appi,
292 2369 349 2435 sed
366 2391 447 2454 quae
465 2369 591 2436 fortuna
608 2371 762 2436 exercitus
780 2370 882 2436 fuerit.
919 2370 1033 2436 dimitti
1050 2370 1090 2438 ab
1107 2384 1125 2434 4

54 2464 170 2553 Appio
188 2487 274 2542 eum,
298 2464 356 2530 sed
373 2488 392 2530 a
408 2488 442 2530 re
459 2464 587 2553 publica
605 2475 635 2530 et
653 2463 693 2530 ab
712 2465 849 2530 exercitu
869 2465 1010 2544 retineri3
1037 2488 1091 2532 ex-

54 2560 215 2651 periretur
240 2560 334 2625 modo
356 2558 549 2625 voluntatem
570 2560 713 2624 militum.
753 2559 832 2626 haec
852 2560 1008 2625 monendo
1035 2559 1124 2626 ob-5

55 2653 269 2739 testandoque
291 2676 389 2742 prope
410 2653 587 2719 restitantes
610 2653 754 2720 consules
771 2654 806 2719 in
823 2654 999 2720 contionem
1020 2676 1091 2741 per-

54 2758 232 2816 traxerunt
264 2748 309 2815 ibi
323 2748 478 2815 orationes
491 2748 649 2837 longiores
661 2749 786 2816 habitae
799 2749 833 2816 in
847 2749 977 2816 eandem
992 2749 1090 2815 ferme

56 2843 264 2923 sententiam,
285 2843 320 2909 in
337 2865 433 2929 quam
450 2843 531 2909 inter
551 2867 669 2931 paucos
688 2854 839 2912 certatum
855 2843 960 2911 verbis
978 2844 1089 2911 fuerat.

57 2948 90 3005 et
109 2961 185 3003 cum
197 2936 398 3017 Volumnius,
418 2959 514 3003 causa
531 2939 681 3024 superior,
699 2963 739 3005 ne
756 2939 944 3006 infacundus
963 2939 1089 3025 quidem
1109 2955 1124 3004 6

56 3033 216 3099 adversus
234 3032 383 3098 eximiam
401 3032 610 3118 eloquentiam
628 3033 766 3120 collegae
784 3033 871 3098 visus
891 3044 974 3098 esset
996 3034 1091 3098 cavil-
1110 3053 1124 3098 7

55 3126 195 3213 lausque
203 3125 331 3215 Appius
350 3126 410 3195 sibi
428 3137 593 3215 acceptum
610 3128 725 3194 referre
738 3128 855 3193 diceret
868 3125 991 3206 debere,
1006 3128 1091 3212 quod
1131 3140 1134 3145 ’

55 3246 100 3289 ex
123 3232 212 3288 muto
234 3232 328 3308 atque
351 3220 469 3309 elingui
494 3223 666 3288 facundum
692 3222 785 3288 etiam
812 3221 973 3288 consulem
993 3219 1090 3286 habe-

53 3326 139 3396 rent,
157 3316 261 3404 priore
275 3315 440 3382 consulatu
456 3317 565 3404 primis
579 3318 687 3403 utique
704 3315 864 3383 mensibus
882 3315 1003 3381 hiscere
1017 3337 1090 3380 eum

54 3409 223 3496 nequisse,
251 3410 423 3476 nunciam
449 3411 610 3499 popularis
637 3412 793 3477 orationes
822 3433 942 3477 serere:
976 3415 1123 3496 ‘quomo

52 3503 201 3573 mallem’
223 3505 325 3592 inquit
340 3504 531 3572 Volumnius
556 3513 603 3572 ‘tu
621 3530 641 3572 a
657 3529 708 3572 me
727 3515 850 3572 strenue
872 3505 976 3572 facere
994 3529 1090 3593 quam

54 3622 121 3688 ego
139 3598 197 3666 abs
215 3609 247 3666 te
265 3599 343 3666 scite
359 3599 446 3686 loqui
464 3599 676 3684 didicissem!-
697 3610 856 3688 postremo
874 3602 1090 3669 condicionem

54 3694 157 3774 ferre,
179 3717 261 3780 quae
284 3694 447 3761 decretura
474 3697 527 3775 sit,
555 3719 618 3761 non
641 3706 744 3762 orator
761 3733 803 3743 -
822 3719 925 3784 neque
948 3698 1031 3764 enim
1056 3697 1089 3761 id

54 3788 238 3855 desiderare
256 3811 322 3855 rem
339 3788 498 3877 publicam
508 3827 560 3869 —,
575 3791 632 3856 sed
648 3791 816 3878 imperator
829 3802 899 3858 uter
912 3794 953 3857 sit
970 3790 1087 3856 melior.

53 3882 221 3950 Etruriam
239 3892 271 3949 et
289 3879 455 3950 Samnium
476 3884 652 3971 provincias
675 3909 759 3965 esse,
782 3898 885 3952 utram
906 3885 1012 3949 mallet
1033 3883 1120 3951 eli-a

52 3988 161 4069 geret:
190 4001 248 4045 suo
267 3979 405 4046 exercitu
427 4002 461 4046 se
478 3980 530 4046 vel
550 3980 584 4046 in
599 3980 727 4048 Etruria
745 3981 796 4048 vel
816 3981 850 4046 in
870 3978 999 4046 Samnio
1021 4000 1088 4045 rem

106 4096 164 4142 'tta
177 4097 220 4141 sot.
230 4094 248 4140 l.
881 4080 916 4134 33
