2566 4524
318 256 903 330 LIBERIHI,31.32.[a.c.428-4261
1063 250 1127 316 223

95 416 241 484 civitatis.
278 425 312 481 et
328 437 401 482 eum
417 413 462 481 ibi
479 437 605 500 quoque
622 417 732 503 religio
751 416 898 496 obstaret,
917 440 957 482 ne
974 441 1039 484 non
1055 442 1130 505 pos-

95 523 142 578 set
158 511 221 576 nisi
238 508 280 575 ab
298 509 427 576 consule
444 510 507 575 dici
525 511 666 588 dictator,
685 534 823 598 augures
842 513 977 576 consulti
995 535 1065 577 eam
1078 536 1128 579 re-

93 606 244 693 ligionem
262 626 415 670 exemere
449 603 492 669 A.
512 603 678 670 Cornelius
697 607 879 670 dictatorem
897 605 998 671 Mam.
1017 606 1160 678 Aemi-e

94 700 171 767 lium
187 699 270 764 dixit
287 709 319 764 et
335 699 403 785 ipse
415 696 457 763 ab
470 721 508 764 eo
522 702 672 786 magister
684 702 825 784 equitum
840 714 888 766 est
902 700 1019 766 dictus:
1037 704 1126 781 adeo,

43 828 45 833 ·
97 795 187 863 simul
210 795 339 859 fortuna
360 793 495 858 civitatis
516 795 631 859 virtute
653 817 728 860 vera
754 796 854 882 eguit,
881 796 959 860 nihil
986 797 1128 862 censoria

43 966 45 971 ¹
95 888 325 956 animadversio
343 887 460 964 effecit,
479 889 664 971 quominus
682 890 823 975 regimen
840 912 945 953 rerum
963 912 1002 954 ex
1019 901 1128 956 notata

43 974 47 983 ’
95 984 224 1069 indigne
241 982 336 1047 domo
352 993 519 1066 peteretur.
555 981 714 1061 Veientes,
732 1006 766 1047 re
785 985 922 1048 secunda
940 985 1027 1063 elati,
1050 986 1126 1051 mis·
1144 1009 1159 1056 a

43 1120 45 1125 ·
98 1078 139 1144 sis
161 1078 282 1143 circum
302 1076 449 1141 Etruriae
470 1075 603 1162 populos
622 1077 734 1164 legatis
752 1078 911 1156 iactando,
939 1089 1002 1142 tres
1029 1079 1126 1144 duces

43 1192 51 1265 q
98 1175 256 1241 Romanos
275 1171 315 1237 ab
334 1195 368 1238 se
385 1195 449 1237 uno
466 1172 582 1258 proelio
600 1173 700 1252 fusos,
720 1197 791 1238 cum
810 1184 915 1238 tamen
933 1175 1051 1238 nnllam
1068 1198 1128 1261 pu-

43 1276 48 1355 [
98 1269 169 1336 blici
185 1268 309 1334 consilii
327 1269 507 1333 societatem
525 1271 708 1346 movissent,
728 1270 919 1334 voluntarios
934 1271 1072 1353 undique
1087 1272 1128 1335 ad

43 1360 50 1441 l
102 1386 183 1450 spem
202 1365 340 1449 praedae
358 1364 567 1428 adsciverunt.
604 1365 659 1428 uni
677 1365 875 1428 Fidenatium
893 1365 1010 1450 populo
1027 1365 1161 1434 rebel-r

43 1454 47 1521 ,ἶ
99 1459 159 1524 lare
172 1459 300 1545 placuit,
320 1471 351 1524 et
363 1472 522 1542 tamquam
537 1460 596 1523 nisi
611 1460 651 1525 ab
666 1460 782 1524 scelere
797 1459 914 1524 bellum
929 1461 1023 1525 ordiri
1036 1461 1126 1526 nefas

102 1564 192 1632 esset,
221 1553 302 1618 siout
318 1553 492 1640 legatorum
512 1566 597 1631 ante,
625 1556 668 1618 ita
686 1566 752 1619 tum
770 1578 923 1619 novorum
946 1555 1126 1620 colonorum

43 1722 45 1727 ¹
100 1649 191 1713 caede
208 1648 327 1713 inbutis
346 1650 451 1725 armis,
471 1648 655 1713 Veientibus
675 1672 745 1714 sese
764 1651 967 1735 coniungunt.
1003 1650 1128 1715 consul·
1145 1667 1161 1717 8

99 1751 160 1807 tare
178 1742 253 1807 inde
270 1743 426 1829 principes
445 1743 579 1807 duorum
597 1744 793 1828 populorum,
813 1742 910 1808 Veios
930 1767 971 1807 an
989 1744 1127 1808 Fidenas

100 1837 204 1901 sedem
223 1836 296 1901 belli
315 1849 470 1922 caperent.
502 1838 640 1901 Fidenae
660 1838 746 1902 visae
765 1838 991 1921 oportuniores.
1022 1838 1128 1920 itaque

43 1930 61 1939 ⁵
98 1933 224 1996 baiecto
237 1931 345 1996 Tiberi
359 1931 509 1997 Veientes
524 1932 660 1996 Fidenas
675 1931 900 1995 transtulerunt
913 1931 1039 1996 bellum.
1063 1931 1128 1996 Ro·
1146 1953 1161 2000 9

98 2047 165 2090 mae
182 2036 281 2091 terror
298 2027 409 2113 ingens
428 2039 502 2090 erat.
530 2028 629 2092 accito
648 2028 786 2092 exercitu
805 2027 926 2092 aVeiis
945 2051 1044 2112 eoque
1058 2028 1128 2114 ipso

63 2150 66 2155 ·
96 2117 135 2185 ab
155 2143 191 2184 re
213 2120 295 2185 male
317 2134 408 2207 gesta
429 2121 588 2206 perculso,
616 2134 718 2186 castra
740 2122 882 2187 locantur
908 2134 980 2187 ante
1006 2138 1128 2209 portam

98 2212 264 2293 Collinam,
284 2215 364 2280 etin
381 2217 478 2280 muris
497 2216 608 2279 armati
627 2216 770 2300 dispositi
789 2229 819 2279 et
837 2218 990 2281 iustitium
1008 2219 1041 2282 in
1059 2219 1128 2283 foro

95 2308 305 2394 tabernaeque
323 2309 457 2389 clausae,
477 2309 617 2393 fiuntque
636 2310 741 2373 omnia
759 2311 869 2374 eastris
889 2333 983 2393 quam
1000 2310 1073 2375 urbi
1087 2313 1129 2376 si-

43 2434 53 2483 ς
95 2404 228 2468 miliora.

159 2497 317 2562 XXXII.
350 2496 433 2564 Cum
451 2499 604 2584 trepidam
622 2497 779 2561 civitatem
792 2497 998 2582 praeconibus
1012 2520 1069 2583 per
1082 2498 1129 2562 vi-
1148 2519 1160 2565 1

43 2622 50 2631 ··
98 2613 151 2658 cos
172 2592 312 2657 dimissis
335 2593 468 2657 dictator
488 2593 530 2656 ad
556 2593 733 2657 contionem
755 2593 938 2656 advocatam
964 2593 1128 2677 increpuit,

97 2687 181 2772 qnod
199 2687 320 2754 animos
339 2709 379 2752 ex
397 2699 460 2751 tam
478 2687 601 2752 levibus
615 2688 781 2752 momentis
798 2687 942 2752 fortunae
956 2710 1128 2773 suspensos
1148 2708 1162 2754 2

96 2793 256 2870 gererent,
279 2792 315 2846 ut
331 2804 430 2867 parva
446 2783 566 2847 iactura
584 2795 725 2868 accepta,
749 2804 830 2866 quae
848 2783 921 2867 ipsa,
935 2805 998 2846 non
1016 2783 1130 2846 virtute

96 2876 236 2942 hostium
253 2899 312 2942 neo
329 2877 456 2963 ignavia
474 2877 609 2942 Romani
627 2878 795 2954 exercitus,
820 2878 876 2942 sed
899 2878 1055 2943 discordia
1072 2878 1129 2942 im-

95 2988 276 3059 peratorum
294 2982 424 3057 accepta
447 2971 500 3049 sit,
527 2971 693 3036 Veientem
716 2973 838 3036 hostem
863 2973 987 3036 sexiens
1009 2973 1129 3036 victum

96 3067 319 3151 pertimescant
335 3067 536 3151 Fidenasque
559 3066 656 3153 prope
679 3067 806 3151 saepius
830 3083 937 3151 captas
956 3089 1051 3149 quam
1074 3089 1130 3151 op-

98 3171 264 3246 pugnatas.
301 3163 431 3227 eosdem
448 3174 480 3226 et
492 3162 653 3227 Romanos
672 3173 703 3225 et
720 3161 828 3225 hostes
847 3182 926 3235 esse,
946 3161 1001 3242 qui
1013 3182 1070 3244 per
1083 3170 1129 3223 tot
1147 3180 1162 3226 a

97 3255 226 3321 saecula
247 3257 376 3335 fuerint,
405 3257 532 3322 cosdem
555 3257 691 3333 animos,
720 3255 847 3319 easdem
871 3255 1009 3338 corporis
1036 3254 1129 3332 vires,

95 3350 210 3414 eadem
228 3374 314 3416 arma
331 3374 455 3438 gerere3
478 3374 512 3416 se
530 3373 655 3435 quoque
674 3351 810 3414 eundem
827 3349 1009 3412 dictatorem
1027 3346 1128 3414 Mam.

95 3443 273 3510 Aemilium
295 3468 379 3524 esse,
408 3446 462 3530 qui
483 3463 575 3510 antea
594 3445 771 3509 Veientium
790 3443 1052 3527 Fidenatiumque
1074 3444 1131 3507 ad-

95 3538 213 3605 iunctis
231 3540 364 3605 Faliscis
382 3541 423 3606 ad
440 3540 631 3606 Nomentum
649 3539 804 3603 exercitus
823 3538 951 3615 fuderit,
980 3548 1011 3602 et
1029 3539 1130 3623 magi-
1146 3563 1163 3604 4

97 3643 199 3698 strum
223 3634 363 3719 equitum
384 3634 427 3700 A.
452 3633 634 3700 Cornelium
657 3635 791 3697 eundem
813 3634 847 3697 in
872 3633 939 3697 acie
965 3632 1048 3711 sore,
1075 3633 1131 3717 qui

96 3731 202 3819 priore
221 3730 303 3795 bello
321 3731 464 3797 tribunus
478 3731 612 3794 militnm
626 3730 724 3794 Larte
739 3729 906 3794 Tolumnio
924 3751 999 3815 rege
1013 3727 1131 3793 Veien-

98 3825 178 3890 tium
195 3825 231 3890 in
244 3837 414 3912 conspectu
429 3828 562 3891 duorum
576 3826 767 3889 exercituum
784 3825 888 3890 occiso
907 3823 1008 3908 spolia
1024 3823 1129 3906 opima

100 3915 186 3985 Iovis
204 3920 338 3986 Feretrii
355 3922 472 4008 templo
493 3920 640 3985 intulerit.
676 3920 808 4005 proinde
829 3939 997 3992 memores,
1021 3933 1164 3980 secumo

101 4014 288 4102 triumphos,
308 4039 416 4085 secum
430 4016 540 4100 spolia,
560 4037 669 4080 secum
677 4015 839 4079 victoriam
853 4035 933 4083 esse,
952 4031 1024 4074 oum
1032 4006 1131 4072 hosti·
