2566 4524
206 230 270 297 438
459 235 578 296 LIBER
595 235 680 306 VIII,
699 234 740 291 38.
750 235 793 291 39.
812 237 887 306 [an.
898 250 923 289 c.
933 234 999 305 432]

176 415 191 463 o
210 401 282 469 dem
300 396 408 483 copiae
426 403 498 461 ante
516 392 621 459 lucem
638 392 749 459 castris
764 414 920 481 egressae.
950 415 1049 478 eques
1064 417 1157 463 ausus
1169 394 1224 463 luce

210 497 338 567 demum
354 492 515 561 incursare
528 489 562 554 in
574 488 699 557 hostem
717 488 873 574 carpendo
890 488 1084 559 novissimos
1101 512 1226 576 premon-

210 592 314 674 doque
331 585 447 671 iniquis
466 584 507 649 ad
525 583 690 651 transitum
706 581 785 653 locis
804 605 919 671 agmen
941 583 1087 649 detinuit.
1122 585 1228 653 interim

209 685 307 772 pedes
326 680 463 767 equitem
481 678 650 747 adsecutus
655 703 664 757 ;
683 687 715 744 et
728 677 802 747 totis
815 677 879 745 iam
893 677 994 764 copiis
1005 675 1135 747 Samnis
1151 701 1228 768 urge
1273 732 1275 737 -

176 794 191 840 r
209 780 274 847 bat.
306 784 374 845 tum
386 773 528 850 dictator,
546 782 715 858 postquam
734 771 801 839 sine
818 794 935 860 magno
953 771 1155 843 incommodo
1170 797 1228 862 pro
1270 774 1275 837 ἶ

210 872 301 962 gredi
321 892 386 936 non
406 876 542 956 poterat,
567 890 638 937 eum
666 869 772 954 ipsum
793 868 912 951 inquo
934 868 1120 937 constiterat
1138 869 1227 937 locum

212 966 323 1034 castris
342 963 486 1031 dimetari
507 963 609 1029 iussit
645 963 679 1028 id
695 985 771 1028 vero
790 961 981 1032 circumfuso
1000 963 1140 1050 undique
1154 963 1227 1050 equi·
1268 978 1275 1005 ³

212 1070 293 1139 tatu,
312 1068 347 1125 ut
365 1057 482 1125 vallum
499 1067 657 1144 peteretur
675 1079 817 1144 opusque
835 1057 1000 1144 inciperet,
1024 1057 1095 1125 lieri
1111 1081 1171 1127 nou
1183 1080 1230 1146 po-

177 1174 193 1222 s
212 1165 301 1222 terat.
328 1155 435 1239 itaquo
448 1151 504 1219 ubi
517 1173 619 1241 neque
638 1152 733 1219 eundi
750 1173 853 1237 neque
870 1152 1020 1221 manendi
1039 1153 1162 1240 copiam
1172 1173 1228 1219 esse

212 1252 307 1329 videt,
325 1249 461 1316 instituit
478 1249 578 1314 aciem
595 1246 817 1334 inpedimentis
830 1269 870 1312 ex
883 1247 1011 1334 agmine
1028 1247 1166 1315 remotis
1192 1247 1229 1311 in·

179 1365 193 1412 9
214 1353 337 1412 struunt
355 1352 464 1410 contra
481 1350 512 1408 et
529 1341 647 1420 hostes,
667 1351 698 1408 et
711 1343 823 1409 animis
838 1351 868 1408 et
881 1341 1000 1409 viribus
1019 1365 1124 1429 pares.
1150 1363 1230 1410 anre·

211 1451 260 1507 rat
277 1441 311 1505 id
328 1439 464 1505 maxime
482 1438 614 1517 animos,
633 1438 719 1522 quod
736 1437 846 1525 ignari,
864 1437 934 1503 loco
951 1436 1073 1522 iniquo,
1086 1460 1150 1505 non
1160 1434 1230 1505 hosti

213 1558 352 1612 cessum,
375 1533 462 1598 velut
487 1532 645 1623 fugientes
668 1554 706 1599 ac
727 1533 852 1598 territos
877 1531 1032 1599 terribiles
1057 1532 1122 1620 ipsi
1147 1529 1231 1599 secuti

162 1647 196 1695 10
212 1631 346 1697 fuerant.
378 1629 412 1693 id
430 1628 622 1712 aliquamdiu
639 1629 786 1712 aequavit
803 1651 954 1716 pugnam,
967 1627 1033 1695 iam
1051 1627 1173 1715 pridem
1187 1627 1231 1695 de·

214 1735 304 1792 sueto
315 1721 456 1791 Samnite
470 1722 639 1789 clamorem
647 1722 784 1791 Romani
797 1723 952 1790 exercitus
969 1723 1047 1810 pati.
1077 1733 1110 1791 et
1121 1721 1230 1791 hercule

213 1820 268 1886 illo
286 1819 337 1885 die
355 1816 395 1884 ab
414 1818 492 1884 hora
509 1817 572 1885 diei
589 1817 680 1884 tertia
697 1817 739 1884 ad
761 1828 905 1885 octavam
926 1817 971 1883 ita
993 1840 1114 1905 anceps
1136 1817 1232 1885 dicitur

215 1925 374 1981 certamen
392 1913 530 1991 stetisse,
553 1921 589 1977 ut
606 1934 708 1997 neque
727 1911 858 1991 clamor,
882 1921 919 1977 ut
934 1911 1038 1998 primo
1056 1913 1157 1981 semel
1172 1933 1232 1980 oon·

215 2031 310 2073 cursu
329 2017 376 2072 est
395 2005 551 2084 sublatus,
574 2008 703 2073 iteratus
723 2007 763 2073 sit
784 2028 887 2091 neque
905 2007 997 2094 signa
1014 2016 1161 2094 promota
1175 2006 1232 2073 loo

50 2192 53 2197 p
165 2128 195 2176 11
215 2110 339 2167 retrove
356 2109 483 2186 recepta
500 2122 602 2185 neque
619 2123 781 2169 recursum
800 2101 839 2167 ab
858 2101 922 2168 ulla
940 2102 981 2169 sit
1002 2113 1105 2188 parte.
1139 2102 1173 2168 in
1188 2120 1233 2167 suo

216 2195 359 2281 quisquis
378 2195 479 2282 gradu
497 2194 605 2261 obnixi
622 2205 770 2283 urgentes
790 2196 886 2261 scutis
906 2196 972 2261 sine
990 2196 1234 2282 respirationem

213 2300 360 2377 respectu
376 2289 576 2377 pugnabant3
598 2289 742 2357 fremitus
760 2290 899 2375 aequalis
917 2299 1072 2375 tenorque
1090 2291 1174 2357 idem
1187 2310 1235 2376 pu·

165 2401 196 2450 12
215 2408 296 2474 gnae
310 2387 342 2450 in
353 2385 609 2472 defatigationem
621 2384 764 2450 ultimam
778 2393 832 2450 aut
845 2393 969 2450 noctem
983 2384 1160 2470 spectabat.
1183 2384 1234 2449 ism

214 2480 289 2544 viris
303 2480 395 2558 vires,
410 2480 473 2544 iam
486 2477 569 2544 ferro
583 2502 641 2543 sua
654 2479 712 2556 vis,
727 2479 789 2543 iam
808 2478 937 2543 consilia
955 2477 1093 2544 ducibus
1113 2479 1235 2554 deerant,

216 2597 288 2641 oum
312 2574 415 2640 subito
440 2572 630 2640 Samnitium
653 2574 787 2658 equites,
816 2595 888 2638 oum
911 2582 1015 2638 turma
1037 2596 1105 2639 una
1126 2572 1235 2660 longius

215 2679 364 2756 provecta
387 2669 582 2755 accepissent
603 2668 817 2754 inpedimenta
833 2666 1053 2734 Romanorum
1078 2662 1235 2756 proculab

217 2764 343 2830 armatis
368 2765 434 2829 sine
460 2764 632 2849 praesidio,
660 2764 727 2828 sine
753 2763 946 2829 munimento
973 2771 1074 2841 stare,
1104 2763 1236 2830 audac

166 2882 198 2929 13
218 2857 353 2942 praedae
366 2855 520 2942 impetum
532 2856 661 2922 faciunt.
689 2857 775 2942 quod
788 2856 843 2923 ubi
856 2857 1001 2923 dictatori
1014 2859 1160 2946 trepidus
1172 2877 1236 2924 nun·

216 2951 279 3016 tius
298 2949 422 3015 adtulit:
443 2950 524 3020 ‘sine
537 2952 652 3030 modo,’
669 2952 772 3036 inquit
789 2957 874 3018 ‘sese
890 2951 1010 3039 praeda
1026 2946 1237 3042 praepediant-⁹

217 3045 270 3110 alii
288 3044 400 3111 deinde
419 3067 512 3133 super
530 3046 607 3112 alios
627 3046 720 3132 diripi
736 3047 856 3132 passim
873 3045 1012 3130 ferrique
1031 3047 1178 3116 fortunas
1191 3043 1236 3112 ni·

167 3165 199 3211 14
216 3141 308 3207 litum
322 3140 584 3207 vociferabantur.
611 3151 679 3206 tum
692 3142 843 3229 magistro
856 3142 997 3227 equitum
1012 3143 1133 3211 accito:
1152 3140 1235 3209 ‘vita

216 3237 270 3314 tu,’
287 3236 390 3322 inquit
408 3234 468 3302 ‘M.
478 3235 569 3314 Fabi,
584 3235 624 3302 ab
641 3235 781 3302 hostium
799 3235 901 3320 equite
920 3236 1078 3303 omissam
1096 3229 1235 3328 pugnaui

166 3345 198 3392 15
216 3331 346 3396 haerent
362 3331 494 3417 inpediti
511 3331 730 3418 inpedimentis
747 3331 873 3397 nostris.
905 3331 1095 3418 adgredere,
1109 3329 1236 3421 quodie·

216 3434 264 3488 ter
280 3424 495 3510 praedandum
514 3425 599 3491 omni
617 3423 809 3491 multitudini
827 3425 938 3502 evenit,
953 3424 1142 3513 dissipatos.
1166 3440 1234 3493 ram·

217 3517 306 3601 equis
328 3518 514 3597 insidentes,
536 3542 638 3596 raros,
662 3518 776 3604 quibus
798 3518 916 3584 ferrum
937 3519 971 3585 in
989 3542 1093 3587 manu
1112 3522 1153 3589 sit
1167 3520 1234 3587 inre

217 3612 286 3676 nies
291 3636 301 3692 3
320 3635 480 3699 equosque
493 3613 569 3680 dum
580 3614 698 3700 praeda
716 3623 855 3693 onerant,
869 3613 968 3680 caede,
984 3614 1128 3684 inermes
1146 3632 1234 3683 omen·

167 3718 199 3768 16
219 3714 345 3791 tamque
367 3707 430 3773 illis
451 3708 602 3795 praedam
623 3708 729 3775 redde.
770 3707 848 3775 mihi
874 3706 1020 3797 legiones
1048 3711 1232 3798 peditumqm

215 3823 325 3889 pugna
342 3824 434 3869 curae
453 3812 557 3869 erunt:
578 3824 676 3890 penes
695 3812 726 3868 te
745 3811 889 3891 equestre
908 3802 949 3869 sit
966 3802 1092 3873 decus!

184 3905 199 3955 1
281 3895 505 3964 XXXVIIII.
527 3897 681 3982 Equitum
696 3897 790 3976 acies,
805 3896 907 3983 qualis
924 3918 1011 3983 quae
1029 3921 1105 3968 esse
1122 3899 1232 3967 mure

217 3989 339 4058 tissima
360 4002 477 4079 potest,
500 3994 624 4059 invecta
644 3993 678 4057 in
700 3992 869 4080 dissipatos
891 3993 1120 4082 inpeditosque
1144 3994 1231 4061 hostat
