2566 4524
389 253 606 325 amanus.
625 216 805 324 [actoru]
1063 241 1128 311 499

97 412 280 482 concitatior
297 411 442 478 accidens
461 411 579 478 clamor
596 411 636 479 ab
654 413 847 478 increscente
865 413 1044 480 certamine.
1076 437 1163 486 ura
1276 464 1282 475 .

95 518 172 598 gent
197 507 304 594 itaque
329 505 383 572 alii
408 506 486 573 alios
517 506 743 594 hortanturque
769 505 951 595 signiferos,
977 518 1014 573 ut
1039 510 1128 576 ocius

96 610 178 670 cent.
215 623 278 688 quo
299 601 402 689 magis
423 600 609 667 festinantes
631 600 718 668 videt
739 599 885 681 dictator,
908 623 947 669 eo
963 602 1128 690 inpensius

94 704 231 763 retentet
251 716 367 782 sgmen
384 716 421 761 ac
439 696 557 761 sensim
577 695 723 763 incedere
738 693 835 763 iubet.
870 695 1000 764 Etrusci
1022 707 1164 767 conhac
1221 701 1226 714 '

93 789 251 879 principio
269 789 364 854 exciti
380 810 506 877 pugnae
524 789 671 857 omnibus
693 789 793 879 copiis
810 791 949 859 ederent
984 802 1017 860 et
1034 815 1129 880 super

94 884 175 952 alios
198 882 253 949 alii
273 884 419 949 nuntiant
440 885 597 963 dictatori,
623 906 733 952 omnes
758 884 899 974 legiones
920 885 1129 954 Etruscorum

94 977 275 1066 capessisse
291 1000 433 1066 pugnem
450 1000 509 1044 neo
526 979 590 1044 iam
608 978 649 1046 ab
667 979 733 1046 suis
750 980 856 1047 resisti
871 1003 981 1067 posse3
1008 992 1039 1049 et
1059 983 1128 1069 ipse

95 1071 196 1140 cernit
214 1093 255 1138 ex
272 1072 432 1157 superiore
448 1073 532 1151 loeo,
554 1074 589 1138 in
606 1084 724 1159 qusnto
741 1073 920 1141 discrimine
937 1075 1129 1162 praesidium

95 1177 192 1234 esset
233 1176 371 1232 ceterum
394 1166 471 1233 satis
498 1167 611 1247 fretus,
639 1190 710 1235 esse
737 1168 831 1236 etiam
856 1190 941 1236 nuno
966 1169 1162 1238 tolerandos
1201 1239 1204 1243 .

96 1259 262 1329 certamini
277 1259 418 1349 legatum
434 1284 494 1328 nec
507 1285 541 1328 se
554 1262 665 1349 procul
682 1262 795 1330 abesse
812 1261 943 1351 periculi
958 1263 1127 1343 vindicem,

95 1378 195 1442 quem
216 1356 352 1421 maxime
374 1356 442 1422 vult
462 1357 590 1445 fatigari
610 1357 748 1437 hostem,
770 1366 806 1423 ut
822 1358 953 1446 integris
970 1358 1130 1425 adoriatur

93 1449 218 1518 viribus
235 1449 348 1517 fessos.
376 1473 567 1537 quamquam
584 1452 667 1518 lente
684 1453 866 1539 procedunt,
884 1453 949 1519 iam
965 1462 1071 1523 temen
1088 1453 1130 1520 ad
1148 1474 1163 1522 6

94 1545 240 1634 inpetum
257 1545 457 1632 capiundum,
471 1547 569 1630 equiti
586 1546 704 1631 utique,
722 1546 881 1613 modicum
899 1556 965 1613 erat
982 1547 1128 1636 spatium.

94 1640 201 1729 prima
216 1639 404 1705 incedebant
425 1640 517 1727 signa
537 1639 712 1729 legionum,
735 1662 776 1706 ne
798 1641 874 1725 quid
896 1640 1053 1708 oecultum
1075 1651 1131 1707 aut

94 1732 297 1823 repentinum
317 1733 417 1800 hostis
440 1736 575 1815 timeret,
600 1736 656 1802 sed
677 1735 845 1821 rehquerat
864 1736 1029 1802 intervalla
1049 1734 1130 1801 inter

95 1827 225 1897 ordines
240 1829 396 1917 peditum,
419 1852 482 1915 qua
499 1830 575 1896 satis
597 1830 670 1897 laxo
689 1830 791 1917 spatio
809 1829 882 1915 equi
902 1828 1040 1915 permitti
1056 1851 1133 1916 pos-

98 1933 180 1991 sent
215 1921 332 2008 pariter
356 1924 482 1989 sustulit
504 1924 673 1991 clamorem
695 1923 794 2003 acies3
821 1933 852 1989 et
875 1923 1009 1989 emissus
1032 1943 1129 2008 eques
1149 1945 1163 1992 7

95 2017 198 2086 libero
216 2038 311 2084 eursu
327 2017 360 2083 in
377 2018 502 2085 hostem
519 2019 677 2086 invehitur
692 2019 960 2107 inconpositisque
977 2017 1129 2085 adversus

96 2119 279 2200 equestrem
294 2113 467 2199 procellam
484 2113 623 2179 subitum
640 2137 791 2200 pavorem
806 2114 949 2181 offundit.
976 2113 1082 2199 itaque
1095 2120 1131 2179 ut
1148 2134 1164 2182 s

95 2228 199 2297 prope
221 2228 327 2273 serum
348 2206 501 2272 auxilium
521 2207 585 2272 iam
608 2229 708 2293 paene
730 2207 964 2286 circumventis,
990 2207 1036 2272 ita
1061 2206 1134 2271 uni-

97 2323 194 2367 versa
210 2300 335 2386 requies
353 2302 427 2366 data
445 2310 501 2368 est.
537 2301 651 2390 integri
669 2322 817 2387 accepere
839 2322 993 2388 pugnam,
1015 2320 1076 2365 nec
1093 2321 1131 2364 es

96 2393 171 2483 ipse
190 2393 288 2482 longe
308 2405 363 2461 aut
388 2417 504 2482 anceps
527 2393 596 2459 fuit.
641 2393 706 2460 fusi
731 2393 839 2460 hostes
863 2403 965 2459 cestre
986 2402 1163 2480 repetunte

96 2487 371 2574 inferentibusque
392 2491 456 2556 ism
479 2490 570 2578 signa
586 2488 739 2555 Romanis
757 2487 872 2553 oedunt
890 2499 920 2554 et
937 2487 971 2552 in
988 2487 1129 2553 ultimam

98 2591 274 2651 castrorum
291 2594 412 2672 partem
431 2583 667 2672 conglobentur.
703 2582 832 2649 haerent
849 2582 1006 2670 fugientes
1024 2582 1057 2646 in
1075 2606 1130 2646 an·
1150 2603 1180 2650 10

96 2677 216 2766 gratiis
236 2688 411 2764 portarum:
438 2700 512 2766 pars
534 2701 652 2766 magna
678 2678 827 2768 aggerem
849 2676 1029 2762 vallumque
1057 2699 1131 2742 oon-

98 2772 238 2852 scendit,
266 2773 294 2839 si
315 2782 370 2839 eut
392 2796 432 2839 ex
454 2774 614 2861 superiore
639 2774 710 2840 looo
736 2774 816 2840 tueri
842 2797 876 2841 se
903 2784 956 2840 eut
983 2793 1130 2859 superare

97 2869 256 2953 aliquast
274 2869 407 2934 evadere
424 2878 541 2954 posset.
577 2869 659 2936 forte
677 2870 813 2955 quodam
830 2870 901 2937 loco
918 2869 1000 2935 male
1019 2869 1131 2934 densa
1150 2887 1179 2934 11

99 2974 154 3030 tus
181 2985 279 3050 agger
308 2964 446 3049 pondere
474 2965 719 3051 superstantium
744 2963 924 3031 infossam
950 2963 1130 3050 procubuit3

98 3069 197 3143 atque
219 3080 270 3137 es,
293 3079 365 3123 oum
387 3058 464 3124 deos
485 3059 623 3144 pandere
645 3058 730 3123 viam
751 3057 848 3144 fugae
871 3058 1128 3134 conclamassent,

98 3152 209 3241 plures
227 3152 361 3218 inermes
379 3174 474 3237 quam
492 3153 604 3219 srmsti
621 3151 768 3219 evadunt
799 3151 860 3217 hoc
876 3151 995 3237 proelio
1012 3150 1130 3215 fractae
1150 3170 1180 3217 12

99 3248 218 3315 iterum
238 3244 446 3313 Etruseorum
472 3247 574 3326 vires3
606 3256 637 3313 et
662 3254 756 3333 pacto
782 3268 887 3312 annuo
919 3244 1073 3331 stipendio
1100 3253 1131 3308 et

100 3342 202 3409 duum
224 3364 367 3408 mensum
389 3341 546 3410 frumento
567 3343 757 3429 permissum
779 3340 819 3407 ab
842 3341 1006 3416 dictatore,
1033 3348 1069 3404 ut
1090 3338 1130 3403 de

99 3458 181 3528 pace
199 3436 321 3526 legstos
334 3439 493 3505 mitterent
500 3437 645 3504 Romam.
672 3460 736 3524 pax
748 3444 872 3524 negate,
887 3435 1025 3501 indutiae
1042 3432 1132 3500 bien-
1150 3454 1181 3503 13

100 3532 147 3600 nii
168 3530 272 3599 datae.
315 3531 447 3600 dicator
471 3531 667 3620 triumphans
693 3532 727 3598 in
751 3529 864 3598 urbem
888 3528 989 3598 rediit.
1028 3528 1131 3595 habeo

101 3636 262 3707 suctores,
286 3627 354 3694 sine
370 3626 435 3694 ullo
453 3623 647 3693 memorabili
668 3624 788 3715 proelio
808 3634 954 3713 pacatam
976 3623 1016 3691 ab
1034 3623 1133 3688 diota-

101 3733 171 3790 tore
187 3721 348 3789 Etruriam
366 3745 436 3789 esse
455 3722 659 3788 seditionibus
681 3729 804 3788 tentum
820 3719 1040 3789 Arretinorum
1058 3739 1132 3782 con-

100 3817 215 3907 positis
238 3827 268 3882 et
292 3815 397 3884 Cilnio
422 3838 537 3906 genere
564 3839 637 3883 oum
662 3814 755 3903 plebe
776 3816 809 3882 in
831 3816 966 3904 gratiam
990 3810 1129 3878 reducto.

101 3911 216 3979 consul
242 3934 282 3977 ex
308 3912 463 3978 dictatura
488 3910 592 3979 factus
618 3910 666 3977 M.
685 3910 842 3979 Valerius.
882 3931 947 3976 non
972 3913 1131 3992 petentem
1150 3924 1182 3973 14

100 4004 199 4093 atque
218 4006 297 4074 odeo
315 4007 410 4074 etism
427 4006 590 4075 absentem
614 4017 752 4075 creatum
774 4004 942 4157 credider3e2
954 3999 1082 4089 quidam
1100 4007 1131 4064 et

948 4107 961 4137 ι
