2566 4524
215 271 279 337 124
469 280 589 336 LIBER
605 280 649 352 Π,
665 279 707 335 65.
728 280 767 352 [a
775 296 804 335 ιι.
814 279 908 336 arse.
918 278 982 351 287]

211 441 342 527 equites,
361 438 545 506 circumfusi
561 437 636 503 duci
652 436 873 516 vociferantur,
892 459 928 503 se
945 447 1020 504 ante
1033 437 1131 527 signa
1141 437 1241 507 ituros.
1261 490 1264 495 -

211 538 287 602 dum
305 544 469 602 cunctatur
486 535 610 612 consul,
628 533 743 598 virtme
760 532 896 597 militum
912 532 1029 613 fretus,
1046 532 1122 601 loco
1138 558 1240 623 parum

210 632 321 708 fidens,
342 629 547 705 conclamant,
567 650 601 693 se
618 627 728 705 ituros,
747 627 977 712 clamoremque
990 650 1044 692 res
1061 638 1116 695 est
1133 638 1239 697 secuto.

210 725 284 791 fixis
301 724 335 788 in
352 733 468 788 terram
484 722 572 808 pilis,
595 744 658 805 quo
676 721 809 787 leviores
827 722 926 787 ardua
943 723 1133 804 evaderent,
1156 746 1239 791 cursu

177 841 196 889 4
213 818 358 886 subeunt.
393 816 541 897 Volscus,
560 816 670 881 effusis
688 816 730 881 ad
746 816 884 902 primum
901 816 1057 903 impetum
1073 814 1253 897 missilibus¹

210 913 296 991 telis,
320 935 398 978 saxa
415 910 591 976 obiacentia
607 909 743 997 pedibus
760 910 876 997 ingerit
892 910 925 975 in
947 910 1127 978 subeuntes
1144 912 1237 979 turbs·

212 1016 322 1090 tosque
340 1005 454 1071 ictibus
477 1005 593 1071 crebris
612 1015 704 1092 urget
725 1027 765 1069 ex
783 1005 941 1092 superiore
961 1004 1044 1071 loco.
1083 1008 1133 1073 sic
1152 1028 1247 1095 propo.

212 1111 374 1167 oneratum
402 1109 450 1165 est
476 1100 636 1165 sinistrum
658 1099 812 1164 Romanis
839 1121 950 1179 cornu,
976 1101 1012 1165 ni
1036 1100 1236 1169 referentibus

212 1195 277 1261 iam
294 1196 429 1283 gradum
447 1196 571 1273 consul,
597 1195 789 1280 increpando
814 1194 907 1259 simul
924 1195 1139 1263 temeritatem
1155 1192 1235 1263 simul

178 1291 382 1380 signaviam,
400 1291 520 1378 pudore
538 1301 657 1355 metum
676 1291 878 1355 excussisset.
904 1291 1052 1358 resistere
1068 1293 1174 1378 primo
1189 1291 1234 1358 ob·

212 1388 334 1453 stinatis
353 1388 480 1467 animis,
505 1386 631 1465 deinde,
654 1396 690 1450 ut
708 1386 885 1452 obtinentes
902 1385 1008 1453 locum
1025 1387 1115 1453 vires
1131 1387 1234 1454 refece-

211 1493 295 1560 rant,
322 1483 439 1546 audent
464 1482 546 1547 ultro
572 1481 706 1568 gradum
731 1481 846 1546 inferre
874 1490 906 1546 et
931 1481 1070 1548 clamore
1097 1492 1232 1549 renovato

212 1586 411 1642 commovent
428 1576 536 1640 aciem.
564 1589 632 1641 tum
649 1599 758 1641 rursus
776 1577 897 1663 impetu
914 1586 1005 1663 capto
1025 1575 1185 1643 enituntur
1195 1586 1232 1642 at·

179 1693 273 1757 tque
296 1683 485 1758 exsuperant
506 1672 702 1756 iniquitatem
723 1673 794 1739 loci.
830 1673 895 1738 iam
920 1695 1019 1759 prope
1047 1684 1132 1753 erat,
1157 1672 1233 1739 utin

212 1790 370 1834 summum
389 1768 462 1833 clivi
479 1768 588 1856 iugum
607 1769 784 1847 eraderent,
804 1790 876 1833 cum
894 1777 985 1855 terga
1001 1767 1116 1835 hostes
1133 1768 1231 1834 dedero

210 1863 375 1946 effusoque
394 1885 489 1928 cursu
505 1885 605 1949 paene
623 1863 750 1948 agmine
762 1886 827 1928 uno
841 1862 998 1949 fugientes
1012 1873 1230 1947 sequentesque

211 1958 320 2022 castris
339 1958 485 2022 incidere.
520 1958 554 2021 iu
573 1980 610 2023 eo
627 1981 744 2043 pavore
763 1967 865 2023 castra
883 1958 1058 2043 capiuntur.
1096 1958 1153 2043 qui
1167 1954 1232 2029 Vol·¹

211 2073 337 2116 scorum
355 2051 495 2137 effugere
513 2061 682 2137 potuerunt
696 2052 831 2118 Antium
848 2062 968 2138 petunt,
985 2051 1125 2118 Antium
1138 2062 1169 2119 ct
1179 2050 1230 2117 Ro·

178 2167 326 2215 tmanus
350 2147 504 2211 exercitus
527 2147 651 2211 ductus.
690 2169 809 2233 paucos
832 2148 1078 2213 circumsessum
1100 2148 1169 2215 dies
1187 2146 1230 2211 ‹lc-
1267 2200 1269 2209 .

211 2240 295 2304 ditur
320 2240 407 2304 nulla
432 2242 682 2328 oppugnantium
707 2265 793 2306 nova
818 2241 865 2320 vi,
893 2242 950 2307 sed
972 2242 1059 2327 quod
1079 2242 1147 2308 iam
1168 2238 1229 2307 ints.
1264 2324 1275 2341 F

209 2333 251 2399 ab
268 2334 387 2400 infelici
404 2357 513 2422 pugna
531 2335 704 2419 castrisque
722 2336 847 2401 amissis
866 2336 1043 2402 ceciderant
1060 2336 1168 2403 animi.
1263 2350 1268 2363 “

506 2601 726 2684 [rustecus
742 2607 850 2665 muru
865 2603 943 2685 nn]

262 2735 438 2804 [seditiones
453 2735 489 2789 de
503 2735 623 2805 agrariis
638 2736 751 2805 legibus
764 2735 854 2792 fuere.
873 2736 1046 2808 Capitolium
1060 2739 1099 2795 ab
1114 2736 1234 2795 exunt·-

209 2818 240 2867 et
251 2812 340 2866 serris
351 2818 530 2880 occupatum,
547 2811 638 2866 caesis
647 2813 681 2865 iis
690 2819 838 2882 receptum
848 2819 903 2869 est.
922 2830 1024 2869 census
1033 2815 1082 2870 bis
1095 2816 1228 2871 scmus
1266 2836 1275 2863 r

208 2888 303 2958 priore
314 2888 404 2942 lustro
415 2905 502 2943 censa
512 2895 579 2942 sunt
587 2889 689 2943 civium
699 2891 894 2961 capita†VIII
899 2891 977 2946 milia
984 2889 1155 2949 Docxml
1163 2904 1227 2965 put·
1265 2898 1275 2939 ἰ

209 2971 254 3020 ter
267 2965 354 3019 orbos
369 2965 526 3037 orbaeque,
546 2967 677 3038 sequenti
691 2966 800 3024 CXVII
817 2969 897 3023 milia
915 2966 1089 3025 coxvnn.
1111 2988 1175 3026 cum
1189 2966 1228 3025 sl·

208 3059 307 3098 versus
316 3040 435 3113 Aequos
450 3044 524 3099 male
538 3051 679 3114 gestares
693 3051 783 3114 esset,
801 3045 836 3100 L.
846 3045 978 3110 Quintius
989 3044 1228 3105 Cincinnatnsdit·
1263 3080 1275 3097 s

209 3119 405 3191 tatcrfactus,
426 3138 488 3176 cum
497 3138 563 3176 rure
576 3122 702 3176 intentus
713 3121 793 3192 operi
806 3122 913 3178 rustico
929 3128 1020 3195 esset,
1038 3126 1078 3179 ad
1093 3125 1125 3181 id
1137 3125 1228 3182 bellun

209 3199 365 3270 gerendum
381 3199 536 3254 arcessitus
547 3206 598 3254 est,
624 3200 649 3253 is
660 3199 752 3254 victos
763 3200 859 3255 hostes
870 3201 923 3254 sub
933 3200 1032 3272 iugum
1040 3201 1130 3259 misit
1155 3202 1229 3259 stoa
1266 3242 1272 3255 ..

206 3295 307 3332 norum
316 3278 411 3346 plebis
421 3294 554 3332 numerus
565 3278 717 3346 ampliatus
728 3284 785 3348 est,
805 3283 839 3331 ut
851 3283 949 3333 essent
963 3279 1078 3350 decem,
1099 3280 1229 3337 tricesim

208 3360 288 3409 sexto
299 3372 374 3409 anno
385 3372 403 3409 a
412 3355 509 3424 primis
523 3355 645 3410 tribunis
659 3355 762 3424 plebis.
788 3355 886 3426 petitis
899 3372 952 3426 per
965 3356 1082 3427 legatos
1096 3364 1128 3415 et
1140 3352 1230 3415 udlnffi
1268 3368 1272 3429 j

206 3429 313 3484 Atticis
323 3432 452 3502 legibus,
472 3433 509 3487 ad
520 3433 735 3487 constituendas
750 3449 799 3488 eas
812 3434 1075 3506 proponendasque
1091 3428 1231 3493 docamrlrl
1272 3448 1275 3511 j

206 3523 259 3579 pro
270 3509 437 3562 consulibus
447 3508 507 3563 sine
516 3509 582 3563 ullis
592 3509 655 3565 aliis
665 3509 879 3581 magistratibus
889 3511 978 3565 creati
993 3512 1087 3568 altero
1097 3519 1231 3571 ettracu
1270 3565 1275 3579 ,

206 3585 307 3639 tesimo
318 3601 393 3638 anno
405 3603 488 3657 quam
497 3587 589 3642 Roma
600 3588 714 3642 condita
724 3592 797 3658 erat,
817 3587 1040 3659 etutaregibus
1050 3590 1091 3646 ad
1100 3591 1231 3659 consules
1269 3582 1275 3608 ¹

206 3661 248 3716 ita
266 3678 284 3716 a
302 3663 469 3718 consulibus
485 3665 522 3718 ad
536 3665 711 3720 decemviros
725 3665 872 3736 imperium
888 3667 1069 3724 uanslatum.
1096 3669 1128 3725 bi
1144 3670 1230 3725 decu
1270 3661 1275 3701 ἶ

206 3737 313 3793 tabulis
332 3740 427 3810 legum
440 3742 542 3811 positis
557 3759 620 3797 cum
633 3743 761 3798 modeste
777 3759 807 3798 se
820 3742 850 3797 in
864 3759 899 3799 eo
913 3743 1024 3801 honore
1038 3744 1246 3816 gessissentct·
1271 3752 1275 3763 '

208 3817 245 3870 ob
264 3815 295 3870 id
311 3815 342 3871 in
359 3818 478 3873 alterum
493 3836 608 3892 quoque
622 3837 726 3875 annum
745 3821 867 3876 eundem
885 3837 948 3877 esse
965 3822 1167 3895 magistratum
1177 3820 1230 3894 pls·
1240 3814 1248 3883 ¹,
1273 3856 1275 3871 ι

208 3891 327 3963 suisset,
347 3895 459 3950 duabus
473 3897 579 3952 tabulis
593 3899 631 3953 ad
650 3900 749 3954 decem
767 3897 887 3953 adiectis
907 3915 970 3954 cum
989 3902 1140 3973 complura
1152 3902 1230 3971 inpo·
1271 3968 1275 3979 ¹

206 3975 300 4025 tenter
312 3970 463 4043 fecissent,
480 3975 678 4046 magistratum
696 3977 851 4030 noluerunt
869 3976 1013 4047 deponere
1032 3984 1062 4033 et
1077 3978 1110 4034 in
1127 3976 1229 4035 tortian

207 4063 313 4104 annum
335 4048 524 4122 retinuerunt,
548 4052 641 4109 donec
661 4052 754 4108 inviso
773 4069 871 4109 eorum
891 4052 1011 4127 imperio
1034 4053 1122 4111 finem
1143 4048 1228 4111 atati
