2566 4524
269 213 275 222 ’
350 245 469 302 omna
485 245 667 320 11111111.
688 247 840 319 [acen]
1052 237 1117 306 443

77 405 282 475 obiacentem
300 403 416 469 molem
433 404 590 470 invenere.
618 427 691 470 cum
708 404 795 473 fraus
813 406 936 475 hostilis
954 411 1118 496 apparuis-

81 512 146 582 set,
168 497 363 588 praesidium
386 497 481 565 etiam
501 499 536 564 in
552 521 677 566 summo
696 500 778 567 saltu
795 503 994 588 conspicitur.
1030 504 1168 571 citatim

81 597 265 674 1111111111,
279 617 342 680 qua
355 603 515 674 venerant,
528 606 665 683 pergimt
680 607 821 684 repetere
835 599 927 665 viam
955 621 1026 666 eam
1038 622 1117 685 quo·

84 714 146 777 que
164 691 307 757 clausam
330 711 389 756 sua
405 687 496 756 obice
519 690 677 776 armisque
698 691 871 758 inveniunt.
907 692 1023 759 sistunt
1042 695 1116 762 inde
1182 773 1185 779 Ι

84 786 220 874 gradum
238 784 307 851 siue
323 783 417 850 ullius
435 783 578 870 imperio,
597 793 768 871 stuporque
786 787 927 853 omnium
945 788 1065 856 animos
1079 811 1116 856 ac

84 880 171 948 velut
187 889 296 966 torpor
311 879 440 964 quidam
457 878 602 945 insolitus
620 878 763 946 membra
779 889 878 961 tenet,
896 883 1116 970 intuentesque
1134 897 1165 944 11

86 975 138 1042 alii
154 973 245 1053 alios,
259 996 333 1040 cum
346 974 481 1040 alterum
492 972 628 1059 quisque
645 985 812 1060 conpotem
829 976 932 1064 magis
950 979 1064 1046 mentis
1078 1001 1116 1046 ac

87 1068 209 1136 consilii
226 1069 385 1146 ducerent,
404 1066 459 1134 diu
476 1066 641 1134 inmobiles
660 1068 763 1136 silent.
789 1069 903 1137 deinde
920 1070 976 1137 ubi
991 1082 1117 1159 praeto-
1135 1084 1167 1133 11

87 1165 133 1232 ria
150 1163 317 1231 consulum
330 1162 409 1251 engi
423 1163 531 1230 videre
543 1174 575 1230 et
588 1165 735 1250 expedire
748 1165 903 1251 quosdam
917 1167 1006 1232 utilia
1018 1168 1115 1254 operi,

90 1280 284 1344 qumquam
302 1257 438 1324 ludibrio
461 1258 529 1324 fore
551 1259 726 1325 munientes
743 1259 872 1346 perditis
890 1260 984 1327 rebus
1003 1283 1040 1328 ac
1058 1284 1115 1349 spe

87 1355 172 1421 omni
193 1354 343 1440 adempta
364 1353 546 1434 cernebant,
569 1365 688 1436 tamen,
710 1379 751 1422 ne
768 1357 893 1445 culpam
910 1359 1000 1426 malis
1018 1361 1167 1428 adde-13

85 1456 167 1527 rent,
189 1471 249 1535 pro
266 1471 301 1514 se
318 1449 453 1535 quisque
476 1472 536 1516 nec
556 1449 700 1517 hortante
722 1451 786 1518 ullo
808 1475 867 1519 nec
883 1454 1056 1540 imperante
1074 1457 1117 1522 ad

85 1544 290 1610 muniendum
307 1545 392 1611 versi
414 1555 516 1611 castra
532 1556 660 1633 propter
677 1569 792 1632 aquam
809 1548 893 1615 vallo
910 1551 1114 1629 circumdant,

87 1663 144 1708 sua
159 1640 224 1728 ipsi
241 1663 337 1727 opera
352 1640 554 1728 laboremque
571 1642 707 1722 inritum,
725 1647 1043 1730 praeterquamquod
1058 1646 1117 1713 ho-
1134 1658 1167 1708 14

87 1746 150 1802 stes
168 1735 305 1822 superbe
322 1735 535 1823 increpabant,
554 1759 627 1802 cum
644 1736 814 1803 miserabili
833 1738 1030 1806 confessione
1049 1741 1115 1805 elu-

84 1826 206 1897 dentes.
241 1830 284 1895 111
305 1830 452 1897 consules
474 1840 627 1909 maestos,
653 1852 694 1896 ne
716 1831 906 1897 advocantes
933 1833 1060 1917 quidem
1081 1834 1167 1897 in1⁵

85 1923 261 2003 consilium,
280 1924 406 2009 quando
423 1947 483 1991 nec
495 1924 625 1991 consilio
638 1947 698 1990 nec
711 1925 827 1991 auxilio
844 1926 933 1993 locus
948 1935 1041 2004 esset,
1056 1950 1115 1994 sua

86 2029 200 2106 sponte
215 2019 314 2106 legati
330 2041 368 2086 ac
385 2018 502 2086 tribuni
519 2020 718 2100 conveniunt,
736 2020 913 2107 militesque
932 2022 973 2087 ad
989 2032 1114 2110 praeto-

84 2115 169 2182 rium
187 2115 271 2181 versi
288 2137 396 2201 opem,
419 2137 514 2200 quam
532 2115 587 2180 vix
603 2115 647 2180 dii
663 2115 845 2182 inmortales
862 2116 944 2202 ferre
961 2127 1114 2203 poterant,

87 2207 127 2276 ab
145 2209 282 2276 ducibus
301 2220 485 2296 exposcunt.

147 2303 214 2372 ΙΠ.
246 2302 423 2388 Querentes
440 2304 542 2392 magis
560 2326 656 2389 quam
673 2303 885 2369 consultantes
904 2327 967 2370 nox
985 2326 1115 2391 oppres·
1133 2327 1148 2375 1

84 2403 135 2482 ait,
154 2423 229 2469 cum
245 2423 304 2488 pro
320 2401 447 2489 ingenio
461 2401 595 2485 quisque
612 2399 790 2479 fremerent,
809 2400 903 2465 alius:
923 2405 993 2486 ‘per
1007 2399 1114 2466 obices

82 2494 232 2575 viarum,'
246 2495 342 2561 alius:
361 2502 432 2582 ‘per
444 2495 578 2561 adversa
594 2495 758 2573 montium,
771 2516 828 2581 per
841 2493 946 2572 silvae,
960 2516 1023 2577 qua
1039 2493 1115 2559 ferri

82 2613 176 2657 arma
189 2598 484 2677 poterunt,‘eamus.
519 2588 613 2655 modo
631 2589 673 2654 ad
689 2588 814 2667 hostem
830 2587 992 2675 pervenire
1009 2586 1112 2666 liceat,
1132 2600 1148 2648 1

81 2707 180 2770 quem
192 2706 250 2772 per
262 2706 362 2750 annos
379 2684 443 2750 iam
456 2707 554 2771 prope
567 2683 694 2770 triginta
706 2683 861 2749 vincimus
866 2708 876 2762 ;
894 2683 1000 2749 omnia
1012 2704 1114 2768 aequa
1156 2707 1161 2720 ·

81 2790 116 2847 et
131 2778 231 2866 plana
248 2788 339 2844 erunt
354 2777 500 2845 Romano
521 2779 555 2842 in
570 2777 726 2864 perfidum
745 2775 920 2844 Samnitem
940 2776 1113 2865 pugnanti‚’

81 2873 180 2941 11111111
205 2878 283 2958 ‘quc
301 2881 356 2938 aut
372 2894 437 2957 qua
454 2873 582 2940 eamus?
603 2895 680 2937 num
698 2883 821 2938 montes
840 2872 942 2938 moliri
964 2873 1039 2938 sede
1058 2893 1149 2942 suae

79 2967 254 3058 1111111111
279 2968 356 3034 dum
372 2967 451 3035 baec
467 2965 664 3033 inminebunt
680 2968 770 3055 iuga,
793 2989 857 3052 qua
874 2976 909 3031 tu
926 2967 968 3045 111
990 2967 1115 3034 hostem

80 3061 214 3131 venies?
234 3063 347 3130 armati
363 3063 509 3142 inermes,
528 3062 626 3129 fortes
643 3062 759 3150 ignavi,
778 3062 895 3147 pariter
908 3083 1016 3127 omnes
1030 3061 1115 3147 capti

85 3166 181 3242 atque
194 3157 273 3224 victi
285 3178 406 3224 sumus.
431 3179 473 3223 ne
485 3157 603 3223 ferrum
616 3157 744 3242 quidem
762 3156 803 3221 111
820 3154 901 3221 bene
917 3154 1115 3220 moriendum

80 3250 249 3320 0111111111
267 3260 316 3318 est
332 3251 443 3330 hostis,
458 3251 571 3318 sedens
589 3249 707 3317 bellum
721 3247 883 3316 conficiet!
912 3247 961 3313 bis
979 3247 1114 3313 invicem
1131 3269 1149 3317 4

77 3346 283 3415 sermonibus
297 3368 361 3431 qua
375 3345 438 3412 cibi
454 3367 518 3431 qua
530 3345 644 3431 quietis
657 3346 812 3412 inmemor
823 3366 887 3411 nox
900 3343 1043 3409 traducta
1056 3350 1114 3408 est.

146 3441 198 3508 Ne
213 3437 412 3508 Samnitibus
428 3439 557 3525 quidem
574 3439 741 3505 consilium
757 3439 791 3504 in
808 3448 874 3504 tam
890 3437 981 3504 laetis
1000 3457 1116 3524 suppe-

77 3535 171 3605 tebat
186 3533 295 3612 rebus
329 3534 436 3619 itaque
453 3534 592 3600 universi
609 3532 806 3600 Herennium
822 3531 973 3599 Pontium
993 3540 1116 3619 patrem
1179 3530 1182 3538 “

77 3629 282 3718 imperatoris
299 3651 357 3716 per
373 3629 493 3695 litteras
511 3627 740 3694 consulendum
758 3637 895 3694 censent.
925 3628 990 3693 iam
1002 3627 1030 3693 is
1044 3649 1115 3715 gra-
1133 3643 1148 3695 1

77 3725 129 3793 vis
149 3723 243 3790 1111111
260 3746 325 3791 non
342 3721 530 3789 militaribus
549 3721 661 3800 solum,
676 3721 733 3788 sed
746 3720 890 3787 civilibus
903 3742 1029 3807 quoque
1042 3718 1115 3785 abs-

77 3825 226 3887 cesserat
241 3815 439 3896 muneribns,
457 3816 491 3882 in
508 3837 638 3903 corpore
655 3825 761 3881 tamen
779 3814 903 3881 adfecto
920 3813 1048 3900 vigebat
1065 3811 1113 3876 vis

77 3911 181 3980 animi
204 3910 399 3995 consiliique.
434 3910 463 3975 is
485 3909 542 3977 ubi
563 3909 698 3997 accepit,
725 3909 767 3976 ad
788 3909 928 3975 finonlas
951 3904 1146 3972 0111111116

77 4009 164 4075 inter
182 4006 266 4073 duos
284 4005 383 4074 saltus
401 4005 525 4074 clausos
544 4027 615 4074 esse
633 4005 787 4072 exercitus
801 4003 973 4080 Romanos,
987 3999 1113 4066 consul-
