2566 4524
514 201 632 256 aissa
643 202 672 272 r,
690 201 716 257 s.
1108 195 1127 260 7

98 371 179 440 erat,
199 369 305 426 tamen
316 358 350 423 id
362 357 530 444 imperium
546 357 576 423 ei
593 358 634 422 ad
650 357 802 444 puberem
819 368 955 427 aetatem
971 361 1127 439 incolume

95 456 224 522 mansit.
259 453 411 539 tantisper
432 451 530 518 tutela
550 451 694 521 muliebri
711 490 753 501 -
770 462 857 519 tanta
873 454 995 522 indoles
1011 455 1045 521 in
1061 456 1128 525 La·

96 552 183 617 vinia
205 557 272 623 erat
288 586 330 597 -
348 569 398 617 res
416 547 534 617 Latina
554 556 586 612 et
606 570 739 634 regnum
760 549 880 613 avitum
901 559 1126 635 paternumque

97 667 197 733 puero
215 643 311 711 stetit.
341 641 427 706 haud
444 641 603 728 ambigam
621 679 663 690 -
681 643 752 726 quis
770 643 854 709 enim
871 666 938 713 rem
956 654 1020 709 tam
1041 657 1127 711 vete-
1145 658 1160 705 a

98 763 164 807 rem
176 760 236 826 pro
250 744 334 802 certo
347 734 509 801 adfirmet?
525 773 568 789 ....
585 734 687 801 hicine
701 735 795 800 fuerit
802 735 961 802 Ascanius
975 761 1017 807 an
1029 738 1127 805 maior

96 857 195 920 quam
220 832 287 910 bic,
316 829 437 898 Creusa
457 839 557 896 matre
579 828 640 895 Ilio
665 831 813 897 incolumi
838 842 931 900 natus
959 855 1126 917 comesque

99 929 175 993 inde
205 939 353 1013 paternae
383 924 493 1011 fugae,
529 946 624 1007 quem
649 922 755 993 Iulum
781 926 914 991 cundem
939 923 1022 991 Iulia
1046 949 1125 1012 gens

97 1032 262 1088 auctorem
278 1019 413 1084 nominis
431 1018 481 1084 sui
497 1027 666 1104 nuncupat.
697 1018 725 1085 is
743 1017 917 1097 Ascanius,
935 1019 1126 1104 ubicumque
1145 1031 1160 1077 3

94 1127 127 1181 et
149 1134 348 1200 quacumque
370 1121 468 1178 matre
490 1112 615 1198 genitus
634 1149 676 1161 -
692 1121 776 1177 certe
797 1123 906 1177 natum
923 1111 1035 1178 Aenea
1053 1135 1127 1177 con-

96 1219 160 1275 stat
181 1247 225 1258 -
246 1206 425 1273 abundante
446 1206 564 1273 Lavini
584 1205 782 1277 multitudine
804 1207 965 1273 florentem
987 1207 1064 1287 iam,
1091 1216 1126 1273 ut

96 1315 165 1370 tum
181 1326 233 1368 res
252 1312 353 1380 erant,
372 1311 466 1386 atque
483 1300 664 1387 opulentam
676 1299 786 1366 urbem
799 1301 891 1367 matri
905 1324 961 1366 seu
973 1323 1126 1369 novercae

94 1396 236 1481 reliquit,
263 1418 378 1475 novam
399 1394 468 1480 ipso
489 1395 584 1459 aliam
611 1392 670 1459 sub
692 1392 819 1476 Albano
846 1405 952 1460 monte
978 1393 1124 1471 condidit,

96 1504 178 1567 quae
192 1480 233 1546 ab
248 1482 311 1546 situ
322 1489 482 1566 porrectae
495 1479 528 1545 in
541 1480 634 1545 dorso
648 1478 734 1544 urbis
742 1479 859 1566 Longa
866 1477 952 1548 Alba
961 1480 1125 1566 appellata.

160 1575 250 1643 Inter
261 1575 434 1643 Lavinium
445 1583 479 1639 et
491 1571 609 1641 Albam
622 1573 771 1660 Longam
788 1575 954 1640 deductam
973 1573 1127 1640 coloniam
1144 1593 1161 1638 4

95 1670 227 1756 triginta
243 1669 341 1733 ferme
358 1667 527 1733 interfuere
544 1668 627 1736 anni.
664 1677 785 1737 tantum
803 1679 909 1735 tamen
925 1690 1001 1754 opes
1021 1690 1127 1735 creve-

94 1774 169 1831 rant
186 1763 324 1828 maxime
341 1762 421 1827 lusis
438 1761 597 1840 Etruscis,
615 1771 707 1828 utne
724 1771 824 1827 morte
841 1762 969 1846 quidem
994 1761 1125 1831 Aeneae
1156 1790 1158 1793 ’

95 1881 158 1924 nec
181 1857 294 1923 deinde
316 1857 397 1923 inter
417 1855 602 1923 muliebrem
623 1856 752 1925 tutelam
773 1857 1045 1941 rudimentumque
1061 1856 1125 1941 pri-

98 1976 188 2025 mum
210 1951 340 2037 puerilis
362 1951 452 2039 regni
468 1972 594 2016 movere
612 1974 699 2017 arma
716 1960 770 2015 aut
786 1949 965 2017 Mezentius
982 1950 1126 2016 Etrusci-

97 2069 159 2133 que
176 2055 231 2112 aut
248 2046 304 2112 ulli
322 2046 375 2112 alii
390 2045 516 2115 accolae
534 2045 604 2111 ausi
622 2046 692 2111 sint.
729 2068 792 2130 pax
809 2045 853 2111 ita
871 2054 1071 2124 convenerat,
1090 2053 1126 2109 ut
1144 2061 1159 2107 5
1273 2114 1276 2123 ,

96 2139 242 2206 Etruscis
260 2139 447 2225 Latinisque
468 2139 583 2209 fluvius
604 2138 737 2217 Albula,
765 2161 859 2224 quem
881 2161 965 2204 nunc
987 2137 1127 2204 Tiberim

95 2243 226 2312 vocant,
253 2233 324 2298 finis
347 2242 439 2298 esset.
480 2230 598 2299 Silvius
616 2233 729 2299 deinde
746 2242 872 2320 regnat,
894 2233 1015 2299 Ascani
1032 2233 1158 2309 filinae

95 2351 174 2394 casu
192 2327 330 2411 quodam
346 2327 381 2391 in
397 2326 484 2398 silvis
499 2337 602 2395 uatus.
632 2327 659 2392 is
673 2325 818 2391 Aeneam
832 2325 967 2393 Silvium
981 2336 1078 2403 creat,
1097 2326 1124 2390 is
1144 2343 1158 2387 7

95 2422 211 2488 deinde
224 2422 376 2489 Latinum
392 2418 536 2487 Silvium.
567 2421 607 2486 ab
623 2444 660 2487 eo
675 2420 813 2486 coloniae
826 2420 945 2504 aliquot
962 2420 1123 2495 deductae,

95 2517 201 2581 Prisci
227 2516 336 2585 Latini
362 2514 519 2602 appellati.
562 2516 678 2580 mansit
705 2513 813 2580 Silviis
843 2524 953 2599 postea
979 2513 1159 2579 omnibusss

98 2631 289 2697 cognomen,
317 2609 372 2694 qui
392 2607 498 2674 Albae
518 2618 737 2696 regnaverunt.
777 2609 894 2674 Latino
916 2606 1003 2672 Alba
1029 2618 1124 2684 ortus,

97 2703 184 2770 Alba
197 2702 296 2791 Atys,
314 2702 400 2790 Atye
419 2701 541 2789 Capys,
561 2702 671 2790 Capye
690 2701 845 2790 Capetus,
865 2700 986 2788 Capeto
1005 2700 1127 2766 Tiberi-

97 2822 170 2876 nus,
195 2796 305 2880 qui-in
326 2797 457 2863 traiectu
472 2795 609 2864 Albulae
627 2797 727 2863 amnis
746 2796 929 2863 submersus
947 2794 1067 2862 celebre
1086 2797 1127 2861 ad

96 2902 241 2978 posteros
255 2913 371 2959 nomen
383 2891 503 2959 flumini
516 2892 611 2957 dedit.
637 2889 783 2978 Agrippa
795 2892 868 2958 inde
878 2891 1019 2957 Tiberini
1031 2891 1123 2969 filius,
1144 2913 1158 2959 a
1208 2976 1211 2982 Ι

97 2995 170 3070 post
187 2983 367 3072 Agrippam
383 2984 538 3057 Romulus
558 2983 676 3052 Silvius
700 3010 720 3051 a
740 2995 828 3072 patre
850 2995 978 3071 accepto
996 2985 1126 3071 imperio

98 3087 218 3165 regnat.
262 3077 422 3149 Aventino
445 3078 576 3144 fulmine
598 3079 667 3166 ipse
688 3080 768 3144 ictus
790 3101 922 3166 regnum
939 3102 996 3164 per
1013 3101 1125 3143 manus

98 3172 234 3237 tradidit.
269 3173 298 3237 is
321 3172 462 3259 sepultus
479 3173 513 3240 in
531 3196 568 3239 eo
587 3173 679 3253 colle,
702 3175 755 3258 qui
772 3197 855 3237 nunc
872 3196 946 3258 pars
964 3173 1125 3237 Romanae

97 3274 146 3332 est
161 3265 266 3345 urbis,
290 3288 464 3353 cognomen
482 3266 554 3333 colli
571 3267 654 3333 fecit.
698 3266 800 3332 Proca
818 3267 930 3331 deinde
947 3275 1065 3353 regnat.
1097 3267 1124 3332 is

95 3358 295 3429 Numitorem
308 3370 401 3444 atque
413 3359 577 3427 Amulium
590 3371 745 3447 procreat,
764 3361 931 3439 Numitori,
951 3360 1005 3444 qui
1019 3360 1123 3445 stirpis
1143 3381 1174 3428 10

98 3455 254 3519 maximus
272 3463 351 3532 erat,
373 3477 506 3543 regnum
522 3463 682 3520 vetustum
702 3452 819 3520 Silviae
835 3455 940 3541 gentis
957 3454 1050 3541 legat.

158 3546 239 3617 Plus
262 3556 368 3613 tamen
388 3549 437 3613 vis
458 3549 561 3635 potuit
577 3570 672 3634 quam
689 3548 832 3613 voluntas
850 3549 947 3635 patris
966 3557 1020 3612 aut
1037 3570 1125 3613 vere-

94 3642 211 3709 cundia
228 3640 349 3713 aetatis.
379 3641 472 3728 pulso
489 3643 584 3708 fratre
597 3640 745 3707 Amulius
759 3651 878 3729 regnat.
910 3642 997 3707 addit
1015 3641 1125 3707 sceleri
1144 3663 1173 3710 11

94 3735 214 3802 scelus:
237 3735 368 3823 stirpem
386 3735 490 3811 fratris
508 3737 629 3802 virilem
643 3736 804 3816 interimit,
823 3736 928 3801 fratris
942 3735 1025 3801 filiae
1037 3735 1124 3800 Reae

95 3826 215 3896 Silviae
231 3851 291 3917 per
308 3831 445 3917 speciem
461 3829 603 3909 honoris,
627 3853 700 3896 cum
717 3829 880 3897 Vestalem
897 3854 967 3896 eam
984 3828 1122 3917 legisset,

93 3934 247 4011 perpetua
264 3924 442 4015 virginitate
460 3949 549 4013 spem
568 3935 677 4013 partus
696 3925 814 3990 adimit.
