<?xml version="1.0" encoding="UTF-8"?>
<!DOCTYPE html PUBLIC "-//W3C//DTD XHTML 1.0 Transitional//EN"
    "http://www.w3.org/TR/xhtml1/DTD/xhtml1-transitional.dtd">
<html xmlns="http://www.w3.org/1999/xhtml" xml:lang="en" lang="en">
 <head>
  <title>
</title>
<meta http-equiv="Content-Type" content="text/html;charset=utf-8" />
  <meta name='ocr-system' content='tesseract 3.04.00' />
  <meta name='ocr-capabilities' content='ocr_page ocr_carea ocr_par ocr_line ocrx_word'/>
</head>
<body>
  <div class='ocr_page' id='page_1' title='image "./titiliviaburbec01weisgoog_0595.png"; bbox 0 0 2566 4524; ppageno 0'>
   <div class='ocr_carea' id='block_1_1' title="bbox 145 251 983 332">
    <p class='ocr_par' dir='ltr' id='par_1_1' title="bbox 145 251 983 332">
     <span class='ocr_line' id='line_1_1' title="bbox 145 251 983 332; baseline -0.002 -14"><span class='ocrx_word' id='word_1_1' title='bbox 145 251 211 318; x_wconf 80' lang='lat'><strong>340</strong></span> <span class='ocrx_word' id='word_1_2' title='bbox 342 257 461 314; x_wconf 84' lang='lat' dir='ltr'><strong>LIBER</strong></span> <span class='ocrx_word' id='word_1_3' title='bbox 477 258 534 328; x_wconf 88' lang='lat' dir='ltr'><strong>VI,</strong></span> <span class='ocrx_word' id='word_1_4' title='bbox 552 257 594 314; x_wconf 60' lang='lat'><strong>34</strong></span> <span class='ocrx_word' id='word_1_5' title='bbox 609 256 650 313; x_wconf 83' lang='lat'><strong>35.</strong></span> <span class='ocrx_word' id='word_1_6' title='bbox 670 261 746 326; x_wconf 83' lang='lat' dir='ltr'><strong>[au.</strong></span> <span class='ocrx_word' id='word_1_7' title='bbox 757 257 983 332; x_wconf 57' lang='lat' dir='ltr'><strong>estus-385]</strong></span> 
     </span>
    </p>
   </div>
   <div class='ocr_carea' id='block_1_2' title="bbox 36 414 1192 4089">
    <p class='ocr_par' dir='ltr' id='par_1_2' title="bbox 97 414 1166 504">
     <span class='ocr_line' id='line_1_2' title="bbox 97 414 1166 504; baseline -0.004 -12"><span class='ocrx_word' id='word_1_8' title='bbox 97 443 130 492; x_wconf 88' lang='lat'><strong>10</strong></span> <span class='ocrx_word' id='word_1_9' title='bbox 147 421 255 499; x_wconf 90' lang='lat' dir='ltr'><strong>domo,</strong></span> <span class='ocrx_word' id='word_1_10' title='bbox 278 440 374 502; x_wconf 84' lang='lat' dir='ltr'><strong>quam</strong></span> <span class='ocrx_word' id='word_1_11' title='bbox 390 438 450 485; x_wconf 88' lang='lat' dir='ltr'><strong>nee</strong></span> <span class='ocrx_word' id='word_1_12' title='bbox 466 415 568 483; x_wconf 90' lang='lat' dir='ltr'><strong>honos</strong></span> <span class='ocrx_word' id='word_1_13' title='bbox 585 437 644 482; x_wconf 89' lang='lat' dir='ltr'><strong>nec</strong></span> <span class='ocrx_word' id='word_1_14' title='bbox 661 414 764 503; x_wconf 84' lang='lat' dir='ltr'><strong>gratia</strong></span> <span class='ocrx_word' id='word_1_15' title='bbox 780 415 895 483; x_wconf 83' lang='lat' dir='ltr'><strong>inrtrare</strong></span> <span class='ocrx_word' id='word_1_16' title='bbox 912 426 1032 504; x_wconf 82' lang='lat' dir='ltr'><strong>posset</strong></span> <span class='ocrx_word' id='word_1_17' title='bbox 1066 441 1166 488; x_wconf 89' lang='lat' dir='ltr'><strong>conso-</strong></span> 
     </span>
    </p>

    <p class='ocr_par' dir='ltr' id='par_1_3' title="bbox 36 508 1159 694">
     <span class='ocr_line' id='line_1_3' title="bbox 146 508 1159 582; baseline -0.001 -1"><span class='ocrx_word' id='word_1_18' title='bbox 146 515 214 582; x_wconf 86' lang='lat' dir='ltr'><strong>lans</strong></span> <span class='ocrx_word' id='word_1_19' title='bbox 232 514 305 579; x_wconf 90' lang='lat' dir='ltr'><strong>inde</strong></span> <span class='ocrx_word' id='word_1_20' title='bbox 323 512 420 577; x_wconf 88' lang='lat' dir='ltr'><strong>liliam</strong></span> <span class='ocrx_word' id='word_1_21' title='bbox 437 508 617 576; x_wconf 85' lang='lat' dir='ltr'>Ambustus</span> <span class='ocrx_word' id='word_1_22' title='bbox 635 510 755 575; x_wconf 90' lang='lat' dir='ltr'><strong>bonum</strong></span> <span class='ocrx_word' id='word_1_23' title='bbox 772 509 912 575; x_wconf 86' lang='lat' dir='ltr'><strong>animum</strong></span> <span class='ocrx_word' id='word_1_24' title='bbox 934 510 1051 580; x_wconf 79' lang='lat' dir='ltr'><strong>habere</strong></span> <span class='ocrx_word' id='word_1_25' title='bbox 1070 513 1159 580; x_wconf 87' lang='lat' dir='ltr'><strong>iussit:</strong></span> 
     </span>
     <span class='ocr_line' id='line_1_4' title="bbox 36 594 1154 717; baseline -0.002 -42"><span class='ocrx_word' id='word_1_26' title='bbox 36 594 45 608; x_wconf 65' lang='grc'><em>’</em></span> <span class='ocrx_word' id='word_1_27' title='bbox 146 609 275 675; x_wconf 90' lang='lat' dir='ltr'><strong>eosdem</strong></span> <span class='ocrx_word' id='word_1_28' title='bbox 292 627 391 693; x_wconf 89' lang='lat' dir='ltr'><strong>prope</strong></span> <span class='ocrx_word' id='word_1_29' title='bbox 408 604 492 671; x_wconf 87' lang='lat' dir='ltr'><strong>diem</strong></span> <span class='ocrx_word' id='word_1_30' title='bbox 508 603 595 671; x_wconf 88' lang='lat' dir='ltr'><strong>domi</strong></span> <span class='ocrx_word' id='word_1_31' title='bbox 613 603 752 670; x_wconf 87' lang='lat' dir='ltr'><strong>visuram</strong></span> <span class='ocrx_word' id='word_1_32' title='bbox 768 603 914 683; x_wconf 89' lang='lat' dir='ltr'><strong>honores,</strong></span> <span class='ocrx_word' id='word_1_33' title='bbox 934 627 1015 690; x_wconf 87' lang='lat' dir='ltr'><strong>quos</strong></span> <span class='ocrx_word' id='word_1_34' title='bbox 1030 609 1107 717; x_wconf 80' lang='lat' dir='ltr'><strong>apud</strong></span> <span class='ocrx_word' id='word_1_35' title='bbox 1119 631 1154 674; x_wconf 82' lang='lat' dir='ltr'><strong>so</strong></span> 
     </span>
    </p>

    <p class='ocr_par' dir='ltr' id='par_1_4' title="bbox 96 697 1153 979">
     <span class='ocr_line' id='line_1_5' title="bbox 96 697 1153 788; baseline -0.006 -14"><span class='ocrx_word' id='word_1_36' title='bbox 96 727 127 775; x_wconf 95' lang='grc'><strong>11</strong></span> <span class='ocrx_word' id='word_1_37' title='bbox 144 726 249 771; x_wconf 85' lang='lat' dir='ltr'><strong>rorem</strong></span> <span class='ocrx_word' id='word_1_38' title='bbox 270 701 385 767; x_wconf 85' lang='lat' dir='ltr'><strong>videat.</strong></span> <span class='ocrx_word' id='word_1_39' title='bbox 419 699 493 766; x_wconf 84' lang='lat' dir='ltr'><strong>inde</strong></span> <span class='ocrx_word' id='word_1_40' title='bbox 515 697 676 765; x_wconf 86' lang='lat' dir='ltr'><strong>consilia</strong></span> <span class='ocrx_word' id='word_1_41' title='bbox 666 698 745 765; x_wconf 88' lang='lat' dir='ltr'><strong>mire</strong></span> <span class='ocrx_word' id='word_1_42' title='bbox 768 721 841 766; x_wconf 91' lang='lat' dir='ltr'><strong>cum</strong></span> <span class='ocrx_word' id='word_1_43' title='bbox 861 721 983 785; x_wconf 85' lang='lat' dir='ltr'><strong>genero</strong></span> <span class='ocrx_word' id='word_1_44' title='bbox 1006 703 1101 788; x_wconf 87' lang='lat' dir='ltr'><strong>coepit</strong></span> <span class='ocrx_word' id='word_1_45' title='bbox 1115 703 1153 769; x_wconf 80' lang='lat' dir='ltr'><strong>ad</strong></span> 
     </span>
     <span class='ocr_line' id='line_1_6' title="bbox 145 791 1192 883; baseline 0 -20"><span class='ocrx_word' id='word_1_46' title='bbox 145 797 245 864; x_wconf 85' lang='lat' dir='ltr'><strong>bibito</strong></span> <span class='ocrx_word' id='word_1_47' title='bbox 261 796 304 861; x_wconf 86' lang='lat' dir='ltr'><strong>L.</strong></span> <span class='ocrx_word' id='word_1_48' title='bbox 323 791 450 871; x_wconf 80' lang='lat' dir='ltr'><strong>Sextio,</strong></span> <span class='ocrx_word' id='word_1_49' title='bbox 479 800 606 861; x_wconf 85' lang='lat' dir='ltr'><strong>strenuo</strong></span> <span class='ocrx_word' id='word_1_50' title='bbox 628 791 830 861; x_wconf 81' lang='lat' dir='ltr'><strong>adulescente</strong></span> <span class='ocrx_word' id='word_1_51' title='bbox 852 804 885 859; x_wconf 91' lang='lat' dir='ltr'><strong>et</strong></span> <span class='ocrx_word' id='word_1_52' title='bbox 901 796 993 863; x_wconf 89' lang='lat' dir='ltr'><strong>cuius</strong></span> <span class='ocrx_word' id='word_1_53' title='bbox 1016 797 1192 883; x_wconf 89' lang='lat' dir='ltr'><strong>speinill.</strong></span> 
     </span>
     <span class='ocr_line' id='line_1_7' title="bbox 145 885 722 979; baseline -0.003 -23"><span class='ocrx_word' id='word_1_54' title='bbox 145 900 269 979; x_wconf 87' lang='lat' dir='ltr'><strong>praeter</strong></span> <span class='ocrx_word' id='word_1_55' title='bbox 285 910 386 976; x_wconf 85' lang='lat' dir='ltr'><strong>genus</strong></span> <span class='ocrx_word' id='word_1_56' title='bbox 403 885 570 973; x_wconf 72' lang='lat' dir='ltr'><strong>patricium</strong></span> <span class='ocrx_word' id='word_1_57' title='bbox 587 887 722 955; x_wconf 77' lang='lat' dir='ltr'><strong>deesset.</strong></span> 
     </span>
    </p>

    <p class='ocr_par' dir='ltr' id='par_1_5' title="bbox 113 952 1192 1071">
     <span class='ocr_line' id='line_1_8' title="bbox 113 952 1192 1071; baseline -0.006 -16"><span class='ocrx_word' id='word_1_58' title='bbox 113 1009 127 1055; x_wconf 94' lang='grc'><strong>1</strong></span> <span class='ocrx_word' id='word_1_59' title='bbox 209 981 362 1051; x_wconf 86' lang='lat' dir='ltr'>XXXV.</span> <span class='ocrx_word' id='word_1_60' title='bbox 387 979 524 1048; x_wconf 87' lang='lat' dir='ltr'><strong>Oecasno</strong></span> <span class='ocrx_word' id='word_1_61' title='bbox 532 979 698 1048; x_wconf 79' lang='lat' dir='ltr'><strong>videbatur</strong></span> <span class='ocrx_word' id='word_1_62' title='bbox 709 1003 814 1048; x_wconf 90' lang='lat' dir='ltr'><strong>rerum</strong></span> <span class='ocrx_word' id='word_1_63' title='bbox 827 982 1045 1050; x_wconf 80' lang='lat' dir='ltr'><strong>novandarum</strong></span> <span class='ocrx_word' id='word_1_64' title='bbox 1053 993 1150 1071; x_wconf 89' lang='lat' dir='ltr'><strong>propter</strong></span> <span class='ocrx_word' id='word_1_65' title='bbox 1185 952 1192 1039; x_wconf 83' lang='lat' dir='ltr'><strong>l</strong></span> 
     </span>
    </p>

    <p class='ocr_par' dir='ltr' id='par_1_6' title="bbox 144 1042 1192 1167">
     <span class='ocr_line' id='line_1_9' title="bbox 144 1042 1192 1167; baseline 0 -22"><span class='ocrx_word' id='word_1_66' title='bbox 144 1081 306 1167; x_wconf 91' lang='lat' dir='ltr'><strong>ingentem</strong></span> <span class='ocrx_word' id='word_1_67' title='bbox 322 1076 388 1143; x_wconf 85' lang='lat' dir='ltr'><strong>vim</strong></span> <span class='ocrx_word' id='word_1_68' title='bbox 405 1076 486 1142; x_wconf 88' lang='lat' dir='ltr'><strong>aeris</strong></span> <span class='ocrx_word' id='word_1_69' title='bbox 505 1075 612 1154; x_wconf 88' lang='lat' dir='ltr'><strong>alieni,</strong></span> <span class='ocrx_word' id='word_1_70' title='bbox 635 1076 724 1143; x_wconf 89' lang='lat' dir='ltr'><strong>cuius</strong></span> <span class='ocrx_word' id='word_1_71' title='bbox 741 1075 888 1142; x_wconf 83' lang='lat' dir='ltr'><strong>levamen</strong></span> <span class='ocrx_word' id='word_1_72' title='bbox 903 1077 981 1144; x_wconf 86' lang='lat' dir='ltr'><strong>muli</strong></span> <span class='ocrx_word' id='word_1_73' title='bbox 998 1078 1129 1164; x_wconf 89' lang='lat' dir='ltr'><strong>plebis&#39;</strong></span> <span class='ocrx_word' id='word_1_74' title='bbox 1107 1077 1184 1147; x_wconf 85' lang='lat' dir='ltr'><strong>nui</strong></span> <span class='ocrx_word' id='word_1_75' title='bbox 1183 1042 1192 1137; x_wconf 89' lang='grc'><strong>1</strong></span> 
     </span>
    </p>

    <p class='ocr_par' dir='ltr' id='par_1_7' title="bbox 112 1169 1179 1636">
     <span class='ocr_line' id='line_1_10' title="bbox 112 1169 1148 1259; baseline -0.005 -16"><span class='ocrx_word' id='word_1_76' title='bbox 112 1197 127 1245; x_wconf 84' lang='lat'>2</span> <span class='ocrx_word' id='word_1_77' title='bbox 147 1175 213 1241; x_wconf 89' lang='lat' dir='ltr'><strong>suis</strong></span> <span class='ocrx_word' id='word_1_78' title='bbox 229 1173 264 1240; x_wconf 91' lang='lat' dir='ltr'><strong>in</strong></span> <span class='ocrx_word' id='word_1_79' title='bbox 282 1193 406 1238; x_wconf 92' lang='lat' dir='ltr'><strong>summo</strong></span> <span class='ocrx_word' id='word_1_80' title='bbox 422 1170 554 1256; x_wconf 89' lang='lat' dir='ltr'><strong>imperio</strong></span> <span class='ocrx_word' id='word_1_81' title='bbox 571 1169 683 1239; x_wconf 85' lang='lat' dir='ltr'><strong>locatis</strong></span> <span class='ocrx_word' id='word_1_82' title='bbox 700 1169 822 1237; x_wconf 91' lang='lat' dir='ltr'><strong>nullum</strong></span> <span class='ocrx_word' id='word_1_83' title='bbox 835 1182 985 1257; x_wconf 78' lang='lat' dir='ltr'>speraret.</span> <span class='ocrx_word' id='word_1_84' title='bbox 1012 1173 1148 1259; x_wconf 85' lang='lat' dir='ltr'><strong>accingen-</strong></span> 
     </span>
     <span class='ocr_line' id='line_1_11' title="bbox 146 1265 1148 1353; baseline -0.002 -18"><span class='ocrx_word' id='word_1_85' title='bbox 146 1271 223 1335; x_wconf 90' lang='lat' dir='ltr'><strong>dum</strong></span> <span class='ocrx_word' id='word_1_86' title='bbox 241 1269 282 1333; x_wconf 89' lang='lat' dir='ltr'><strong>ad</strong></span> <span class='ocrx_word' id='word_1_87' title='bbox 299 1289 369 1333; x_wconf 89' lang='lat' dir='ltr'><strong>eam</strong></span> <span class='ocrx_word' id='word_1_88' title='bbox 387 1265 609 1353; x_wconf 73' lang='lat' dir='ltr'><strong>cogitationem</strong></span> <span class='ocrx_word' id='word_1_89' title='bbox 627 1286 707 1332; x_wconf 87' lang='lat' dir='ltr'><strong>esse.</strong></span> <span class='ocrx_word' id='word_1_90' title='bbox 744 1265 887 1332; x_wconf 84' lang='lat' dir='ltr'><strong>conando</strong></span> <span class='ocrx_word' id='word_1_91' title='bbox 908 1268 1091 1353; x_wconf 90' lang='lat' dir='ltr'><strong>agendoque</strong></span> <span class='ocrx_word' id='word_1_92' title='bbox 1104 1268 1148 1332; x_wconf 86' lang='lat' dir='ltr'><strong>ian</strong></span> 
     </span>
     <span class='ocr_line' id='line_1_12' title="bbox 145 1358 1175 1450; baseline -0.003 -21"><span class='ocrx_word' id='word_1_93' title='bbox 145 1385 183 1429; x_wconf 90' lang='lat' dir='ltr'><strong>eo</strong></span> <span class='ocrx_word' id='word_1_94' title='bbox 196 1362 330 1450; x_wconf 59' lang='lat' dir='ltr'><strong>gadum</strong></span> <span class='ocrx_word' id='word_1_95' title='bbox 343 1360 459 1427; x_wconf 87' lang='lat' dir='ltr'><strong>fecisse</strong></span> <span class='ocrx_word' id='word_1_96' title='bbox 470 1358 623 1446; x_wconf 91' lang='lat' dir='ltr'><strong>plebeios,</strong></span> <span class='ocrx_word' id='word_1_97' title='bbox 641 1359 735 1438; x_wconf 89' lang='lat' dir='ltr'><strong>unde,</strong></span> <span class='ocrx_word' id='word_1_98' title='bbox 754 1359 782 1426; x_wconf 93' lang='lat' dir='ltr'><strong>si</strong></span> <span class='ocrx_word' id='word_1_99' title='bbox 790 1381 883 1447; x_wconf 90' lang='lat' dir='ltr'><strong>porro</strong></span> <span class='ocrx_word' id='word_1_100' title='bbox 897 1361 1084 1442; x_wconf 79' lang='lat' dir='ltr'><strong>adnitantur,</strong></span> <span class='ocrx_word' id='word_1_101' title='bbox 1098 1382 1148 1447; x_wconf 88' lang='lat' dir='ltr'><strong>per·</strong></span> <span class='ocrx_word' id='word_1_102' title='bbox 1168 1434 1175 1441; x_wconf 59' lang='grc'><strong>,</strong></span> 
     </span>
     <span class='ocr_line' id='line_1_13' title="bbox 144 1453 1179 1542; baseline 0.001 -20"><span class='ocrx_word' id='word_1_103' title='bbox 144 1457 250 1523; x_wconf 88' lang='lat' dir='ltr'><strong>venire</strong></span> <span class='ocrx_word' id='word_1_104' title='bbox 272 1455 313 1522; x_wconf 87' lang='lat' dir='ltr'><strong>ad</strong></span> <span class='ocrx_word' id='word_1_105' title='bbox 331 1477 454 1521; x_wconf 87' lang='lat' dir='ltr'><strong>summa</strong></span> <span class='ocrx_word' id='word_1_106' title='bbox 476 1463 508 1521; x_wconf 91' lang='lat' dir='ltr'><strong>et</strong></span> <span class='ocrx_word' id='word_1_107' title='bbox 532 1453 674 1541; x_wconf 86' lang='lat' dir='ltr'><strong>patribus</strong></span> <span class='ocrx_word' id='word_1_108' title='bbox 700 1455 829 1539; x_wconf 85' lang='lat' dir='ltr'><strong>aequari</strong></span> <span class='ocrx_word' id='word_1_109' title='bbox 854 1464 920 1523; x_wconf 87' lang='lat' dir='ltr'><strong>tam</strong></span> <span class='ocrx_word' id='word_1_110' title='bbox 941 1455 1058 1525; x_wconf 90' lang='lat' dir='ltr'><strong>honore</strong></span> <span class='ocrx_word' id='word_1_111' title='bbox 1078 1477 1148 1542; x_wconf 87' lang='lat' dir='ltr'><strong>quan</strong></span> <span class='ocrx_word' id='word_1_112' title='bbox 1169 1516 1179 1523; x_wconf 93' lang='lat'><strong>..</strong></span> 
     </span>
     <span class='ocr_line' id='line_1_14' title="bbox 144 1551 1179 1636; baseline -0.009 -20"><span class='ocrx_word' id='word_1_113' title='bbox 144 1551 259 1616; x_wconf 83' lang='lat' dir='ltr'><strong>virtute</strong></span> <span class='ocrx_word' id='word_1_114' title='bbox 276 1558 416 1636; x_wconf 77' lang='lat' dir='ltr'><strong>possent.</strong></span> <span class='ocrx_word' id='word_1_115' title='bbox 1173 1576 1179 1583; x_wconf 95' lang='lat'>·</span> 
     </span>
    </p>

    <p class='ocr_par' dir='ltr' id='par_1_8' title="bbox 111 1641 1174 1828">
     <span class='ocr_line' id='line_1_15' title="bbox 111 1641 1174 1731; baseline -0.003 -16"><span class='ocrx_word' id='word_1_116' title='bbox 111 1667 126 1715; x_wconf 82' lang='grc' dir='ltr'><strong>ι</strong></span> <span class='ocrx_word' id='word_1_117' title='bbox 208 1644 249 1710; x_wconf 91' lang='lat' dir='ltr'><strong>In</strong></span> <span class='ocrx_word' id='word_1_118' title='bbox 265 1643 442 1730; x_wconf 79' lang='lat' dir='ltr'><strong>praesentia</strong></span> <span class='ocrx_word' id='word_1_119' title='bbox 459 1642 600 1711; x_wconf 82' lang='lat' dir='ltr'><strong>tribunos</strong></span> <span class='ocrx_word' id='word_1_120' title='bbox 617 1641 719 1728; x_wconf 88' lang='lat' dir='ltr'><strong>plebis</strong></span> <span class='ocrx_word' id='word_1_121' title='bbox 737 1641 805 1710; x_wconf 90' lang='lat' dir='ltr'><strong>lieri</strong></span> <span class='ocrx_word' id='word_1_122' title='bbox 822 1643 940 1731; x_wconf 73' lang='lat' dir='ltr'><strong>placuit</strong></span> <span class='ocrx_word' id='word_1_123' title='bbox 945 1683 955 1722; x_wconf 54' lang='grc' dir='ltr'><strong>ι</strong></span> <span class='ocrx_word' id='word_1_124' title='bbox 978 1667 1042 1730; x_wconf 88' lang='lat' dir='ltr'><strong>quo</strong></span> <span class='ocrx_word' id='word_1_125' title='bbox 1058 1646 1088 1711; x_wconf 92' lang='lat' dir='ltr'><strong>in</strong></span> <span class='ocrx_word' id='word_1_126' title='bbox 1103 1665 1149 1711; x_wconf 76' lang='lat' dir='ltr'><strong>ne</strong></span> <span class='ocrx_word' id='word_1_127' title='bbox 1171 1692 1174 1699; x_wconf 89' lang='lat'>-</span> 
     </span>
     <span class='ocr_line' id='line_1_16' title="bbox 143 1737 1149 1828; baseline -0.002 -22"><span class='ocrx_word' id='word_1_128' title='bbox 143 1740 278 1828; x_wconf 76' lang='lat' dir='ltr'><strong>gisuatu</strong></span> <span class='ocrx_word' id='word_1_129' title='bbox 299 1737 425 1806; x_wconf 91' lang='lat' dir='ltr'><strong>sibimet</strong></span> <span class='ocrx_word' id='word_1_130' title='bbox 445 1737 508 1824; x_wconf 88' lang='lat' dir='ltr'><strong>ipsi</strong></span> <span class='ocrx_word' id='word_1_131' title='bbox 528 1737 614 1805; x_wconf 84' lang='lat' dir='ltr'><strong>viam</strong></span> <span class='ocrx_word' id='word_1_132' title='bbox 639 1737 682 1802; x_wconf 87' lang='lat' dir='ltr'><strong>ad</strong></span> <span class='ocrx_word' id='word_1_133' title='bbox 706 1746 827 1804; x_wconf 87' lang='lat' dir='ltr'><strong>ceteros</strong></span> <span class='ocrx_word' id='word_1_134' title='bbox 849 1737 985 1805; x_wconf 89' lang='lat' dir='ltr'><strong>honores</strong></span> <span class='ocrx_word' id='word_1_135' title='bbox 1012 1741 1149 1826; x_wconf 83' lang='lat' dir='ltr'><strong>aperirent</strong></span> 
     </span>
    </p>

    <p class='ocr_par' dir='ltr' id='par_1_9' title="bbox 104 1829 1153 2202">
     <span class='ocr_line' id='line_1_17' title="bbox 104 1829 1150 1921; baseline -0.005 -16"><span class='ocrx_word' id='word_1_136' title='bbox 104 1835 302 1918; x_wconf 68' lang='lat' dir='ltr'><strong>screatique</strong></span> <span class='ocrx_word' id='word_1_137' title='bbox 333 1833 450 1900; x_wconf 89' lang='lat' dir='ltr'><strong>tribuni</strong></span> <span class='ocrx_word' id='word_1_138' title='bbox 474 1829 515 1898; x_wconf 86' lang='lat' dir='ltr'><strong>C.</strong></span> <span class='ocrx_word' id='word_1_139' title='bbox 537 1830 683 1900; x_wconf 85' lang='lat' dir='ltr'><strong>Licinius</strong></span> <span class='ocrx_word' id='word_1_140' title='bbox 709 1840 742 1899; x_wconf 90' lang='lat' dir='ltr'><strong>et</strong></span> <span class='ocrx_word' id='word_1_141' title='bbox 765 1832 808 1897; x_wconf 86' lang='lat' dir='ltr'><strong>L.</strong></span> <span class='ocrx_word' id='word_1_142' title='bbox 837 1829 966 1898; x_wconf 83' lang='lat' dir='ltr'><strong>Sextius</strong></span> <span class='ocrx_word' id='word_1_143' title='bbox 997 1833 1150 1921; x_wconf 75' lang='lat' dir='ltr'><strong>promulgo·</strong></span> 
     </span>
     <span class='ocr_line' id='line_1_18' title="bbox 143 1926 1151 2015; baseline -0.002 -21"><span class='ocrx_word' id='word_1_144' title='bbox 143 1951 217 1994; x_wconf 83' lang='lat' dir='ltr'><strong>vere</strong></span> <span class='ocrx_word' id='word_1_145' title='bbox 233 1928 321 2014; x_wconf 86' lang='lat' dir='ltr'><strong>leges</strong></span> <span class='ocrx_word' id='word_1_146' title='bbox 340 1948 449 1992; x_wconf 88' lang='lat' dir='ltr'><strong>omnes</strong></span> <span class='ocrx_word' id='word_1_147' title='bbox 467 1926 619 1991; x_wconf 82' lang='lat' dir='ltr'><strong>adversus</strong></span> <span class='ocrx_word' id='word_1_148' title='bbox 642 1947 718 2012; x_wconf 90' lang='lat' dir='ltr'><strong>opes</strong></span> <span class='ocrx_word' id='word_1_149' title='bbox 740 1926 942 2013; x_wconf 87' lang='lat' dir='ltr'><strong>patriciorum</strong></span> <span class='ocrx_word' id='word_1_150' title='bbox 964 1936 997 1993; x_wconf 92' lang='lat' dir='ltr'><strong>et</strong></span> <span class='ocrx_word' id='word_1_151' title='bbox 1012 1951 1068 2015; x_wconf 90' lang='lat' dir='ltr'><strong>pro</strong></span> <span class='ocrx_word' id='word_1_152' title='bbox 1088 1950 1151 1994; x_wconf 80' lang='lat' dir='ltr'><strong>com</strong></span> 
     </span>
     <span class='ocr_line' id='line_1_19' title="bbox 143 2018 1151 2107; baseline 0 -20"><span class='ocrx_word' id='word_1_153' title='bbox 143 2022 246 2087; x_wconf 88' lang='lat' dir='ltr'><strong>modis</strong></span> <span class='ocrx_word' id='word_1_154' title='bbox 272 2020 388 2107; x_wconf 87' lang='lat' dir='ltr'><strong>plebis:</strong></span> <span class='ocrx_word' id='word_1_155' title='bbox 415 2042 512 2084; x_wconf 87' lang='lat' dir='ltr'><strong>unam</strong></span> <span class='ocrx_word' id='word_1_156' title='bbox 537 2019 577 2084; x_wconf 91' lang='lat' dir='ltr'><strong>de</strong></span> <span class='ocrx_word' id='word_1_157' title='bbox 603 2042 674 2084; x_wconf 85' lang='lat' dir='ltr'><strong>sere</strong></span> <span class='ocrx_word' id='word_1_158' title='bbox 700 2018 816 2098; x_wconf 86' lang='lat' dir='ltr'><strong>alieno,</strong></span> <span class='ocrx_word' id='word_1_159' title='bbox 847 2030 883 2085; x_wconf 89' lang='lat' dir='ltr'><strong>ut</strong></span> <span class='ocrx_word' id='word_1_160' title='bbox 909 2021 1045 2088; x_wconf 90' lang='lat' dir='ltr'><strong>deducto</strong></span> <span class='ocrx_word' id='word_1_161' title='bbox 1070 2021 1151 2090; x_wconf 76' lang='lat' dir='ltr'><strong>code</strong></span> 
     </span>
     <span class='ocr_line' id='line_1_20' title="bbox 144 2112 1153 2202; baseline 0.002 -21"><span class='ocrx_word' id='word_1_162' title='bbox 144 2116 260 2201; x_wconf 86' lang='lat' dir='ltr'><strong>capite,</strong></span> <span class='ocrx_word' id='word_1_163' title='bbox 295 2114 383 2200; x_wconf 88' lang='lat' dir='ltr'><strong>quod</strong></span> <span class='ocrx_word' id='word_1_164' title='bbox 407 2112 512 2180; x_wconf 82' lang='lat' dir='ltr'><strong>usuris</strong></span> <span class='ocrx_word' id='word_1_165' title='bbox 538 2123 792 2200; x_wconf 86' lang='lat' dir='ltr'><strong>pernumeratum</strong></span> <span class='ocrx_word' id='word_1_166' title='bbox 819 2125 917 2194; x_wconf 88' lang='lat' dir='ltr'><strong>esset,</strong></span> <span class='ocrx_word' id='word_1_167' title='bbox 951 2117 987 2182; x_wconf 92' lang='lat' dir='ltr'><strong>id</strong></span> <span class='ocrx_word' id='word_1_168' title='bbox 1013 2119 1095 2202; x_wconf 91' lang='lat' dir='ltr'><strong>quod</strong></span> <span class='ocrx_word' id='word_1_169' title='bbox 1117 2138 1153 2183; x_wconf 88' lang='lat' dir='ltr'><strong>sn·</strong></span> 
     </span>
    </p>

    <p class='ocr_par' dir='ltr' id='par_1_10' title="bbox 111 2207 1155 2766">
     <span class='ocr_line' id='line_1_21' title="bbox 111 2207 1153 2297; baseline -0.005 -17"><span class='ocrx_word' id='word_1_170' title='bbox 111 2217 284 2296; x_wconf 81' lang='lat' dir='ltr'><strong>speresset</strong></span> <span class='ocrx_word' id='word_1_171' title='bbox 309 2207 442 2276; x_wconf 88' lang='lat' dir='ltr'><strong>triennio</strong></span> <span class='ocrx_word' id='word_1_172' title='bbox 467 2208 577 2293; x_wconf 89' lang='lat' dir='ltr'><strong>aequis</strong></span> <span class='ocrx_word' id='word_1_173' title='bbox 602 2207 798 2296; x_wconf 87' lang='lat' dir='ltr'><strong>portionibus</strong></span> <span class='ocrx_word' id='word_1_174' title='bbox 824 2210 1068 2297; x_wconf 84' lang='lat' dir='ltr'><strong>persolveretur3</strong></span> <span class='ocrx_word' id='word_1_175' title='bbox 1096 2211 1153 2277; x_wconf 82' lang='lat' dir='ltr'><strong>alte·</strong></span> 
     </span>
     <span class='ocr_line' id='line_1_22' title="bbox 142 2302 1154 2394; baseline 0.002 -24"><span class='ocrx_word' id='word_1_176' title='bbox 142 2327 211 2370; x_wconf 86' lang='lat' dir='ltr'><strong>ram</strong></span> <span class='ocrx_word' id='word_1_177' title='bbox 233 2303 272 2369; x_wconf 89' lang='lat' dir='ltr'><strong>de</strong></span> <span class='ocrx_word' id='word_1_178' title='bbox 298 2303 392 2370; x_wconf 90' lang='lat' dir='ltr'><strong>modo</strong></span> <span class='ocrx_word' id='word_1_179' title='bbox 419 2325 580 2390; x_wconf 87' lang='lat' dir='ltr'><strong>agnorum,</strong></span> <span class='ocrx_word' id='word_1_180' title='bbox 607 2325 647 2368; x_wconf 91' lang='lat' dir='ltr'><strong>ne</strong></span> <span class='ocrx_word' id='word_1_181' title='bbox 674 2302 744 2387; x_wconf 91' lang='lat' dir='ltr'><strong>quis</strong></span> <span class='ocrx_word' id='word_1_182' title='bbox 769 2303 842 2389; x_wconf 89' lang='lat' dir='ltr'><strong>plus</strong></span> <span class='ocrx_word' id='word_1_183' title='bbox 868 2303 1041 2392; x_wconf 79' lang='lat' dir='ltr'><strong>quingenta</strong></span> <span class='ocrx_word' id='word_1_184' title='bbox 1065 2306 1154 2394; x_wconf 74' lang='lat' dir='ltr'><strong>ingere</strong></span> 
     </span>
     <span class='ocr_line' id='line_1_23' title="bbox 143 2396 1154 2484; baseline -0.001 -20"><span class='ocrx_word' id='word_1_185' title='bbox 143 2397 212 2484; x_wconf 89' lang='lat' dir='ltr'><strong>agri</strong></span> <span class='ocrx_word' id='word_1_186' title='bbox 232 2397 420 2484; x_wconf 83' lang='lat' dir='ltr'><strong>possideret3</strong></span> <span class='ocrx_word' id='word_1_187' title='bbox 449 2397 585 2475; x_wconf 82' lang='lat' dir='ltr'><strong>tertiam,</strong></span> <span class='ocrx_word' id='word_1_188' title='bbox 612 2419 652 2465; x_wconf 91' lang='lat' dir='ltr'><strong>ne</strong></span> <span class='ocrx_word' id='word_1_189' title='bbox 674 2396 869 2463; x_wconf 90' lang='lat' dir='ltr'><strong>tribunorum</strong></span> <span class='ocrx_word' id='word_1_190' title='bbox 891 2399 1027 2466; x_wconf 87' lang='lat' dir='ltr'><strong>militum</strong></span> <span class='ocrx_word' id='word_1_191' title='bbox 1050 2399 1154 2467; x_wconf 85' lang='lat' dir='ltr'><strong>comitia</strong></span> 
     </span>
     <span class='ocr_line' id='line_1_24' title="bbox 141 2492 1154 2580; baseline 0 -21"><span class='ocrx_word' id='word_1_192' title='bbox 141 2493 270 2571; x_wconf 88' lang='lat' dir='ltr'><strong>fierent,</strong></span> <span class='ocrx_word' id='word_1_193' title='bbox 306 2493 533 2577; x_wconf 86' lang='lat' dir='ltr'><strong>consulumque</strong></span> <span class='ocrx_word' id='word_1_194' title='bbox 560 2492 669 2577; x_wconf 90' lang='lat' dir='ltr'><strong>utique</strong></span> <span class='ocrx_word' id='word_1_195' title='bbox 700 2492 778 2558; x_wconf 86' lang='lat' dir='ltr'><strong>slter</strong></span> <span class='ocrx_word' id='word_1_196' title='bbox 810 2515 851 2559; x_wconf 86' lang='lat' dir='ltr'><strong>ex</strong></span> <span class='ocrx_word' id='word_1_197' title='bbox 879 2494 973 2580; x_wconf 89' lang='lat' dir='ltr'><strong>plebe</strong></span> <span class='ocrx_word' id='word_1_198' title='bbox 1005 2505 1154 2570; x_wconf 74' lang='grc' dir='ltr'>ιιιιιιιιιιι</span> 
     </span>
     <span class='ocr_line' id='line_1_25' title="bbox 142 2585 1155 2673; baseline 0.001 -21"><span class='ocrx_word' id='word_1_199' title='bbox 142 2596 256 2653; x_wconf 89' lang='lat' dir='ltr'><strong>cuncta</strong></span> <span class='ocrx_word' id='word_1_200' title='bbox 276 2586 416 2673; x_wconf 88' lang='lat' dir='ltr'><strong>ingentia</strong></span> <span class='ocrx_word' id='word_1_201' title='bbox 437 2596 469 2651; x_wconf 89' lang='lat' dir='ltr'><strong>et</strong></span> <span class='ocrx_word' id='word_1_202' title='bbox 491 2607 572 2670; x_wconf 86' lang='lat' dir='ltr'><strong>quae</strong></span> <span class='ocrx_word' id='word_1_203' title='bbox 600 2585 667 2654; x_wconf 89' lang='lat' dir='ltr'><strong>siue</strong></span> <span class='ocrx_word' id='word_1_204' title='bbox 690 2587 858 2654; x_wconf 82' lang='lat' dir='ltr'><strong>certamine</strong></span> <span class='ocrx_word' id='word_1_205' title='bbox 880 2589 1020 2657; x_wconf 81' lang='lat' dir='ltr'><strong>maximo</strong></span> <span class='ocrx_word' id='word_1_206' title='bbox 1042 2585 1155 2657; x_wconf 81' lang='lat' dir='ltr'><strong>obtineri</strong></span> 
     </span>
     <span class='ocr_line' id='line_1_26' title="bbox 142 2674 363 2766; baseline 0 -21"><span class='ocrx_word' id='word_1_207' title='bbox 142 2674 207 2748; x_wconf 84' lang='lat' dir='ltr'><strong>non</strong></span> <span class='ocrx_word' id='word_1_208' title='bbox 224 2689 363 2766; x_wconf 88' lang='lat' dir='ltr'><strong>possent.</strong></span> 
     </span>
    </p>

    <p class='ocr_par' dir='ltr' id='par_1_11' title="bbox 109 2771 1156 3241">
     <span class='ocr_line' id='line_1_27' title="bbox 109 2771 1155 2864; baseline -0.002 -24"><span class='ocrx_word' id='word_1_209' title='bbox 109 2794 123 2840; x_wconf 84' lang='grc'><strong>6</strong></span> <span class='ocrx_word' id='word_1_210' title='bbox 208 2771 361 2840; x_wconf 92' lang='lat' dir='ltr'><strong>Omnium</strong></span> <span class='ocrx_word' id='word_1_211' title='bbox 378 2772 474 2859; x_wconf 88' lang='lat' dir='ltr'><strong>igitur</strong></span> <span class='ocrx_word' id='word_1_212' title='bbox 492 2773 585 2842; x_wconf 89' lang='lat' dir='ltr'><strong>simul</strong></span> <span class='ocrx_word' id='word_1_213' title='bbox 602 2796 715 2853; x_wconf 88' lang='lat' dir='ltr'><strong>rerum,</strong></span> <span class='ocrx_word' id='word_1_214' title='bbox 735 2797 867 2859; x_wconf 92' lang='lat' dir='ltr'><strong>quarum</strong></span> <span class='ocrx_word' id='word_1_215' title='bbox 884 2775 1043 2844; x_wconf 84' lang='lat' dir='ltr'><strong>inmodice</strong></span> <span class='ocrx_word' id='word_1_216' title='bbox 1061 2776 1155 2864; x_wconf 86' lang='lat' dir='ltr'><strong>cupido</strong></span> 
     </span>
     <span class='ocr_line' id='line_1_28' title="bbox 141 2866 1156 2958; baseline 0.005 -27"><span class='ocrx_word' id='word_1_217' title='bbox 141 2867 222 2931; x_wconf 89' lang='lat' dir='ltr'><strong>inter</strong></span> <span class='ocrx_word' id='word_1_218' title='bbox 230 2866 377 2933; x_wconf 90' lang='lat' dir='ltr'><strong>mortales</strong></span> <span class='ocrx_word' id='word_1_219' title='bbox 393 2876 449 2945; x_wconf 88' lang='lat' dir='ltr'><strong>est,</strong></span> <span class='ocrx_word' id='word_1_220' title='bbox 469 2867 546 2954; x_wconf 83' lang='lat' dir='ltr'><strong>agri,</strong></span> <span class='ocrx_word' id='word_1_221' title='bbox 564 2868 726 2954; x_wconf 87' lang='lat' dir='ltr'><strong>pecuniae,</strong></span> <span class='ocrx_word' id='word_1_222' title='bbox 746 2868 899 2935; x_wconf 88' lang='lat' dir='ltr'><strong>honorum</strong></span> <span class='ocrx_word' id='word_1_223' title='bbox 913 2871 1093 2940; x_wconf 85' lang='lat' dir='ltr'><strong>discrimine</strong></span> <span class='ocrx_word' id='word_1_224' title='bbox 1101 2891 1156 2958; x_wconf 87' lang='lat' dir='ltr'><strong>pro·</strong></span> 
     </span>
     <span class='ocr_line' id='line_1_29' title="bbox 141 2960 1156 3052; baseline 0.005 -26"><span class='ocrx_word' id='word_1_225' title='bbox 141 2960 244 3046; x_wconf 91' lang='lat' dir='ltr'><strong>posito</strong></span> <span class='ocrx_word' id='word_1_226' title='bbox 262 2960 419 3028; x_wconf 81' lang='lat' dir='ltr'><strong>conterriti</strong></span> <span class='ocrx_word' id='word_1_227' title='bbox 435 2970 540 3048; x_wconf 82' lang='lat' dir='ltr'><strong>patres</strong></span> <span class='ocrx_word' id='word_1_228' title='bbox 555 2983 628 3027; x_wconf 92' lang='lat' dir='ltr'><strong>cum</strong></span> <span class='ocrx_word' id='word_1_229' title='bbox 645 2962 861 3049; x_wconf 84' lang='lat' dir='ltr'><strong>trepidassent,</strong></span> <span class='ocrx_word' id='word_1_230' title='bbox 878 2963 1017 3049; x_wconf 81' lang='lat' dir='ltr'><strong>publicis</strong></span> <span class='ocrx_word' id='word_1_231' title='bbox 1030 2965 1156 3052; x_wconf 81' lang='lat' dir='ltr'><strong>privatis·</strong></span> 
     </span>
     <span class='ocr_line' id='line_1_30' title="bbox 141 3054 1155 3143; baseline 0.005 -23"><span class='ocrx_word' id='word_1_232' title='bbox 141 3076 203 3141; x_wconf 92' lang='lat' dir='ltr'><strong>que</strong></span> <span class='ocrx_word' id='word_1_233' title='bbox 212 3054 349 3123; x_wconf 87' lang='lat' dir='ltr'><strong>consiliis</strong></span> <span class='ocrx_word' id='word_1_234' title='bbox 359 3055 444 3124; x_wconf 87' lang='lat' dir='ltr'><strong>nullo</strong></span> <span class='ocrx_word' id='word_1_235' title='bbox 457 3056 595 3123; x_wconf 88' lang='lat' dir='ltr'><strong>remedio</strong></span> <span class='ocrx_word' id='word_1_236' title='bbox 608 3056 670 3122; x_wconf 86' lang='lat' dir='ltr'><strong>alio</strong></span> <span class='ocrx_word' id='word_1_237' title='bbox 679 3063 803 3143; x_wconf 86' lang='lat' dir='ltr'><strong>praeter</strong></span> <span class='ocrx_word' id='word_1_238' title='bbox 817 3067 979 3143; x_wconf 83' lang='lat' dir='ltr'><strong>expertam</strong></span> <span class='ocrx_word' id='word_1_239' title='bbox 993 3061 1099 3127; x_wconf 86' lang='lat' dir='ltr'><strong>multis</strong></span> <span class='ocrx_word' id='word_1_240' title='bbox 1108 3061 1155 3126; x_wconf 86' lang='lat' dir='ltr'><strong>ian</strong></span> 
     </span>
     <span class='ocr_line' id='line_1_31' title="bbox 141 3149 1155 3241; baseline 0.005 -27"><span class='ocrx_word' id='word_1_241' title='bbox 141 3158 212 3214; x_wconf 90' lang='lat' dir='ltr'><strong>ante</strong></span> <span class='ocrx_word' id='word_1_242' title='bbox 231 3150 452 3220; x_wconf 83' lang='lat' dir='ltr'><strong>certaminibus</strong></span> <span class='ocrx_word' id='word_1_243' title='bbox 469 3149 726 3219; x_wconf 86' lang='lat' dir='ltr'><strong>intercessionem</strong></span> <span class='ocrx_word' id='word_1_244' title='bbox 743 3151 885 3230; x_wconf 84' lang='lat' dir='ltr'><strong>invente,</strong></span> <span class='ocrx_word' id='word_1_245' title='bbox 904 3152 1046 3241; x_wconf 88' lang='lat' dir='ltr'><strong>collegas</strong></span> <span class='ocrx_word' id='word_1_246' title='bbox 1064 3155 1155 3221; x_wconf 82' lang='lat' dir='ltr'><strong>adver·</strong></span> 
     </span>
    </p>

    <p class='ocr_par' dir='ltr' id='par_1_12' title="bbox 108 3243 1155 3616">
     <span class='ocr_line' id='line_1_32' title="bbox 108 3243 1154 3332; baseline 0 -20"><span class='ocrx_word' id='word_1_247' title='bbox 108 3265 121 3312; x_wconf 85' lang='grc'><strong>1</strong></span> <span class='ocrx_word' id='word_1_248' title='bbox 142 3267 196 3310; x_wconf 91' lang='lat' dir='ltr'><strong>sus</strong></span> <span class='ocrx_word' id='word_1_249' title='bbox 218 3243 401 3313; x_wconf 85' lang='lat' dir='ltr'><strong>tribunicias</strong></span> <span class='ocrx_word' id='word_1_250' title='bbox 421 3244 600 3332; x_wconf 85' lang='lat' dir='ltr'><strong>rogationes</strong></span> <span class='ocrx_word' id='word_1_251' title='bbox 624 3255 881 3331; x_wconf 85' lang='lat' dir='ltr'><strong>conparaverunt.</strong></span> <span class='ocrx_word' id='word_1_252' title='bbox 922 3249 977 3331; x_wconf 91' lang='lat' dir='ltr'><strong>qui</strong></span> <span class='ocrx_word' id='word_1_253' title='bbox 996 3249 1053 3316; x_wconf 93' lang='lat' dir='ltr'><strong>ubi</strong></span> <span class='ocrx_word' id='word_1_254' title='bbox 1074 3247 1154 3314; x_wconf 88' lang='lat' dir='ltr'><strong>tribu</strong></span> 
     </span>
     <span class='ocr_line' id='line_1_33' title="bbox 140 3337 1155 3430; baseline 0.002 -26"><span class='ocrx_word' id='word_1_255' title='bbox 140 3339 182 3404; x_wconf 86' lang='lat' dir='ltr'><strong>ad</strong></span> <span class='ocrx_word' id='word_1_256' title='bbox 200 3338 386 3424; x_wconf 82' lang='lat' dir='ltr'><strong>suffragium</strong></span> <span class='ocrx_word' id='word_1_257' title='bbox 403 3338 576 3408; x_wconf 89' lang='lat' dir='ltr'><strong>ineundum</strong></span> <span class='ocrx_word' id='word_1_258' title='bbox 597 3339 686 3405; x_wconf 86' lang='lat' dir='ltr'><strong>citari</strong></span> <span class='ocrx_word' id='word_1_259' title='bbox 708 3363 728 3405; x_wconf 91' lang='lat' dir='ltr'><strong>a</strong></span> <span class='ocrx_word' id='word_1_260' title='bbox 744 3339 871 3407; x_wconf 82' lang='lat' dir='ltr'><strong>Licinio</strong></span> <span class='ocrx_word' id='word_1_261' title='bbox 891 3337 1065 3430; x_wconf 81' lang='lat' dir='ltr'><strong>Sextioque</strong></span> <span class='ocrx_word' id='word_1_262' title='bbox 1086 3343 1155 3407; x_wconf 76' lang='lat' dir='ltr'><strong>vide</strong></span> 
     </span>
     <span class='ocr_line' id='line_1_34' title="bbox 139 3433 1154 3522; baseline 0.003 -25"><span class='ocrx_word' id='word_1_263' title='bbox 139 3441 226 3509; x_wconf 85' lang='grc' dir='ltr'>ιιιιιι,</span> <span class='ocrx_word' id='word_1_264' title='bbox 250 3433 354 3518; x_wconf 88' lang='lat' dir='ltr'><strong>stipati</strong></span> <span class='ocrx_word' id='word_1_265' title='bbox 371 3443 496 3519; x_wconf 88' lang='lat' dir='ltr'><strong>patrum</strong></span> <span class='ocrx_word' id='word_1_266' title='bbox 512 3433 677 3519; x_wconf 84' lang='lat' dir='ltr'><strong>praesidiis</strong></span> <span class='ocrx_word' id='word_1_267' title='bbox 695 3456 754 3502; x_wconf 88' lang='lat' dir='ltr'><strong>nec</strong></span> <span class='ocrx_word' id='word_1_268' title='bbox 770 3435 894 3503; x_wconf 87' lang='lat' dir='ltr'><strong>recitari</strong></span> <span class='ocrx_word' id='word_1_269' title='bbox 914 3438 1095 3522; x_wconf 89' lang='lat' dir='ltr'><strong>rogationes</strong></span> <span class='ocrx_word' id='word_1_270' title='bbox 1111 3453 1154 3501; x_wconf 82' lang='lat' dir='ltr'><strong>neo</strong></span> 
     </span>
     <span class='ocr_line' id='line_1_35' title="bbox 141 3524 1153 3616; baseline 0.006 -25"><span class='ocrx_word' id='word_1_271' title='bbox 141 3524 291 3593; x_wconf 89' lang='lat' dir='ltr'><strong>sollemne</strong></span> <span class='ocrx_word' id='word_1_272' title='bbox 308 3526 477 3613; x_wconf 87' lang='lat' dir='ltr'><strong>quiequam</strong></span> <span class='ocrx_word' id='word_1_273' title='bbox 500 3528 587 3596; x_wconf 85' lang='lat' dir='ltr'><strong>aliud</strong></span> <span class='ocrx_word' id='word_1_274' title='bbox 607 3528 649 3594; x_wconf 90' lang='lat' dir='ltr'><strong>ad</strong></span> <span class='ocrx_word' id='word_1_275' title='bbox 671 3528 869 3597; x_wconf 85' lang='lat' dir='ltr'><strong>sciscendum</strong></span> <span class='ocrx_word' id='word_1_276' title='bbox 890 3529 978 3614; x_wconf 90' lang='lat' dir='ltr'><strong>plebi</strong></span> <span class='ocrx_word' id='word_1_277' title='bbox 995 3531 1063 3597; x_wconf 90' lang='lat' dir='ltr'><strong>fieri</strong></span> <span class='ocrx_word' id='word_1_278' title='bbox 1084 3525 1153 3616; x_wconf 82' lang='lat' dir='ltr'><strong>passi</strong></span> 
     </span>
    </p>

    <p class='ocr_par' dir='ltr' id='par_1_13' title="bbox 104 3621 1152 3902">
     <span class='ocr_line' id='line_1_36' title="bbox 104 3621 1152 3710; baseline 0 -23"><span class='ocrx_word' id='word_1_279' title='bbox 104 3629 223 3687; x_wconf 76' lang='lat' dir='ltr'><strong>esunt.</strong></span> <span class='ocrx_word' id='word_1_280' title='bbox 262 3621 388 3707; x_wconf 88' lang='lat' dir='ltr'><strong>iamque</strong></span> <span class='ocrx_word' id='word_1_281' title='bbox 414 3622 531 3690; x_wconf 84' lang='lat' dir='ltr'><strong>frustra</strong></span> <span class='ocrx_word' id='word_1_282' title='bbox 495 3645 652 3709; x_wconf 87' lang='lat' dir='ltr'><strong>rasaepe</strong></span> <span class='ocrx_word' id='word_1_283' title='bbox 678 3624 809 3691; x_wconf 86' lang='lat' dir='ltr'><strong>concilio</strong></span> <span class='ocrx_word' id='word_1_284' title='bbox 836 3624 990 3693; x_wconf 87' lang='lat' dir='ltr'><strong>advocato</strong></span> <span class='ocrx_word' id='word_1_285' title='bbox 1018 3641 1152 3710; x_wconf 85' lang='lat' dir='ltr'><strong>cumpro</strong></span> 
     </span>
     <span class='ocr_line' id='line_1_37' title="bbox 138 3716 1151 3806; baseline 0.01 -25"><span class='ocrx_word' id='word_1_286' title='bbox 138 3716 306 3802; x_wconf 82' lang='lat' dir='ltr'><strong>antiquatis</strong></span> <span class='ocrx_word' id='word_1_287' title='bbox 324 3719 504 3806; x_wconf 84' lang='lat' dir='ltr'><strong>rogationes</strong></span> <span class='ocrx_word' id='word_1_288' title='bbox 523 3728 643 3787; x_wconf 85' lang='lat' dir='ltr'><strong>essent:</strong></span> <span class='ocrx_word' id='word_1_289' title='bbox 616 3717 761 3786; x_wconf 91' lang='lat' dir='ltr'><strong>t‘bene</strong></span> <span class='ocrx_word' id='word_1_290' title='bbox 778 3718 913 3788; x_wconf 89' lang='lat' dir='ltr'><strong>habet’&#39;</strong></span> <span class='ocrx_word' id='word_1_291' title='bbox 903 3721 1008 3805; x_wconf 82' lang='lat' dir='ltr'><strong>inquit</strong></span> <span class='ocrx_word' id='word_1_292' title='bbox 995 3718 1151 3791; x_wconf 81' lang='lat' dir='ltr'><strong>tSextiust</strong></span> 
     </span>
     <span class='ocr_line' id='line_1_38' title="bbox 138 3813 1149 3916; baseline 0.008 -39.112"><span class='ocrx_word' id='word_1_293' title='bbox 138 3813 279 3895; x_wconf 86' lang='lat' dir='ltr'><strong>‘quando</strong></span> <span class='ocrx_word' id='word_1_294' title='bbox 309 3814 438 3898; x_wconf 86' lang='lat' dir='ltr'><strong>quidem</strong></span> <span class='ocrx_word' id='word_1_295' title='bbox 468 3823 590 3884; x_wconf 85' lang='lat' dir='ltr'><strong>tantum</strong></span> <span class='ocrx_word' id='word_1_296' title='bbox 619 3813 878 3881; x_wconf 87' lang='lat' dir='ltr'><strong>intercessionem</strong></span> <span class='ocrx_word' id='word_1_297' title='bbox 907 3815 1027 3901; x_wconf 87' lang='lat' dir='ltr'><strong>pollere</strong></span> <span class='ocrx_word' id='word_1_298' title='bbox 1056 3815 1149 3916; x_wconf 67' lang='lat' dir='ltr'><strong>placei</strong></span> 
     </span>
    </p>

    <p class='ocr_par' dir='ltr' id='par_1_14' title="bbox 98 3901 1149 4089">
     <span class='ocr_line' id='line_1_39' title="bbox 98 3901 1149 3996; baseline -0.001 -21.999"><span class='ocrx_word' id='word_1_299' title='bbox 98 3922 118 3974; x_wconf 79' lang='grc' dir='ltr'><strong>ι</strong></span> <span class='ocrx_word' id='word_1_300' title='bbox 136 3905 198 3973; x_wconf 88' lang='lat' dir='ltr'><strong>isto</strong></span> <span class='ocrx_word' id='word_1_301' title='bbox 215 3908 285 3994; x_wconf 88' lang='lat' dir='ltr'><strong>ipso</strong></span> <span class='ocrx_word' id='word_1_302' title='bbox 303 3907 366 3975; x_wconf 87' lang='lat' dir='ltr'><strong>telo</strong></span> <span class='ocrx_word' id='word_1_303' title='bbox 384 3907 555 3979; x_wconf 81' lang='lat' dir='ltr'><strong>tutabimur</strong></span> <span class='ocrx_word' id='word_1_304' title='bbox 571 3908 705 3996; x_wconf 91' lang='lat' dir='ltr'><strong>plebem</strong></span> <span class='ocrx_word' id='word_1_305' title='bbox 741 3910 917 3996; x_wconf 74' lang='lat' dir='ltr'><strong>agitedum,</strong></span> <span class='ocrx_word' id='word_1_306' title='bbox 946 3910 1072 3977; x_wconf 87' lang='lat' dir='ltr'><strong>comitia</strong></span> <span class='ocrx_word' id='word_1_307' title='bbox 1086 3901 1149 3973; x_wconf 72' lang='lat' dir='ltr'><strong>indi</strong></span> 
     </span>
     <span class='ocr_line' id='line_1_40' title="bbox 135 4001 1147 4089; baseline 0.002 -24"><span class='ocrx_word' id='word_1_308' title='bbox 135 4001 206 4081; x_wconf 88' lang='lat' dir='ltr'><strong>cite,</strong></span> <span class='ocrx_word' id='word_1_309' title='bbox 224 4011 371 4089; x_wconf 87' lang='lat' dir='ltr'><strong>patres,t</strong></span> <span class='ocrx_word' id='word_1_310' title='bbox 358 4002 490 4070; x_wconf 88' lang='lat' dir='ltr'><strong>tribunis</strong></span> <span class='ocrx_word' id='word_1_311' title='bbox 508 4003 642 4069; x_wconf 89' lang='lat' dir='ltr'><strong>militnm</strong></span> <span class='ocrx_word' id='word_1_312' title='bbox 660 4005 816 4072; x_wconf 84' lang='lat' dir='ltr'><strong>creandis·</strong></span> <span class='ocrx_word' id='word_1_313' title='bbox 835 4004 926 4084; x_wconf 83' lang='lat' dir='ltr'><strong>faxo,</strong></span> <span class='ocrx_word' id='word_1_314' title='bbox 945 4027 985 4071; x_wconf 91' lang='lat' dir='ltr'><strong>ne</strong></span> <span class='ocrx_word' id='word_1_315' title='bbox 1003 4006 1086 4072; x_wconf 85' lang='lat' dir='ltr'><strong>iuvet</strong></span> <span class='ocrx_word' id='word_1_316' title='bbox 1100 4013 1147 4065; x_wconf 79' lang='lat' dir='ltr'><strong>nex</strong></span> 
     </span>
    </p>
   </div>
   <div class='ocr_carea' id='block_1_3' title="bbox 0 0 1288 4524">
    <p class='ocr_par' dir='ltr' id='par_1_15' title="bbox 0 0 1288 4524">
     <span class='ocr_line' id='line_1_41' title="bbox 0 0 1288 4524; baseline 0 0"><span class='ocrx_word' id='word_1_317' title='bbox 0 0 1288 4524; x_wconf 95' lang='lat' dir='ltr'><strong> </strong></span> 
     </span>
    </p>
   </div>
  </div>
 </body>
</html>
