2566 4524
310 271 428 328 LIBER
445 271 481 340 V,
496 264 538 329 36.
552 270 594 326 37.
614 275 652 340 [a.
663 270 834 344 utalaae]
1026 266 1090 332 287

77 435 183 513 eedaut3
210 434 300 500 aliter
316 454 428 520 pacem
445 433 606 519 impetrari
623 456 687 499 non
708 455 813 520 posse.
854 444 885 500 et
901 457 1089 522 responsum
1106 458 1138 506 4:

77 552 163 596 coram
179 529 334 593 Romanis
353 527 494 612 accipere
513 527 593 592 velle
612 537 656 606 et,
677 528 704 591 si
721 538 854 615 negetur
871 551 960 616 ager,
984 552 1089 596 coram

77 624 168 691 isdem
187 623 339 688 Romanis
358 621 570 700 dimicaturos,
589 631 625 686 ut
641 623 784 687 nuntiare
803 624 931 688 domum
949 636 1088 711 possent,

77 729 209 804 pentum
224 713 310 782 Galli
327 717 441 781 virtuts
459 726 580 782 ceteros
597 717 745 782 mortales
759 728 962 803 praestarent.
989 721 1090 803 quod·
1108 741 1125 788 5

77 834 131 879 um
148 813 182 876 id
198 811 249 877 ius
268 821 360 888 esset,
380 832 492 897 agrum
510 811 777 897 apossessoribus
791 823 896 898 petere
911 824 965 878 ant
977 815 1091 879 minari

77 931 152 986 uma,
171 905 325 971 Romania
344 903 575 989 quaerentibus,
594 914 625 969 et
643 906 719 988 quid
736 906 770 970 in
782 905 911 972 Etruria
927 909 973 972 rei
988 905 1090 974 Gallis

77 1014 155 1079 sset,
183 1023 257 1066 eum
273 1000 320 1064 illi
338 1023 372 1064 se
389 999 423 1064 in
441 1000 535 1064 armis
553 1000 604 1064 ius
622 999 703 1064 ferre
722 1011 753 1065 et
775 1000 881 1066 omnia
897 1001 1026 1067 fortium
1044 1004 1090 1067 vi-

77 1120 162 1163 orum
180 1118 252 1161 esse
269 1094 414 1160 ferociter
426 1094 574 1172 dicerent,
594 1095 735 1159 accensis
752 1096 909 1179 utrimque
923 1099 1035 1162 animis
1049 1098 1090 1162 ad

77 1215 145 1257 rma
162 1190 348 1255 discurritur
365 1200 396 1253 et
412 1189 567 1275 proelium
586 1191 768 1255 conseritur.

124 1285 181 1364 Ibi,
200 1286 264 1349 iarn
283 1284 466 1370 urgentibus
480 1285 658 1350 Romanam
675 1285 786 1351 urbem
803 1286 888 1364 fatis,
907 1287 1002 1374 legati
1016 1308 1090 1352 con·
1109 1308 1125 1356 6

77 1403 108 1445 ra
128 1380 177 1444 ius
200 1380 343 1466 gentium
366 1402 453 1444 arma
475 1381 612 1465 capiunt.
656 1402 716 1444 nec
736 1381 771 1444 id
788 1381 869 1446 clam
892 1403 963 1446 esse
979 1384 1090 1468 potuit,
1131 1436 1132 1440 ,

77 1498 130 1539 um
148 1484 222 1539 ante
241 1474 332 1560 signa
348 1472 557 1538 Etruscorum
576 1485 639 1540 tres
657 1474 845 1540 nobilissimi
866 1475 1091 1560 fortissimique

77 1572 221 1653 lomanae
248 1569 420 1632 iuventutis
445 1579 636 1654 pugnarent:
669 1579 789 1634 tantum
816 1570 973 1635 eminebat
1003 1591 1093 1656 pere-

77 1665 148 1747 ,rina
164 1665 275 1727 virtus.
321 1664 397 1746 quin
416 1665 510 1729 etiam
529 1663 570 1746 Q.
589 1664 708 1730 Fabius
732 1675 860 1731 evectus
882 1674 971 1730 extra
992 1666 1125 1731 aciem?

77 1780 140 1844 qno
157 1758 272 1822 ducem
288 1754 460 1835 Gallorum,
480 1757 625 1822 ferociter
641 1759 675 1822 in
692 1759 762 1843 ipsa
781 1760 871 1845 signa
884 1759 1093 1824 Etruscorum

77 1860 280 1928 nauseantem,
300 1852 455 1937 perlatus
474 1853 659 1916 transfixum
677 1853 768 1918 hasta
782 1854 910 1932 occidit3
930 1854 1093 1940 spoliaque

77 1948 127 2013 ius
145 1948 304 2034 legentem
322 1943 409 2012 Galli
427 1969 583 2033 agnovere
600 1970 720 2034 perque
737 1958 835 2013 totam
857 1949 957 2014 aciem
974 1949 1092 2014 Roma-

77 2065 137 2107 ium
160 2042 304 2129 legatum
330 2064 400 2107 esse
427 2043 554 2128 signum
579 2043 687 2108 datum
715 2054 772 2108 est.
818 2044 936 2110 omissa
960 2044 1034 2109 inde
1058 2044 1127 2109 ins

77 2136 210 2203 >lucinas
237 2137 285 2200 ira
310 2136 450 2221 receptui
476 2146 593 2201 canunt
614 2137 770 2203 minantes
792 2138 954 2204 Romanis.
1004 2148 1092 2204 erant

77 2232 113 2317 pri
131 2230 291 2315 extemplo
308 2231 444 2299 Romam
463 2233 601 2297 eundum
620 2244 782 2297 censerent
788 2258 796 2310 3
820 2234 922 2297 vicere
942 2233 1090 2310 seniores,

77 2340 94 2392 tt
105 2327 203 2414 legati
215 2327 304 2412 prius
317 2328 512 2391 mitterentur
525 2336 672 2410 questum
684 2327 813 2392 iniurias
827 2327 1091 2411 postulatumque,

77 2430 168 2509 ltpro
186 2421 256 2486 iure
273 2421 415 2508 gentium
435 2421 549 2486 violato
567 2420 659 2485 Fabii
677 2422 873 2485 dederentur.
900 2420 996 2507 legati
1016 2418 1093 2486 Gal-
1111 2442 1127 2486 a

77 2536 160 2581 cmm
177 2539 253 2581 cum
270 2538 317 2593 ea,
337 2516 419 2580 sicut
437 2525 525 2580 eraut
542 2516 700 2594 mandata,
721 2516 950 2601 exposuissent,
970 2515 1093 2580 senatui

77 2631 121 2676 tec
141 2611 262 2676 factum
283 2610 429 2697 placebat
450 2610 622 2677 Fabiorum
649 2619 680 2674 et
706 2610 757 2675 ius
782 2610 941 2696 postulare
967 2608 1093 2674 barbari

77 2702 257 2771 tuebantur.
302 2706 360 2770 sed
381 2705 477 2769 naid
499 2707 585 2789 quod
606 2705 751 2791 placebat
773 2707 954 2770 decerneret
974 2704 1007 2768 in
1024 2713 1093 2768 tan-

77 2820 114 2867 ae
133 2800 305 2866 nobilitatis
327 2801 417 2879 viris,
444 2800 574 2867 ambitio
597 2800 752 2866 obstabat.
796 2802 902 2885 itaque
929 2823 969 2865 ne
995 2820 1092 2886 penes
1112 2819 1146 2866 10

77 2912 149 2981 psos
167 2895 260 2981 culpa
277 2905 362 2961 esset
380 2896 477 2962 eladis
500 2897 581 2962 forte
601 2894 724 2962 Gallico
746 2897 829 2963 bello
851 2907 1012 2983 acceptae,
1041 2918 1093 2962 co-

77 2990 233 3072 priti'onem
260 2992 300 3056 de
325 2991 492 3076 postulatis
516 2991 681 3058 Gallorum
707 2993 749 3056 ad
773 2993 926 3078 populum
950 2993 1092 3058 reiciunt.

77 3083 125 3148 rbi
138 3095 223 3150 tanto
238 3085 312 3170 plus
330 3087 432 3177 gratia
449 3097 542 3171 atque
562 3108 638 3173 opes
657 3086 797 3164 valuere,
826 3097 873 3164 ut,
902 3108 1034 3169 querum
1052 3087 1092 3150 de

77 3194 170 3259 poena
191 3180 357 3268 agebatur,
388 3182 506 3247 tribuni
531 3181 666 3246 militum
692 3181 850 3246 consulari
879 3190 1036 3265 potestate
1060 3180 1094 3242 in

77 3285 282 3359 nsequentem
309 3298 427 3339 annum
452 3286 641 3341 crearentur.
685 3297 748 3360 quo
774 3275 858 3338 facto
888 3273 974 3338 haud
1001 3294 1094 3339 secus
1113 3293 1143 3341 11

77 3380 159 3447 {uam
176 3369 308 3456 dignum
326 3378 392 3434 erat
409 3369 525 3436 infensi
544 3368 629 3436 Galli
650 3369 767 3435 bellum
789 3367 952 3454 propalam
973 3368 1095 3433 minan-

77 3478 115 3527 θα
130 3462 171 3527 ad
194 3484 270 3528 suos
291 3463 432 3528 redeunt.
478 3463 594 3529 tribuni
616 3463 751 3527 militum
773 3485 846 3527 cum
868 3461 967 3527 tribus
985 3460 1094 3528 Fabiis
1114 3482 1146 3531 12

77 3556 160 3622 aaa
177 3555 219 3640 Q.
240 3553 400 3643 Sulpicius
418 3558 563 3645 Longus,
584 3557 625 3641 Q.
646 3555 799 3622 Servilius
818 3568 938 3641 quarto,
956 3556 995 3623 P.
1015 3555 1095 3622 Cor-

77 3650 165 3717 tetus
183 3651 425 3739 Maluginensis.

128 3743 318 3812 XXXVIL
344 3745 427 3812 Cum
444 3756 531 3812 tanta
548 3746 648 3812 moles
662 3746 736 3811 mali
749 3746 880 3812 instaret
892 3784 934 3822 ÷
947 3746 1026 3811 adeo
1039 3745 1097 3811 cb·
1115 3766 1127 3810 1

77 3851 173 3908 ml
189 3842 312 3908 animos
330 3843 468 3922 fortuna,
487 3841 544 3908 ubi
561 3841 626 3906 vim
644 3864 734 3908 suam
751 3841 949 3929 ingruentem
965 3839 1096 3924 refringi

77 3950 129 4004 ton
145 3938 215 4004 vult
231 3974 287 4018 -,
306 3939 431 4017 civitas,
455 3961 536 4024 quae
555 3938 706 4003 adversus
724 3938 908 4003 Fidenatem
925 3957 963 4000 ac
980 3932 1096 3999 Veien-

77 4048 129 4099 ω
149 4033 275 4100 hostem
295 4033 437 4120 aliosque
463 4033 613 4098 finitimos
637 4033 771 4118 populos
798 4031 909 4095 ultima
933 4025 1096 4112 experiens
