2566 4524
146 234 210 311 cro
370 237 493 308 ⁸nuum
510 236 566 309 vr,
584 236 661 292 4-e.
681 238 952 310 [sesan-ees]
1077 208 1084 217 ’

98 426 128 474 12
211 399 336 466 Eodem
359 420 456 476 auno,
483 419 523 462 ne
544 396 675 483 privatis
702 404 824 462 tantum
849 396 999 484 operibus
1025 409 1154 467 cresceret

146 497 238 576 urbs,
262 493 456 581 Capitolium
474 514 600 578 quoque
618 514 695 559 saxo
714 491 868 577 quadrato
885 491 1098 561 substructum
1112 505 1152 576 est,
1192 546 1194 583 ÷

147 613 227 680 opus
245 589 298 656 vel
314 590 348 654 in
365 589 425 654 bac
438 586 675 676 magnificentia
690 585 780 653 urbis
798 587 1064 674 conspiciendum.

114 711 128 757 1
212 685 253 751 V.
278 683 351 749 Iam
365 693 396 748 et
411 682 530 749 tribuni
546 681 649 768 plebis
667 681 795 748 civitate
813 682 1009 751 aedificando
1026 693 1152 772 occupata

147 780 309 849 contiones
336 800 412 843 suas
437 777 638 863 frequentare
664 774 948 864 legibusagrariis
974 778 1150 846 conabantur.

113 896 129 944 2
148 872 363 942 ostentabatur
383 873 417 937 in
439 895 529 958 spem
546 871 735 958 Pomptinus
759 893 835 959 ager
856 880 925 937 tum
946 874 1082 960 primum
1096 886 1151 960 post

147 969 268 1035 accisas
292 965 465 1033 aCamillo
483 965 674 1032 Volscorum
695 988 746 1031 res
769 966 983 1052 possessionis
1006 966 1088 1034 hand
1102 989 1149 1033 an·

113 1063 273 1150 abiguae.
310 1059 564 1140 criminabantur,
587 1061 686 1126 multo
705 1083 778 1126 enm
795 1060 991 1128 infestiorem
1002 1059 1151 1151 ,agrunab

146 1157 309 1225 nobilitate
328 1178 512 1241 essequam
534 1180 554 1221 a
570 1155 698 1221 Volscis
720 1155 829 1221 fuerit:
856 1154 896 1221 ab
918 1156 982 1223 illis
1002 1158 1086 1224 enim
1104 1167 1152 1223 tan·

147 1262 228 1332 tum,
251 1251 357 1338 quoad
373 1251 456 1316 vires
476 1260 507 1316 et
524 1273 612 1315 arma
628 1248 819 1329 habuenmt,
841 1250 1038 1329 incursiones
1056 1275 1092 1319 eo
1106 1252 1153 1318 fao

112 1371 130 1419 4
147 1357 206 1429 tas,
225 1346 347 1413 nobiles
361 1345 504 1412 homines
517 1345 551 1410 in
565 1345 799 1432 possessionem
812 1346 880 1434 agri
892 1346 1013 1433 publici
1024 1346 1153 1436 grossam

145 1465 205 1510 nec
222 1441 296 1521 nisi,
316 1450 484 1526 antequam
502 1441 607 1507 omnia
624 1441 831 1527 praecipiant,
855 1441 978 1508 divisus
993 1444 1050 1523 sit,
1071 1444 1154 1510 locun

112 1559 130 1608 s
148 1538 193 1604 ibi
213 1535 301 1623 plebi
321 1536 399 1601 fore.
435 1534 522 1601 haud
546 1557 663 1623 magno
690 1556 784 1622 opere
809 1535 936 1622 plebem
958 1547 1119 1604 moverant
1133 1543 1155 1601 et

145 1631 376 1715 infrequentem
397 1629 431 1694 in
452 1629 521 1695 foro
543 1642 670 1716 propter
687 1629 874 1696 aedificandi
891 1653 1000 1698 curam
1018 1642 1050 1698 st
1066 1632 1155 1699 eodem

146 1731 333 1798 exhaustam
354 1728 494 1816 inpensis
513 1750 613 1814 eoque
632 1729 700 1816 agri
715 1729 935 1809 inmemorem,
959 1730 1002 1795 ad
1019 1752 1111 1816 quem
1122 1728 1157 1794 in·

147 1826 332 1893 struendum
349 1825 431 1890 vires
449 1847 514 1890 non
531 1833 647 1890 essent.

114 1935 129 1982 a
211 1920 252 1987 In
277 1919 403 1991 civitate
429 1918 523 2004 plena
549 1918 751 2005 religionum,
778 1927 854 1984 tunc
876 1920 971 1985 etiam
994 1919 1034 1986 ab
1060 1915 1160 1986 recenti
1192 1974 1194 1995 ,

147 2014 235 2080 clade
259 2011 483 2098 superstitiosis
501 2013 709 2099 principibus,
733 2022 767 2078 ut
783 2022 1010 2079 renovarentur
1027 2013 1160 2100 auspicia
1192 2036 1194 2095 ξ

112 2137 115 2141 ·
146 2131 196 2173 res
215 2107 257 2174 ad
273 2107 487 2193 interregnum
499 2107 599 2172 rediit.
627 2109 662 2173 in
674 2130 799 2196 erreges
814 2107 962 2193 deinceps
976 2107 1025 2173 M.
1034 2107 1162 2174 Manlius
1192 2136 1194 2151 ¹

148 2201 360 2289 Capitolinus,
381 2199 450 2268 Ser.
471 2200 631 2288 Sulpicius
650 2201 852 2281 Camerinus,
870 2202 912 2268 L.
927 2201 1076 2268 Valerius
1089 2200 1163 2268 Poti·
1192 2204 1194 2251 i

114 2306 207 2362 ttus.
243 2295 295 2362 hio
317 2297 445 2362 demum
467 2295 664 2362 tribunorum
685 2297 820 2362 militum
842 2296 1001 2362 consulari
1021 2304 1163 2383 potestate
1192 2288 1194 2311 '

146 2390 272 2456 comitia
285 2389 409 2456 habuit:
427 2391 469 2456 L.
482 2391 655 2477 Papirium,
672 2389 949 2478 [0.0orne1ium],
967 2390 1005 2457 O.
1017 2390 1162 2479 Sergium,

109 2516 111 2521 ⁴
145 2485 188 2549 L.
201 2483 375 2551 Aemilium
386 2486 517 2564 «iterum,
534 2486 576 2552 L.
586 2484 782 2564 Menenium,
800 2486 842 2550 L.
851 2484 1016 2551 Valerium
1027 2485 1164 2552 Publico-

145 2579 209 2646 lam
228 2581 354 2646 tertium
368 2591 452 2646 creat
457 2607 466 2659 3
485 2581 508 2653 ii
526 2603 565 2645 ex
582 2581 760 2667 interregno
778 2580 998 2667 magistratum
1015 2600 1163 2668 occepere.

111 2692 127 2740 8
208 2673 360 2749 annno
378 2675 464 2740 aedis
478 2673 592 2740 Martis
602 2673 731 2741 ‘Gallico
744 2673 827 2740 bello
840 2684 915 2740 vote
928 2675 1075 2741 dedicata
1092 2684 1163 2741 este

145 2768 218 2832 Tito
229 2766 378 2849 Quinctio
389 2767 553 2834 duumviro
569 2770 664 2834 sacris
678 2768 840 2834 faciendis.
860 2768 960 2834 tribus
975 2779 1120 2856 quattuor
1131 2787 1163 2834 ex

108 2908 111 2914 ι
144 2862 235 2927 novis
246 2861 367 2927 civibus
378 2863 515 2934 additae:
532 2862 705 2941 Stellatina,
713 2863 926 2941 Tromentina,
938 2861 1101 2944 Sabatina,
1110 2862 1163 2928 Ar·

144 2955 272 3035 niensis,
284 2978 401 3042 eaeque
410 2959 522 3046 viginti
530 2960 667 3044 quinque
677 2958 815 3024 tribuum
824 2979 990 3023 numerum
999 2959 1161 3046 explevere

112 3068 147 3115 1.
209 3049 268 3119 VI.
304 3051 357 3116 De
378 3076 455 3140 agro
474 3052 643 3139 Pomptino
666 3052 706 3119 ab
723 3053 765 3117 L.
787 3050 906 3119 Sicinio
922 3052 1055 3120 ¹tribuno
1072 3050 1160 3140 plebis

144 3154 249 3211 actum
272 3147 313 3212 ad
335 3147 576 3232 frequentiorem
597 3149 661 3213 iam
682 3147 835 3234 populum
856 3142 1161 3233 mobilioremquead
1192 3176 1194 3183 ·

111 3258 126 3305 2
145 3240 349 3326 cupiditatem
371 3243 439 3328 agri
460 3264 555 3327 quam
577 3242 688 3309 fuerat.
730 3250 760 3308 et
777 3241 817 3307 de
834 3241 952 3307 Latino
965 3241 1159 3326 <Hernicoque

144 3334 227 3400 bello
244 3337 362 3403 mentio
379 3337 465 3403 faeta
477 3338 511 3401 in
525 3347 635 3403 senatu
648 3338 774 3404 maioris
788 3336 862 3403 belli
876 3360 965 3418 eura,
985 3339 1072 3424 quod
1078 3337 1159 3405 Etru·

141 3428 191 3493 ria
207 3429 242 3493 in
259 3431 354 3495 armis
373 3444 459 3510 erat,
472 3431 568 3499 dilata
586 3442 643 3498 est.

111 3541 126 3588 s
208 3522 274 3589 Res
288 3526 329 3590 ad
338 3523 507 3592 Camillum
521 3526 681 3593 tribunum
694 3527 829 3593 militum
843 3527 1002 3594 consulari
1016 3533 1156 3615 potesate

143 3617 245 3682 rediit.
273 3619 411 3707 collegae
426 3622 524 3688 additi
536 3623 689 3707 quinque:
709 3621 778 3689 Ser.
794 3620 960 3689 Cornelius
969 3621 1157 3712 Maluginen-

144 3711 203 3790 sis,
224 3711 265 3794 Q.
281 3710 433 3781 Servilius
446 3716 585 3783 Fidenas
604 3727 742 3796 sextum,
760 3718 802 3783 L.
818 3715 989 3801 Quinctius
1005 3718 1156 3786 Cincinna-

19 3888 22 3892 .
109 3816 209 3886 atus,
236 3809 278 3873 L.
300 3808 454 3879 Horatius
476 3812 646 3893 Pulvillus,
669 3814 707 3880 P.
726 3813 883 3881 Valerius.
921 3815 1077 3903 principio
1096 3807 1156 3880 anni

143 3924 272 3970 aversae
295 3925 388 3972 curae
411 3906 574 3974 hominum
597 3918 670 3974 sunt
692 3933 711 3974 a
733 3907 815 3975 bello
830 3909 987 3990 Etrusco,
1015 3908 1098 3996 quod
1115 3905 1154 3972 fn·

141 3996 294 4082 gientium
321 4021 361 4066 ex
387 4024 463 4089 agro
489 4003 659 4090 Pomptino
685 4027 800 4091 agmen
825 4014 955 4092 repente
981 4005 1109 4072 inlatum
1129 3999 1184 4065 it'
