2566 4524
357 114 520 184 LIBERI,
539 113 632 168 aeno.
652 113 890 184 [senene]
1082 111 1124 174 43

95 273 238 349 artibus,
255 271 370 355 quibus
394 271 520 357 ingenia
542 271 584 336 ad
605 294 740 359 magnae
763 273 907 338 fortunae
930 273 1049 339 cultum
1073 297 1129 341 ex-

95 369 237 432 citantur.
266 365 371 429 evenit
387 365 494 442 facile,
512 366 598 449 quod
615 366 675 430 diis
693 367 780 431 cordi
797 377 895 432 esset:
914 368 1036 434 invenis
1054 391 1129 434 eva-

96 464 135 528 sit
157 484 231 525 vere
255 461 369 526 indolis
391 461 497 547 regiae
519 482 591 538 nec,
619 483 691 524 eum
713 472 913 545 quaereretur
934 485 1031 549 gener
1049 463 1129 528 Tar-

95 557 216 641 quinio,
245 555 412 639 quisquam
433 555 596 620 Romanae
618 555 787 622 iuventutis
810 557 875 622 ulla
900 568 966 622 arte
993 558 1129 623 conferri

93 651 195 737 potuit
217 649 378 732 filiamque
396 649 426 712 ei
444 672 534 714 suam
551 671 609 713 rex
625 650 801 735 despondit.

156 745 225 808 Hic
256 765 453 827 quacumque
483 745 523 808 de
553 766 649 808 causa
674 754 779 810 tantus
805 744 851 809 illi
876 745 975 812 honos
1001 746 1162 815 habituss

93 840 222 904 credere
254 837 411 923 prohibet,
448 860 539 903 serva
568 848 678 903 natum
704 862 776 903 eum
801 861 997 924 parvumque
1022 843 1128 927 ipsum

94 935 243 1000 semisse.
285 955 392 997 eorum
418 934 520 1021 magis
548 935 720 998 sententiae
747 957 831 1012 sum,
861 936 929 1018 qui,
959 934 1127 1002 Corniculo

41 1058 43 1111 ς
95 1039 201 1114 capto,
229 1025 322 1093 Servi
339 1027 438 1106 Tulli,
460 1028 516 1111 qui
537 1029 683 1114 princeps
701 1028 735 1092 in
751 1029 805 1092 illa
822 1028 900 1094 urbe
918 1029 1034 1109 fuerat,
1057 1054 1129 1118 gra-

41 1130 44 1177 t
96 1125 200 1188 vidam
229 1124 296 1188 viro
323 1122 427 1187 occiso
453 1146 597 1199 uxorem,
625 1145 698 1187 enm
719 1123 799 1186 inter
824 1124 960 1207 reliquas
987 1126 1126 1210 captivas

98 1221 223 1307 cognita
246 1231 343 1296 esset,
372 1218 412 1283 ob
434 1219 561 1283 unicam
581 1219 776 1284 nobilitatem
799 1218 838 1283 ab
857 1219 967 1305 regina
983 1219 1128 1285 Romana

41 1308 65 1405 ἱ·
97 1314 299 1400 prohibitam,
322 1312 428 1379 ferunt
446 1313 571 1378 servitio
588 1323 714 1399 partum
731 1310 853 1378 Romae
872 1313 1007 1379 edidisse
1023 1312 1127 1379 Prisci

41 1412 57 1481 l-
99 1408 249 1492 Tarquini
268 1408 371 1471 domo.
406 1408 479 1472 inde
497 1417 583 1472 tanto
602 1407 752 1473 beneficio
770 1418 802 1472 et
818 1409 899 1472 inter
916 1408 1061 1474 mulieres
1080 1408 1128 1474 sa·
1147 1430 1161 1476 6

41 1508 43 1519 '
98 1504 306 1567 miliaritatem
324 1512 447 1566 auctam
465 1511 497 1566 et
513 1525 655 1588 puerum,
673 1502 759 1567 utin
777 1503 870 1568 domo
890 1527 1018 1588 aparvo
1034 1505 1128 1568 educ-

99 1608 176 1675 tum,
203 1597 239 1661 in
265 1597 392 1661 caritate
419 1606 513 1681 atque
539 1597 657 1662 honore
683 1597 797 1675 fnisse,
825 1598 982 1662 fortunam
1009 1600 1127 1676 matris,

98 1693 180 1777 quod
207 1702 302 1777 capta
327 1690 428 1777 patria
452 1692 486 1755 in
511 1691 649 1757 hostium
675 1714 788 1756 manus
814 1691 948 1768 venerit,
981 1702 1016 1755 nt
1038 1715 1129 1757 serva

97 1799 188 1853 natus
208 1788 400 1863 crederetur,
423 1785 547 1852 fecisse.

158 1881 320 1947 XXXX.
360 1880 718 1968 Duodequadragesimo
745 1882 843 1946 ferme
871 1904 966 1958 anno,
999 1903 1039 1945 ex
1065 1903 1127 1965 quo
1149 1905 1161 1948 1

96 1999 228 2065 regnare
251 1985 396 2061 coeperat
414 1975 618 2060 Tarquinius,
642 1999 705 2041 nou
724 1977 807 2062 apud
825 1999 933 2062 regem
950 1977 1053 2055 modo,
1073 1976 1130 2040 sed

96 2072 181 2158 apud
211 2080 317 2156 patres
347 2070 534 2157 plebemque
566 2071 659 2156 longe
689 2071 826 2135 maximo
853 2070 970 2135 honore
998 2069 1128 2137 Servius

97 2167 221 2231 Tullius
245 2175 320 2230 erat.
357 2175 424 2229 tum
445 2164 529 2230 Anci
550 2165 606 2230 filii
628 2167 704 2243 dno,
733 2166 792 2229 etsi
815 2175 906 2230 antea
929 2188 1051 2251 semper
1072 2189 1129 2252 pro
1148 2185 1163 2233 2

95 2260 317 2347 indignissimo
343 2259 530 2339 habuerant,
568 2283 602 2325 se
627 2261 728 2348 patrio
755 2283 853 2347 regno
880 2261 990 2325 tutoris
1019 2261 1128 2326 fraude

95 2357 220 2443 pulsos,
244 2378 376 2442 regnare
392 2355 514 2420 Romae
536 2355 690 2420 advenam
712 2378 776 2420 non
797 2355 891 2420 modo
914 2356 1045 2433 civicae,
1074 2357 1130 2420 sed

95 2474 134 2516 ne
157 2451 290 2516 Italicae
311 2450 438 2534 quidem
461 2451 581 2536 stirpis,
609 2461 676 2515 tum
707 2450 869 2536 inpensius
892 2450 931 2516 iis
958 2449 1128 2536 indignitas

96 2567 253 2623 crescere,
273 2545 301 2610 si
312 2567 352 2610 ne
366 2544 407 2610 ab
421 2544 593 2629 Tarquinio
607 2545 735 2628 quidem
747 2545 788 2609 ad
803 2567 837 2610 se
854 2545 968 2610 rediret
986 2568 1128 2632 regnu-m,

97 2641 153 2705 sed
171 2661 323 2725 praeceps
341 2640 413 2704 inde
430 2662 523 2725 porro
542 2640 583 2704 ad
601 2639 727 2703 servitia
745 2639 882 2717 caderet,
907 2650 941 2703 ut
962 2640 996 2703 iu
1017 2640 1129 2704 eadem
1148 2661 1163 2707 3

97 2735 223 2800 civitate
241 2746 315 2821 post
333 2736 537 2801 centesimum
555 2735 621 2800 fere
639 2758 756 2800 annum
774 2736 859 2818 quod
876 2734 1046 2812 Romulus,
1070 2735 1129 2799 deo

96 2841 271 2917 prognatus
298 2831 376 2896 deus
401 2831 484 2918 ipse,
518 2830 652 2895 tenuerit
676 2852 823 2916 regnum,
852 2830 952 2893 donec
978 2830 1012 2892 in
1038 2829 1127 2894 terris

98 2924 206 3004 fuerit,
232 2925 267 2990 id
290 2948 398 2992 servus
427 2947 517 2990 serva
538 2934 631 2989 natus
657 2923 827 3010 possideat.
864 2945 937 2988 cum
964 2945 1129 2989 commune

97 3020 234 3086 Romani
257 3020 405 3098 nominis,
433 3029 500 3084 tum
521 3019 688 3105 praecipue
711 3018 744 3082 id
765 3019 878 3083 domus
898 3040 973 3083 snae
992 3018 1129 3082 dedecus

97 3116 179 3193 sore,
212 3113 241 3179 si
259 3112 345 3179 Anci
360 3114 444 3202 regis
462 3115 544 3180 virili
562 3114 657 3199 stirpe
676 3112 765 3178 salva
795 3135 859 3179 non
876 3113 970 3178 modo
989 3111 1128 3190 advenis,

100 3218 145 3276 set
172 3209 274 3276 servis
293 3209 388 3275 etiam
404 3233 536 3298 reguum
554 3211 676 3276 Romae
693 3218 823 3295 pateret.

159 3305 261 3371 Ferro
278 3304 289 3368 i
325 3314 374 3369 tur
391 3327 462 3370 eam
479 3327 584 3370 arcere
603 3303 824 3370 contumeliam
843 3313 992 3368 statuunt.
1025 3305 1129 3369 sedet
1147 3324 1164 3368 4

41 3392 45 3457 t
99 3390 228 3456 iniuriae
251 3327 341 3457 doidr
356 3391 390 3455 in
407 3390 612 3476 Tarquinium
629 3392 735 3477 ipsum
751 3390 868 3477 magis,
890 3412 987 3474 quam
1004 3389 1038 3455 in
1056 3386 1130 3456 Ser-

41 3486 45 3551 ἱ
98 3487 183 3550 vium
210 3507 266 3550 eos
295 3484 488 3564 stimulabat3
519 3496 564 3565 et,
595 3486 669 3570 qnia
695 3485 820 3572 gravior
845 3485 929 3549 ultor
953 3484 1075 3564 caedis,
1102 3483 1131 3550 si

41 3582 43 3611 ⁵
98 3590 293 3667 superesset,
316 3602 372 3645 rex
390 3581 513 3646 futurus
532 3590 598 3646 erat
620 3603 715 3664 quam
736 3580 891 3666 privatus,
915 3589 982 3644 tum
1017 3575 1128 3645 Servio

98 3677 203 3741 occiso
243 3697 474 3761 quemcumque
497 3676 593 3741 alium
615 3697 766 3762 generum
788 3674 972 3760 delegisset,
995 3672 1132 3738 eundem

97 3770 186 3857 regni
202 3769 354 3835 heredem
371 3770 510 3837 facturus
529 3770 694 3836 videbatur
706 3808 748 3819 -
765 3768 805 3834 01)
823 3768 902 3834 haec
919 3768 982 3854 ipsi
998 3765 1068 3852 regi
1083 3763 1131 3830 in-
1149 3785 1164 3831 a

99 3865 195 3932 sidiae
217 3873 378 3952 parantur.
415 3888 455 3932 ex
476 3865 654 3951 pastoribus
673 3865 735 3928 duo
753 3863 942 3928 ferocissimi
960 3858 1073 3925 delecti
1091 3858 1132 3924 ad
