2566 4524
120 281 125 292 .
227 231 294 298 492
431 238 1060 312 LIBERVIIII‚4t4a[au.c.449.450]

160 440 177 487 .·
229 387 395 472 consulem
417 423 490 466 cum
510 400 639 465 vuln‘ere
661 399 752 486 gravi
776 397 911 464 relatum
933 399 968 463 in
984 405 1237 466 castra'mortuun
1270 456 1281 471 .

229 499 360 586 quidam
377 507 520 564 auctores
539 505 613 563 sunt
630 505 661 561 et
669 495 717 560 M.
727 494 876 560 Fulvium
893 493 928 559 in
945 493 1053 560 locum
1070 495 1136 562 eius
1152 517 1240 563 cona·

229 593 293 660 lem
311 592 480 658 suffectum
497 600 528 656 et
545 590 647 668 abeo,
666 612 739 657 cum
757 589 799 655 ad
815 587 991 655 exercitum
998 587 1134 657 Minucii
1149 590 1241 656 missus
1265 583 1283 675 Q

230 696 325 765 esset,
343 686 523 752 Bovianum
540 694 677 771 captum.
1267 743 1283 771 q

180 802 214 854 ιο
295 780 347 847 Eo
365 801 448 846 anno
462 777 554 858 Sora,
572 777 741 867 Arpinum,
760 775 920 845 Cesennia
936 787 1069 864 recepta
1086 777 1127 846 ab
1143 775 1244 847 Sanni-

230 875 315 942 tibus
320 900 330 954 ;
348 874 500 940 Herculis
517 896 671 962 magnum
687 872 890 940 simulacrum
907 873 942 938 in
952 871 1117 960 Capitolio
1131 872 1245 960 posituro

230 969 483 1053 dedicatumque.

196 1086 212 1138 1
290 1061 483 1130 XXXXV.
501 1061 540 1128 P.
551 1060 694 1148 Sulpicio
705 1061 902 1141 Saverrione,
911 1060 951 1127 P.
959 1059 1151 1149 Sempronio
1160 1059 1245 1149 Sopho
1268 1124 1274 1148 K

231 1158 414 1226 consulibus
425 1156 597 1237 Samnites,
617 1180 673 1224 seu
690 1157 787 1224 finem
804 1179 862 1224 seu
878 1156 1068 1224 dilationem
1085 1157 1159 1224 belli
1173 1175 1245 1243 quac·
1267 1220 1278 1247 ἢ

230 1263 347 1332 rentes,
364 1252 487 1341 legatos
506 1253 545 1319 de
558 1274 637 1340 pace
645 1251 782 1319 Romam
798 1252 923 1318 misere.
950 1253 1073 1338 quibus
1091 1252 1244 1341 supplicis
1267 1319 1274 1336 ⁴

195 1368 213 1420 2
231 1348 400 1436 agentibus
418 1370 607 1435 responsum
624 1356 686 1426 est,
709 1347 772 1414 nisi
794 1368 889 1436 saepe
905 1346 1029 1414 bellum
1050 1358 1194 1434 parantes
1207 1366 1244 1435 ps·

229 1464 301 1509 cem
317 1443 471 1529 petissent
480 1440 650 1521 Samnites,
665 1442 804 1508 oratione
818 1441 900 1506 ultro
912 1441 992 1508 citro
1006 1442 1121 1509 habita
1136 1443 1174 1509 de
1187 1456 1243 1530 pstt
1270 1514 1273 1529 Ι

231 1537 364 1624 transigi
380 1537 536 1623 potuisse:
553 1558 647 1615 nunc,
666 1537 792 1622 quando
805 1535 903 1602 verba
914 1558 1000 1602 vana
1018 1539 1062 1604 ad
1078 1537 1115 1604 id
1131 1537 1243 1605 locens
1269 1595 1278 1628 ὓ

196 1631 362 1710 afuerint,
384 1631 479 1698 rebus
503 1630 650 1697 standum
672 1652 753 1697 esse.
792 1628 832 1697 P.
852 1627 1083 1717 Sempronium
1109 1629 1242 1699 censuim
1265 1628 1283 1725 Q

231 1746 304 1791 cum
322 1726 463 1791 exercitu
479 1724 568 1791 brevi
588 1725 623 1790 iu
641 1723 773 1792 Samnio
790 1723 873 1791 fore:
895 1745 984 1805 eum,
1009 1727 1054 1792 ad
1075 1725 1192 1794 bellum
1205 1744 1241 1812 pt·

232 1841 342 1886 cemne
364 1819 514 1885 inclinent
536 1818 646 1898 animi,
668 1819 736 1884 falli
757 1841 822 1885 non
842 1841 948 1905 posse.
988 1830 1146 1908 conperta
1165 1815 1241 1889 omu'!
1264 1892 1267 1901 ,

232 1914 356 1978 senatui
373 1913 558 1993 relaturum
576 1913 781 1979 decedentem
794 1935 834 1979 ex
844 1911 977 1981 Samnio
991 1916 1159 1983 consulem
1172 1904 1240 2002 tagit
1263 1912 1283 1979 1

196 2017 448 2090 assequerentur.
489 2029 527 2072 eo
550 2029 632 2073 anno
655 2029 729 2073 cum
749 2016 897 2095 pacatum
920 2005 1094 2076 Samnium
1116 1983 1283 2102 exero'lflQ

230 2099 397 2166 Romanus
416 2100 551 2188 benigne
569 2101 711 2187 praebito
729 2112 907 2169 commeatu
923 2115 1141 2191 peragrasset,
1157 2100 1239 2172 scel!
1261 2100 1283 2195 Q

231 2194 396 2280 antiquum
415 2193 611 2262 Samnitibus
629 2197 797 2264 redditum.
1228 2236 1231 2241 ·
1261 2191 1283 2291 Q

196 2311 213 2361 n
294 2289 351 2355 Ad
372 2289 505 2374 Aequos
527 2291 601 2356 inde
624 2300 747 2357 veteres
768 2291 877 2358 hostes
900 2299 1044 2358 ceterum
1070 2315 1131 2381 per
1154 2284 1283 2382 111qu

230 2405 330 2450 annos
357 2383 417 2451 sub
445 2385 549 2471 specie
575 2384 691 2450 infidae
716 2386 804 2471 pacis
826 2386 950 2471 quietos
971 2407 1071 2454 versa
1097 2411 1183 2455 arma
1198 2383 1239 2453 Bo

230 2500 334 2556 mana,
350 2479 435 2562 quod
450 2478 602 2546 incolumi
614 2479 755 2546 Hernico
773 2482 900 2547 nomine
917 2481 1161 2551 missitaverant
1175 2472 1238 2550 siml

198 2595 213 2644 6
231 2593 303 2637 cum
326 2572 376 2638 his
401 2571 537 2640 Samniti
558 2574 676 2639 auxilia
698 2584 729 2640 et
750 2585 823 2661 post
843 2575 1004 2643 Hernicos
1030 2577 1179 2646 subactos
1196 2571 1239 2643 ml

231 2688 324 2732 versa
344 2689 443 2753 prope
465 2691 545 2756 gens
568 2669 636 2734 sine
658 2669 907 2735 dissimulatione
931 2671 1060 2737 consilii
1085 2663 1238 2760 publicirl
1274 2741 1283 2765 Ι

230 2759 337 2825 hostes
356 2761 545 2841 desciverat3
568 2772 600 2828 et
617 2773 785 2849 postquam
802 2764 865 2830 icto
882 2764 1008 2832 Romae
1027 2788 1104 2832 cum
1124 2760 1239 2835 Samrll'·

197 2876 212 2923 t
230 2851 291 2918 bus
309 2853 437 2920 foedere
454 2855 577 2922 fetiales
595 2867 746 2924 venerant
762 2880 813 2924 res
831 2858 1011 2944 repetitum,
1032 2863 1239 2949 temptationes
1270 2927 1283 2954 .,

231 2945 357 3012 aiebant
383 2971 467 3028 esse,
494 2960 530 3016 ut
557 2961 674 3017 terrore
699 2953 828 3019 incusso
854 2952 929 3018 belli
950 2953 1124 3024 Romanos
1146 2979 1178 3024 sc
1197 2947 1240 3021 fia·
1274 3034 1276 3046 Ι

229 3051 425 3128 paterentur,
447 3046 534 3129 quod
555 3055 672 3130 quanto
695 3068 789 3133 opere
811 3047 985 3133 optandum
1010 3050 1098 3117 soret
1115 3050 1240 3119 Hernico

230 3139 387 3219 docuisse,
407 3162 479 3206 cum
497 3141 613 3226 quibus
630 3141 753 3208 licuerit
770 3165 844 3208 suas
862 3141 951 3228 leges
964 3142 1139 3214 Romanae
1156 3136 1240 3212 ciritst'

195 3236 501 3321 spraeoptaverint3
531 3237 647 3321 quibus
672 3235 800 3324 legendi
825 3236 902 3321 quid
928 3237 1068 3306 mallent
1094 3241 1240 3330 copia-not

228 3331 325 3395 fuerit
355 3354 413 3418 pro
443 3354 547 3418 poena
572 3332 782 3398 necessariam
808 3332 968 3398 civitatem
995 3335 1081 3402 fore.
1127 3337 1168 3404 ob
1189 3334 1240 3399 uso

229 3424 326 3510 vulgo
348 3427 381 3490 in
404 3427 543 3493 conciliis
565 3426 680 3492 iactata
705 3427 841 3514 populus
863 3425 1036 3496 Romanus
1059 3431 1177 3498 bellum
1197 3418 1240 3492 fid

195 3535 211 3584 a
229 3514 354 3601 Aequis
370 3520 480 3586 iussit:
507 3520 715 3605 consulesque
733 3520 827 3587 ambo
845 3520 887 3586 ad
903 3544 1029 3589 novum
1047 3523 1181 3612 profecti
1199 3514 1240 3587 bol
1275 3590 1276 3601 ,

178 3629 212 3680 10
229 3608 296 3674 lum
309 3623 456 3696 quattuor
472 3615 559 3680 milia
572 3639 591 3681 a
604 3616 714 3682 castris
732 3615 869 3682 hostium
887 3617 1116 3686 consederunt.
1141 3618 1240 3701 Aequt
1279 3686 1283 3706 1

228 3728 299 3771 rum
313 3709 478 3788 exercitus,
492 3711 594 3795 utqui
609 3733 666 3776 suo
679 3712 806 3777 nornine
824 3711 1000 3797 permultos
1017 3737 1121 3782 annos
1138 3709 1238 3781 inbdltt
1274 3777 1283 3799 Γ

190 3837 193 3842 ,
229 3801 380 3888 egissent,
398 3804 600 3870 tumultuario
619 3805 739 3884 similis,
759 3806 827 3871 sine
841 3805 977 3873 ducibus
997 3809 1107 3890 certis,
1126 3808 1187 3877 sine
1199 3803 1236 3869 in
1275 3873 1283 3893 ,

178 3915 210 3968 11
228 3897 330 3982 perio,
358 3897 522 3984 trepidare.
567 3899 647 3966 alius
674 3901 854 3965 exeundum
880 3900 914 3964 in
937 3901 1059 3985 aciem,
1086 3904 1140 3971 alii
1162 3906 1234 3968 cutm

228 3993 345 4058 tuenda
362 4001 501 4060 censent.
528 4003 634 4060 movet
651 3995 818 4081 plerosque
835 3996 973 4063 vastatio
990 3998 1102 4066 futura
1118 3990 1231 4086 agrafi
