2566 4524
21 2006 30 2019 ,
99 1954 238 2024 reliquias
252 1959 396 2024 tamquam
409 1953 582 2006 architectus
601 1951 641 2004 in·

102 268 154 317 xx
488 272 527 311 me
546 269 615 311 vrrs
632 268 672 310 sc
691 268 815 309 scamnis

102 383 263 453 lacerisque
272 381 403 437 membris
413 381 472 436 aori
481 379 587 435 iudicio
598 395 641 435 sa·
660 379 738 437 milia
755 378 830 435 veris
848 378 905 434 sint
916 395 968 449 pro
982 378 1058 433 varis
1075 379 1205 437 habean-

103 452 225 532 gaciqus
236 450 409 505 divinatione
423 448 553 505 adhibita
567 453 641 503 vete·
660 453 706 501 tur
716 447 786 502 satis
796 447 977 502 habenti'184
1003 447 1034 502 id
1046 454 1143 503 tamen
1153 466 1205 520 ag·

101 515 642 589 rishrstoriaequasieorpusrefingere
660 518 837 570 noscendum
864 521 921 582 est,
952 517 1050 570 natira
1078 518 1203 587 quadam

101 594 189 660 atque
201 588 362 642 instaurare
370 616 407 628 -
419 584 514 640 omnia
527 585 600 640 haee
614 593 643 640 et
660 592 799 656 grataque
809 584 905 638 indole
916 584 990 639 inter
999 584 1129 640 diversas
1138 603 1204 641 anc-

100 657 139 712 ab
152 655 270 729 ingenio
284 661 314 711 et
327 671 345 709 a
358 653 478 708 consilio
494 653 642 723 scriptoris
659 658 752 707 torum
771 653 926 708 sententias
949 660 1012 709 ea‘m
1035 653 1204 726 plerumque

99 725 307 782 abhorrebant.
334 721 434 777 Livius
453 721 528 777 enim
541 731 642 802 'quam
661 721 698 801 ab
708 738 742 777 eo
753 721 876 801 electam
884 738 962 788 esse,
981 737 1056 844 qpae
1070 739 1204 778 sanasse

99 811 186 866 qnam
200 793 278 846 baud
291 791 498 860 dubitassem
517 807 586 861 qmn
603 790 641 845 le·
662 789 782 858 simplici
791 796 879 844 menti
891 790 984 859 proba
1006 789 1071 844 slior
1084 807 1150 845 esse
1165 791 1203 845 ri·

100 861 229 934 gentium
246 860 390 931 plerisque
408 860 446 914 ad
467 876 541 914 nova
563 857 642 912 festi·
661 857 775 926 deatur3
801 858 971 928 ubicumque
998 875 1066 912 vero
1094 859 1202 914 nullam

99 928 236 986 nantibus
246 928 353 1008 primae
367 926 491 998 origines
504 927 641 997 proxima·
660 925 720 980 fere
736 926 907 981 sententiam
920 926 1038 996 reliquis
1055 935 1202 996 praestare

100 1013 158 1071 que
181 996 340 1077 originibus
362 996 456 1051 minus
476 995 642 1066 praebitura
661 1001 768 1064 censet,
779 995 871 1064 ipsum
882 994 1033 1049 discrimen
1043 995 1200 1050 adnotasse

100 1067 259 1145 voluptate
285 1069 394 1131 essent,
418 1065 488 1118 ‘hoe
515 1063 642 1134 quoque’
661 1068 813 1117 contentus
823 1068 875 1117 est
901 1081 966 1118 uam
981 1067 1048 1118 ‘nee
1063 1063 1203 1120 facileest

100 1133 196 1189 verbra
211 1132 321 1188 sitiam
335 1149 421 1203 supra
433 1133 531 1187 allatis
548 1133 642 1187 ‘labo
660 1137 710 1185 aut
726 1148 784 1186 rem
802 1131 842 1185 rei
862 1136 912 1184 aut
929 1137 1073 1186 auctorem
1088 1132 1200 1186 auctori

99 1202 141 1258 ris
150 1201 306 1270 praemium
320 1207 430 1272 petam,
447 1207 481 1255 ut
489 1217 533 1254 me
548 1217 641 1255 acon·
660 1198 817 1269 praeferre’
833 1199 1057 1270 ‘necquicquam
1073 1199 1202 1271 aequalis

97 1276 203 1342 spectu
220 1271 372 1340 malorum,
391 1285 464 1340 qnae
481 1275 580 1323 nostra
599 1272 643 1323 tot
660 1267 835 1337 temporibus
844 1267 902 1320 illis
913 1268 1035 1337 scriptor
1044 1274 1133 1337 extat,
1145 1286 1201 1340 quo

99 1356 154 1409 per
175 1355 267 1393 annos
289 1338 362 1393 vidit
382 1344 477 1408 netas,
502 1338 642 1406 tantimer
661 1335 1122 1391 satisoertoauctorestetur.'18⁶
1140 1337 1203 1407 ipsa

100 1413 191 1477 certe,
211 1408 278 1461 dum
292 1407 388 1477 prisea
403 1412 467 1460 tota
483 1406 534 1460 illa
548 1412 641 1461 mente
660 1421 727 1459 vero
738 1405 811 1459 haec
819 1405 907 1458 verba
921 1404 949 1458 in
959 1403 1015 1459 fine
1030 1405 1098 1460 libri
1108 1405 1202 1462 octavi

99 1483 214 1546 repeto,
229 1481 368 1542 avertam,
382 1475 472 1528 omnis
483 1490 584 1543 expers
594 1490 640 1527 cu·
660 1473 767 1542 posita,
786 1473 836 1527 ubi
846 1478 947 1526 auctor
960 1473 1102 1544 queritur,
1122 1476 1202 1531 vitia·

99 1561 164 1613 rae,
184 1559 257 1613 quae
278 1542 428 1597 scribentis
446 1542 569 1595 animum
588 1541 642 1595 etsi
660 1549 718 1595 tam
734 1541 898 1595 memoriam
920 1540 1089 1597 funebribus
1112 1542 1202 1599 laudi·

98 1629 159 1666 nen
173 1611 291 1666 flectere
304 1627 322 1665 a
336 1626 418 1678 vero,
438 1609 591 1665 sollicitum
601 1614 641 1662 ta-
660 1609 713 1662 bus
732 1625 795 1663 esse
809 1608 948 1679 falsisque
962 1609 1118 1680 imaginum
1135 1612 1200 1666 titu-

98 1678 289 1735 meneffioere
299 1679 458 1748 posset’lu
485 1678 576 1748 ipsam
589 1677 641 1747 igi-
661 1677 708 1746 lis,
728 1677 898 1732 documento
918 1694 981 1732 esse
995 1685 1132 1760 possunt,
1150 1695 1201 1750 per

96 1747 641 1816 turbansoertelaborispartemsusee-
660 1745 833 1867 qosteriores
843 1762 958 1817 quoque
966 1764 1075 1816 primae
1085 1747 1203 1803 decadis

100 1817 144 1888 pit
157 1835 216 1872 non
233 1822 356 1871 utraras
371 1815 436 1869 illas
451 1821 480 1870 et
493 1814 642 1869 semirutas
674 1814 750 1868 'bros
782 1816 827 1869 ‘et
852 1815 1027 1884 singulorum
1054 1816 1148 1886 gestis
1174 1822 1202 1873 et

99 1885 283 1940 vetustissimi
293 1884 413 1939 alicuius
423 1883 506 1954 quasi
520 1881 642 1937 aedificii
660 1881 789 2005 ἓιιιιὶιίιίθι6
805 1882 1112 2006 monumentisdrerusm
1135 1902 1201 1967 eon·

673 1968 732 2005 usis
801 1967 908 2005 moram
922 1968 948 2006 er
962 1968 996 2006 ea
1018 1968 1062 2006 em
1090 1969 1139 2009 ere
1152 1971 1202 2011 rm-

101 2021 218 2076 dsiesso
241 2021 335 2100 studio
358 2020 565 2100 pervestigaret
585 2019 640 2089 pri·
659 2019 822 2100 pedimenta
832 2019 976 2100 attulisse,
996 2037 1069 2090 quae
1084 2037 1138 2102 per
1148 2023 1203 2093 pri·

98 2107 173 2144 mum
187 2106 222 2144 ae
238 2095 397 2151 metuetur,
415 2094 474 2142 tum
491 2088 642 2157 ichnogra·
660 2087 769 2141 mordra
778 2089 972 2157 progredienti
989 2092 1201 2145 antearterob·

99 2157 197 2280 Ehiam
212 2174 308 2211 earum
322 2156 477 2212 conficeret
490 2173 526 2210 ao
544 2160 641 2209 ‘mem-
660 2162 841 2225 saepserant,
861 2155 901 2210 ita
914 2163 947 2209 ut
965 2173 1016 2225 per
1035 2173 1134 2213 omnes
1149 2159 1202 2213 bos

121 2243 153 2280 ra
168 2226 280 2280 domus'
299 2225 393 2280 diruta
410 2241 462 2294 pro
481 2225 593 2278 ratione
607 2240 642 2278 ac
660 2225 757 2280 decem
771 2224 860 2278 libros
874 2224 975 2279 iisdem
993 2225 1053 2280 iere
1072 2225 1203 2282 fontibus

98 2311 231 2348 mensura
257 2295 378 2363 partium
412 2298 641 2347 conservatarum
660 2293 759 2347 eadem
777 2293 888 2347 ratione
905 2310 975 2346 usus
1001 2294 1047 2346 sit.
1084 2311 1202 2351 accura-

99 2363 298 2416 ratiocinando
314 2368 467 2416 conaretur
480 2361 638 2428 restituere,
659 2362 731 2415 tiore
741 2378 818 2427 vero,
827 2369 860 2414 ut
871 2361 999 2429 diximus,
1005 2361 1134 2430 ipsorum
1144 2381 1202 2418 mo·

99 2432 150 2484 sed
177 2437 209 2485 ut
236 2446 285 2485 eas
316 2431 423 2484 hedera
456 2429 638 2496 convestitas,
659 2429 1203 2501 numentorumprimariorumquaeae·

99 2499 227 2580 ‘spissis'
251 2499 384 2554 arborum
401 2498 559 2569 ingentium
578 2501 639 2550 ‘eo-
659 2503 745 2550 tatem
755 2498 892 2563 tulerant,
908 2497 1092 2567 indagatione
1104 2507 1203 2569 spreta

98 2568 164 2621 mrs’
179 2584 286 2638 opacas
296 2568 477 2636 depingeret,
492 2583 560 2619 suae
570 2565 640 2618 alio·
659 2564 754 2618 hausit
763 2581 797 2619 ex
807 2565 935 2618 fontibus
946 2568 1136 2635 secundariis,
1153 2586 1202 2623 an·

98 2653 217 2706 rumque
231 2636 370 2714 voluptati
383 2634 474 2704 magis
492 2633 640 2687 inservitu·
659 2632 765 2687 natium
780 2633 833 2687 sori
855 2633 979 2703 toribus,
999 2635 1085 2705 idque
1099 2636 1140 2690 ita
1158 2636 1202 2690 fe-

99 2721 148 2757 rus
172 2721 257 2774 quam
280 2719 338 2756 sive
362 2701 506 2756 literarum
530 2700 640 2755 cuidam
659 2701 731 2755 cisse
742 2652 885 2770 pessulus
896 2709 949 2769 est,
963 2708 1062 2757 utnon
1077 2705 1203 2773 perlon-

100 2771 269 2840 disoiplinee
293 2770 351 2823 sive
375 2772 542 2841 cuiusquam
566 2785 639 2822 eom·
681 2770 797 2839 'nquum
832 2769 987 2823 studiorum
1019 2771 1202 2828 assiduorum

99 2841 185 2894 medo
198 2840 245 2893 vel
258 2837 383 2891 utilitati.
411 2838 506 2892 omnia
519 2839 569 2890 illa
577 2854 640 2906 par·
680 2854 810 2892 eeursnm
820 2854 917 2892 omnes
927 2845 994 2892 ante
1004 2855 1034 2894 se
1045 2840 1201 2910 scriptores

99 2907 151 2961 tim
170 2908 266 2962 deleta
279 2905 380 2975 partim
396 2906 515 2960 confusa
529 2922 593 2959 esse
612 2912 641 2959 et
660 2906 1198 2980 conquisiverit,perlegeritexeerpse-

99 2976 177 3029 videt
204 2982 234 3030 et
259 2975 367 3029 fatetur
393 2980 423 3028 et
445 2973 640 3044 conqueritur:
659 2974 703 3042 rit,
718 2976 919 3044 composuerit,
935 2977 985 3029 sed
995 2981 1054 3030 uta
1069 2979 1142 3031 satis
1153 2996 1200 3034 aa·

99 3045 196 3098 ‘tanti'
209 3044 345 3114 inquam
359 3046 483 3097 ‘errores
493 3042 641 3111 implicant
660 3043 750 3112 gustis
766 3044 922 3097 studiorum
935 3043 1022 3096 initiis
1036 3061 1121 3099 orsus
1137 3064 1202 3116 pro·

98 3117 256 3182 temporum
276 3111 359 3167 aliter
377 3112 453 3180 apud
475 3111 547 3164 alios
566 3110 639 3164 ordi·
659 3113 806 3180 gradiente
826 3112 967 3166 scribendi
992 3111 1092 3167 labore
1112 3117 1201 3170 maio·

99 3181 174 3235 natis
202 3180 430 3252 magistratibus,
457 3186 490 3232 ut
516 3195 569 3233 neo
592 3179 640 3248 qui
659 3196 718 3232 rem
726 3180 863 3249 paulatim
872 3196 1037 3248 permensus
1052 3181 1090 3235 sit
1100 3183 1202 3239 lectio·

100 3250 233 3304 eonsules
253 3250 406 3304 seeundum
431 3265 569 3318 quosnam
587 3248 702 3301 neonis
721 3248 866 3301 ambitum.
895 3264 957 3300 cum
972 3264 1023 3317 per
1036 3248 1130 3304 libros
1144 3253 1201 3322 pri-

99 3317 640 3388 quidquoqueannoactumsit,intan·
659 3332 751 3369 mores
778 3332 841 3369 raro
869 3314 1035 3369 nominatim
1067 3325 1203 3377 auctores

98 3391 129 3438 ta
142 3393 282 3439 vetustate
296 3401 353 3437 non
366 3401 460 3438 rerum
477 3384 570 3462 mode,
590 3384 640 3436 sed
660 3400 727 3436 suos
736 3381 845 3450 afferat,
860 3383 1023 3438 coniectura
1036 3390 1159 3458 tantum,
1173 3394 1205 3445 at

99 3455 184 3507 etiam
194 3461 341 3507 auctorum
354 3453 481 3522 digerere
491 3451 597 3520 possrs’
606 3481 641 3493 -
659 3468 693 3506 ea
704 3451 772 3506 satis
782 3451 934 3521 probabili,
944 3451 1007 3519 nisi,
1023 3457 1204 3514 contendere

100 3528 130 3576 at
148 3539 200 3590 pro
218 3521 291 3574 virili
308 3528 388 3590 parte
407 3520 444 3574 ad
458 3518 641 3574 resarcienda
658 3537 821 3589 possumus,
845 3519 1070 3590 antiquissimum
1089 3526 1206 3581 annali.

99 3589 172 3644 haec
186 3591 289 3644 damna
304 3588 418 3658 stipem,
437 3594 469 3640 ut
482 3587 523 3641 ita
537 3588 638 3654 dicam,
657 3604 706 3641 unr-
723 3589 900 3668 scriptorem,
921 3588 953 3652 Q.
969 3587 1090 3643 Fabium
1105 3592 1204 3650 Picto·

100 3658 239 3727 conferre,
250 3659 279 3711 id
290 3657 316 3711 ei
325 3655 353 3710 in
363 3663 485 3710 mentem
495 3673 553 3710 non
563 3655 640 3710 venit
657 3673 730 3723 rem,
749 3655 904 3727 principem
913 3655 953 3709 ibi
964 3655 1064 3709 ducem
1075 3675 1141 3715 eum
1152 3663 1206 3718 ba.

101 3726 146 3780 ‘in
159 3727 245 3781 rebus
259 3732 317 3780 tam
335 3725 459 3796 antiquis
479 3724 589 3796 siquae
604 3723 638 3776 si·
658 3724 763 3793 buisse,
794 3731 886 3777 raeter
896 3739 978 3792 quem
989 3724 1121 3797 aliorum,
1138 3729 1205 3788 cal.

657 3792 750 3859 purnii
772 3743 897 3859 lisonis,
925 3791 1033 3846 Valerii
1061 3794 1202 3870 Antiatis,

125 3886 162 3924 131
177 3886 245 3975 gades,
255 3885 274 3934 ς,
284 3886 304 3926 4,
658 3860 768 3915 Claudii
779 3859 968 3929 Quadrigarii,
978 3859 1082 3916 Licinii
1096 3865 1203 3939 Macri,

151 3938 163 3975 2
223 3965 229 3977 s
252 3964 258 3976 ·
282 3963 287 3977 ⁸
660 3951 825 3961 ..-.-.--.

124 3937 163 4028 lla
177 3937 637 4035 11321,§‹tol.13roeokorumUotersuotunpes
681 3983 721 4022 1³4
733 3981 761 4028 V,
771 3982 803 4029 21,
814 3982 834 4022 9.

100 4038 141 4081 ebe
152 4038 173 4080 d.
190 4037 389 4090 Gtsrrtwttrdtpleit
403 4037 442 4080 der
455 4036 543 4079 alerem.
560 4033 636 4078 Gessit.
681 4034 719 4073 185
732 4032 791 4080 vill,
801 4034 834 4080 40,
845 4034 864 4074 3.
875 4036 894 4075 t.

100 4091 168 4134 eun.
179 4093 230 4132 lete
238 4103 260 4142 p.
270 4093 315 4132 bil·
681 4085 719 4125 1ee
732 4083 785 4125 ibid.
795 4084 814 4134 ς.
824 4086 844 4124 t.
