2566 4524
346 113 465 168 urana
481 114 509 182 1,
528 112 571 167 33.
586 113 629 168 33.
650 116 688 182 [a.
699 111 729 166 3.
739 113 889 178 cro-arc]
1086 105 1127 169 37
1244 195 1250 208 Ι

93 271 262 356 facioque?
296 272 330 335 id
353 271 408 336 ubi
424 271 570 349 dixisset,
594 271 717 336 hastam
734 271 768 335 in
785 271 864 337 fines
883 293 991 337 eorum
1009 275 1130 340 emitte-

94 368 159 433 bat.
196 367 259 430 hoc
285 375 351 430 tum
379 367 473 430 modo
500 366 539 431 ab
557 366 683 430 Latinis
708 367 858 451 repetitae
880 389 931 432 res
953 390 990 432 ac
1012 367 1129 434 bellum
1149 392 1181 439 14

93 462 250 527 indictum
268 483 450 544 moremque
467 483 541 525 eum
557 460 675 546 posteri
692 471 888 547 acceperunt.

159 555 337 620 XXXIII.
373 555 499 633 Ancus,
523 556 711 620 demandata
728 578 803 621 cura
821 578 979 622 sacrorum
997 557 1130 622 flamini-
1149 581 1161 627 1

97 651 156 716 bus
176 649 455 733 sacerdotibusque
473 650 556 726 aliis,
581 649 719 714 exercitu
740 672 823 715 novo
845 652 1035 736 conscript0,
1058 675 1130 737 pro-

94 745 200 809 fectus
223 743 408 808 Politorium
430 743 541 808 urbem
562 743 750 808 Latinorum
773 745 805 808 vi
831 746 914 830 cepit
940 757 1129 830 secutusque

94 860 217 903 morem
231 860 342 924 regum
355 837 507 922 priorum,
527 837 581 921 qui
594 860 661 901 rem
674 837 851 903 Romanam
865 850 1014 904 auxerant
1032 841 1130 904 hosti-

94 932 156 998 bus
170 933 206 996 in
219 932 378 997 civitatem
392 932 595 1017 accipiendis,
614 932 844 997 multitudinem
859 955 984 998 omnem
993 934 1130 999 Romam

96 1028 248 1093 traduxit.
285 1037 316 1092 33
338 1050 410 1093 cum
432 1027 516 1093 circa
532 1027 705 1104 Palatium,
729 1028 837 1092 sedem
853 1039 994 1092 veterum
1012 1029 1130 1095 Roma-
1148 1050 1163 1097 2

94 1145 223 1199 norum,
245 1119 355 1187 Sabini
370 1119 560 1206 Capitolium
579 1133 672 1204 atque
691 1144 808 1199 arcem,
829 1120 973 1186 Caelium
991 1135 1130 1190 montem

94 1216 217 1283 Albani
249 1214 436 1300 inplessont,
458 1215 654 1280 Aventinum
675 1238 776 1280 novae
799 1216 989 1281 multitudini
1011 1219 1128 1283 datum.

96 1312 196 1378 additi
228 1312 339 1375 eodem
369 1311 447 1378 haut
485 1311 530 1376 ita
558 1311 657 1376 multo
683 1321 756 1396 post
782 1311 921 1376 Tellenis
948 1312 1129 1397 Ficanaque

96 1406 197 1493 captis
215 1405 291 1469 novi
309 1405 403 1470 cives.

158 1499 348 1564 Politorium
364 1500 438 1565 inde
454 1522 564 1564 rursus
581 1498 665 1565 bello
686 1500 867 1586 repetitum,
891 1502 976 1584 quod
993 1525 1128 1567 vacuum
1148 1524 1162 1570 3

95 1604 328 1681 occupaverant
349 1595 445 1681 prisci
462 1594 580 1659 Latini.
621 1616 721 1678 eaque
739 1617 836 1659 causa
853 1595 1023 1661 diruendae
1040 1598 1127 1662 urbis

94 1691 163 1756 eius
177 1689 240 1752 fuit
249 1689 400 1754 Romanis
405 1737 415 1767 ,
434 1712 473 1754 ne
487 1689 625 1754 hostium
644 1711 768 1774 semper
784 1690 1017 1776 receptaculum
1034 1702 1127 1756 esset.

96 1794 257 1871 postremo
284 1784 369 1849 omui
395 1783 478 1848 bello
504 1783 622 1850 Latino
647 1781 835 1848 Medulliam
872 1785 1040 1871 conpulso,
1072 1786 1163 1854 ali-4

96 1878 248 1963 quamdiu
269 1877 314 1942 ibi
335 1877 440 1945 Marte
461 1878 580 1943 incerto
601 1878 689 1942 varia
711 1878 840 1943 victoria
864 1891 1040 1965 pugnatum
1066 1891 1128 1945 est:

95 1997 168 2039 nam
188 1983 219 2038 et
238 1972 314 2037 urbs
333 1983 400 2038 tuta
416 1972 643 2038 munitionibus
656 1974 876 2058 praesidioque
889 1974 1011 2039 firmata
1023 1975 1129 2040 valido

97 2078 162 2133 erat
197 2077 230 2132 et
265 2068 375 2133 castris
410 2067 444 2132 in
478 2079 585 2154 aperto
616 2067 726 2152 positis
758 2068 945 2151 aliquotiens
972 2070 1128 2135 exercitus

96 2162 233 2227 Latinus
261 2162 435 2228 comminus
462 2185 535 2227 cum
555 2162 708 2227 Romanis
740 2157 831 2249 signa
862 2163 1042 2228 contulerat
1087 2164 1162 2231 ado

96 2257 242 2320 ultimum
279 2256 424 2322 omnibus
459 2257 558 2343 copiis
590 2257 716 2321 conisus
742 2256 854 2321 Ancus
890 2257 957 2322 acie
992 2258 1129 2343 primum

95 2351 207 2428 vincit,
240 2351 314 2415 inde
345 2351 466 2438 ingenti
490 2351 609 2438 praeda
633 2361 745 2436 potens
771 2350 907 2415 Romam
933 2351 1027 2428 redit,
1060 2363 1128 2415 tum

95 2467 223 2530 quoque
246 2445 352 2511 multis
375 2444 502 2511 milibus
524 2446 713 2510 Latinorum
734 2446 768 2509 in
794 2444 951 2509 civitatem
979 2446 1127 2530 acceptis,

96 2540 227 2624 quibus,
259 2551 294 2605 ut
322 2540 505 2627 iungeretur
528 2539 652 2604 Palatio
678 2537 887 2617 Aventinum,
920 2540 962 2604 ad
986 2538 1129 2605 Murciae

96 2636 188 2700 datae
207 2635 311 2699 sedes.

159 2729 339 2794 Ianiculum
356 2751 482 2814 quoque
499 2729 670 2807 adiectum,
696 2752 759 2794 non
781 2730 887 2814 inopia
908 2730 982 2808 loci,
1012 2731 1068 2795 sed
1089 2743 1163 2794 333

96 2825 224 2908 quando
251 2847 289 2889 ea
311 2848 368 2890 arx
388 2824 526 2890 hostium
549 2833 641 2890 esset
676 2822 710 2888 id
731 2847 795 2888 non
816 2848 906 2889 muro
930 2824 1044 2902 solum,
1074 2824 1131 2889 sed

97 2920 191 2985 etiam
211 2919 251 2984 ob
270 2921 524 2985 commoditatem
545 2919 664 2984 itineris
679 2929 781 3005 ponte
805 2918 949 2997 sublicio,
977 2929 1044 2983 tum
1066 2918 1130 3003 pri-

97 3037 184 3077 mum
201 3013 237 3078 in
254 3013 395 3078 Tiberim
412 3014 511 3092 facto,
534 3013 682 3100 coniungi
699 3012 769 3077 urbi
786 3013 912 3097 placuit.
959 3011 1129 3094 Quiritium
1148 3025 1162 3070 7

96 3129 225 3191 quoque
247 3107 349 3186 fossa,
375 3107 455 3173 haut
481 3130 613 3194 parvum
636 3107 864 3172 munimentum
890 3129 910 3170 a
934 3105 1128 3190 planioribus

96 3203 185 3267 aditu
201 3202 295 3278 locis,
313 3201 398 3268 Anci
415 3202 499 3288 regis
518 3224 597 3287 opus
611 3211 668 3267 est.
695 3202 816 3287 ingenti
828 3201 1020 3284 incremento
1032 3201 1128 3266 rebus
1146 3210 1163 3258 8

97 3296 208 3375 auctis,
229 3299 342 3361 cumin
356 3307 443 3362 tanta
454 3295 652 3362 multitudine
663 3295 835 3373 hominum,
855 3295 1032 3360 discrimine
1045 3305 1129 3361 recte

98 3413 137 3456 an
161 3413 330 3478 perperam
355 3391 432 3457 sacti
453 3391 598 3469 confuso,
625 3390 765 3456 facinora
791 3389 983 3455 clandestina
1009 3389 1128 3468 fierent,

97 3508 204 3552 carcer
226 3487 268 3551 ad
289 3495 439 3552 terrorem
460 3486 663 3551 increscentis
686 3484 835 3549 audaciae
857 3484 961 3549 media
981 3483 1060 3548 urbe
1081 3485 1130 3548 in-

96 3582 221 3646 minens
240 3580 310 3647 foro
328 3581 517 3646 aedificatur.

159 3675 231 3741 Nec
249 3675 325 3742 urbs
344 3686 466 3742 tantum
483 3676 544 3742 hoc
561 3698 636 3762 rege
655 3674 761 3752 crevit,
772 3675 828 3739 sed
839 3674 933 3738 etiam
947 3695 1022 3758 ager
1034 3672 1129 3735 fines-

96 3794 172 3856 que:
192 3771 276 3838 silva
288 3769 410 3837 Messia
423 3770 609 3837 Veientibus
628 3770 774 3854 adempta
791 3791 896 3852 usque·
908 3768 950 3832 ad
967 3787 1052 3830 mare
1069 3765 1128 3828 im-
1146 3784 1160 3831 3

97 3868 221 3954 perium
247 3865 405 3953 prolatum
432 3875 463 3932 et
489 3865 523 3930 in
548 3887 600 3930 ore
623 3863 747 3929 Tiberis
771 3861 865 3930 Ostia
890 3862 965 3937 urbs
993 3859 1126 3936 condita,
