2566 4524
384 264 503 323 uranu
518 267 795 342 iraeadem]
1039 266 1104 335 533

66 423 184 496 territis
201 423 294 511 equis
309 423 514 512 proculcavit.
553 425 628 493 binc
645 427 724 517 fuga
742 440 854 518 coepta
871 441 969 500 totam
990 439 1102 504 avertit

64 522 167 591 aciem
187 518 385 598 Rommam,
412 519 539 606 iamque
559 521 594 587 in
615 531 706 612 terga
726 524 917 611 fugientium
939 525 1098 599 Samnites
1118 555 1133 604 e

62 612 261 706 pugnabant,
280 636 354 681 cum
371 615 482 682 consul
495 636 577 701 equo
589 627 776 703 praevectus
790 620 832 685 ad
843 631 967 708 portam
982 634 1100 692 castro·

62 732 135 778 rum
156 731 197 777 ao
218 709 354 776 statione
371 708 513 794 equitum
533 709 580 777 ibi
601 713 747 799 opposita
768 713 947 802 edictoque,
973 727 1009 783 ut
1030 720 1132 803 qui-r

63 826 202 892 cumque
214 803 258 872 ad
270 802 391 871 vallum
403 805 553 884 tenderet,
572 805 640 872 sive
652 805 705 873 ille
713 807 878 879 Romanus
892 811 959 879 sive
970 810 1099 880 Samnis

62 904 237 987 esset'pro
253 897 345 966 hoste
361 897 524 978 baberent,
541 899 621 967 haec
637 900 709 988 ipsa
725 902 874 972 minitans
893 905 1014 973 obstitit
1026 930 1100 995 pro-

61 993 136 1063 tuse
152 991 356 1060 tendentibus
374 993 441 1059 suis
456 993 492 1058 in
509 1003 621 1060 castra
658 1000 735 1080 ‘quo
751 1018 873 1085 pergis,
905 1011 1007 1086 inquit
1040 1023 1132 1073 maa

60 1085 129 1158 les?
155 1097 189 1155 et
205 1087 259 1154 bic
275 1110 364 1154 anna
381 1097 412 1153 et
433 1088 518 1155 viros
539 1089 695 1171 invenies,
721 1114 780 1159 neo
801 1094 874 1160 vivo
896 1095 1099 1163 consulatue

60 1183 124 1250 nisi
148 1182 252 1250 vietor
279 1191 382 1249 castm
406 1182 553 1249 intrabiar
583 1184 716 1270 proinde
742 1184 837 1275 elige,
865 1209 939 1255 cum
963 1189 1033 1257 eive
1058 1215 1100 1257 an

60 1278 154 1346 hoste
174 1299 319 1366 pugnare
344 1276 457 1344 malia’
494 1278 573 1344 haec
599 1278 722 1348 dicente
748 1282 877 1349 comula
903 1284 1025 1371 equites
1050 1285 1131 1357 in-e

60 1373 155 1442 festis
173 1371 360 1461 cuspidibus
378 1373 671 1441 circumfunduntur
688 1398 726 1442 ac
746 1378 884 1464 peditem
902 1378 936 1444 in
956 1401 1099 1467 pugnam

59 1467 165 1536 redire
181 1466 301 1535 iubent
337 1490 402 1534 uon
418 1467 519 1534 virtus
538 1468 640 1534 solum
657 1471 812 1551 consulis,
839 1473 897 1539 sed
918 1473 984 1540 fors
1002 1474 1098 1541 etiam

60 1561 200 1643 adiurit,
227 1561 314 1647 quod
331 1583 396 1628 non
416 1561 596 1628 institerunt
614 1561 789 1645 Samnites,
815 1566 1017 1653 spatiumque
1038 1567 1098 1634 cir-

60 1656 252 1745 cumagendi
274 1655 367 1744 signa
388 1656 592 1742 vertendique
615 1658 715 1724 aciem
737 1682 756 1724 a
782 1660 893 1727 castris
915 1660 948 1728 in
972 1661 1097 1728 hostem

59 1751 133 1819 fuit
166 1760 236 1816 tum
253 1749 307 1817 alii
328 1750 406 1817 alios
429 1749 560 1830 hortari,
589 1761 624 1816 ut
644 1761 821 1838 repeterent
841 1777 998 1842 pugnam
1024 1776 1147 1824 cen-10

59 1843 200 1913 turinnes
219 1843 260 1912 ab
277 1844 438 1933 signiferis
454 1854 546 1932 rapta
563 1845 655 1932 signa
666 1845 781 1913 inferre
795 1856 825 1912 et
838 1848 1003 1916 ostendere
1017 1849 1095 1928 suis,

57 1960 181 2029 pauooe
198 1947 231 2006 et
247 1938 409 2006 ordinibus
422 1939 627 2026 inconpositis
642 1938 744 2007 effuse
755 1941 861 2008 venire
874 1942 992 2011 hostes.
1015 1943 1096 2011 inter
1114 1965 1145 2015 11

57 2032 140 2102 haec
156 2033 269 2101 consul
286 2056 399 2100 manus
417 2034 459 2099 ad
476 2034 599 2100 caelum
617 2035 762 2102 attollens
780 2059 858 2104 voce
876 2037 974 2118 clara,
998 2039 1044 2105 ita
1060 2049 1097 2105 ut

58 2128 276 2207 exaudiretur,
299 2127 451 2215 templum
468 2127 541 2194 Iovi
558 2125 677 2195 Statori
694 2140 803 2210 vovet,
822 2132 850 2198 si
867 2133 1059 2202 constitisset
1076 2158 1096 2199 a

57 2222 139 2312 fuga
154 2222 302 2290 Romana
325 2223 409 2289 acies
430 2222 704 2310 redintegratoque
720 2223 839 2310 proelio
861 2226 1028 2293 cecidisset
1049 2228 1096 2292 vi-

59 2319 221 2404 cissetque
237 2317 379 2405 legiones
399 2313 599 2384 Samnitium.
634 2339 744 2384 omues
767 2318 905 2404 undique
927 2320 1030 2386 adnisi
1053 2321 1095 2386 ad
1113 2341 1145 2390 ra

57 2412 289 2482 restituendam
306 2435 463 2500 pugnam,
486 2412 599 2493 duces,
627 2412 756 2494 milites,
779 2413 921 2500 peditum
938 2414 1096 2500 equitum-

57 2530 121 2595 que
139 2507 200 2575 vis.
234 2528 353 2573 numen
370 2507 466 2573 etiam
488 2507 620 2573 deorum
641 2507 820 2594 respexisse
843 2530 959 2575 nomen
975 2509 1095 2576 Roma-

44 2612 136 2671 'num
153 2602 275 2670 deum:
302 2602 381 2671 adeo
398 2601 492 2669 facile
509 2602 659 2669 inclinate
674 2624 726 2671 res
748 2603 928 2689 repulsique
946 2625 964 2669 e
982 2604 1093 2671 castris

56 2698 184 2777 hostes,
212 2718 288 2763 mox
305 2697 400 2763 etiam
421 2697 541 2763 redacti
563 2697 605 2762 ad
626 2719 700 2763 eum
721 2696 840 2777 locum,
867 2696 900 2762 in
923 2718 986 2782 quo
1008 2719 1095 2763 oom-

56 2793 159 2860 misea
175 2812 286 2878 pugna
302 2799 378 2856 erat.
404 2790 450 2857 ibi
468 2789 630 2858 obiacente
648 2792 841 2858 sarcinarum
859 2791 994 2871 cumulo,
1013 2812 1093 2876 quas
1112 2809 1145 2862 1³

56 2886 258 2955 coniecerant
274 2885 309 2950 in
325 2885 480 2964 medium,
499 2886 629 2953 haesere
646 2887 794 2974 inpediti3
816 2887 944 2967 deinde,
963 2908 1004 2953 ne
1020 2886 1096 2953 diri-

55 2990 209 3070 perentur
225 3002 288 3060 res,
306 2978 416 3048 orbem
434 2989 626 3047 armatorum
645 2982 777 3048 sarcinis
795 2982 999 3049 circumdant.
1027 2992 1095 3048 tum
1113 3001 1146 3051 14

55 3099 133 3144 vero
160 3096 217 3142 eos
244 3073 387 3141 afronte
409 3096 522 3164 urgere
548 3075 684 3163 pedites,
711 3073 752 3140 ab
778 3083 868 3161 tergo
894 3073 1095 3140 circumvecti

55 3171 193 3258 equites.
228 3169 274 3236 ita
289 3170 323 3235 in
344 3169 448 3236 medio
470 3171 556 3236 caesi
576 3169 732 3255 captique.
768 3168 963 3255 captivorum
983 3189 1095 3234 nnme-

56 3290 114 3334 rus
135 3264 200 3333 fuit
223 3272 345 3351 septem
366 3264 488 3330 milium
506 3286 544 3330 ac
561 3264 779 3342 ducentorum,
806 3262 861 3347 qui
883 3284 993 3329 omnes
1015 3261 1093 3327 nudi

56 3359 118 3429 sub
135 3359 253 3447 iugum
267 3357 373 3438 missi3
391 3380 501 3426 caesos
518 3356 664 3425 rettulere
681 3358 723 3423 ad
735 3365 883 3442 quattuor
895 3356 982 3423 milia
994 3356 1093 3423 octin-

54 3463 182 3544 gentos.
221 3474 264 3519 ne
284 3452 438 3519 Romanis
465 3452 593 3537 quidem
618 3451 702 3517 laeta
726 3451 859 3517 victoria
884 3450 959 3516 fuit:
984 3473 1093 3518 recen-
1112 3470 1143 3521 15

55 3558 147 3617 sente
166 3545 298 3614 consule
315 3545 412 3614 biduo
430 3555 594 3632 acceptam
606 3545 738 3624 cladem,
757 3545 945 3611 amissorum
957 3545 1093 3612 militum

54 3664 209 3710 numerus
226 3641 345 3708 relatus
363 3651 484 3730 septem
502 3641 622 3706 milium
640 3661 679 3706 ac
696 3640 912 3708 ducentorum.
1091 3706 1094 3712 ,

120 3736 215 3804 Dum
226 3735 477 3823 haecinApulia
488 3731 687 3825 gerebantur,
706 3734 805 3801 altero
819 3735 957 3802 exercitu
967 3732 1092 3803 Samni-
1111 3753 1142 3803 re

54 3843 104 3901 tes
122 3831 340 3899 Interamnam
357 3831 511 3897 coloniam
528 3830 716 3908 Romanam,
735 3852 816 3915 quae
833 3830 886 3896 via
898 3827 1016 3895 Latina
1033 3836 1091 3907 est,

55 3948 214 4014 occupare
237 3926 342 3992 eonati
362 3925 473 3992 urbem
494 3949 559 3992 nen
585 3935 765 3992 tenuerunt:
791 3946 884 4012 agros
912 3919 1092 4009 depopulati
1111 3942 1143 3990 1⁷

56 4045 132 4091 eum
149 4020 301 4110 praedam
319 4019 412 4086 aliam
425 4020 497 4086 inde
511 4021 642 4087 mixtam
654 4019 817 4086 hominum
829 4027 922 4102 atque
935 4017 1092 4103 pecudum
