2566 4524
319 246 437 304 crana
453 246 538 320 viu,
556 247 667 306 25-27.
687 247 837 323 [sosas]
1031 242 1095 310 425

84 411 116 474 ait
136 408 260 474 moenia
285 407 442 474 statuisse.
478 428 516 472 eo
542 406 627 472 facto
653 416 758 475 utrum
784 408 824 475 ab
852 411 1144 497 seproditaan12

83 515 190 570 serrata
207 503 310 590 patria
327 503 506 613 videatur,
497 526 531 569 ιιι
543 503 605 569 fide
612 503 758 573 Romana
769 506 907 593 positum
925 529 1005 574 esse
1031 507 1094 577 sibi

81 599 212 684 privatim
229 621 289 664 neo
304 597 423 685 pacisci
440 598 609 683 quicquam
626 621 685 664 nec
685 608 821 710 petere,
843 600 970 688 publice
984 611 1093 689 petere
1112 631 1146 684 12

80 715 160 777 qoam
176 693 296 780 pacisci
313 692 428 780 magis,
447 702 495 771 ut,
516 692 543 757 si
556 694 763 761 successisset
774 695 922 782 inceptis,
941 697 1092 784 cogitaret

79 789 201 875 populns
219 785 457 854 Romanust
400 796 457 872 pot
456 787 520 866 ius,
545 809 617 853 cum
634 798 752 872 quanto
770 790 873 856 studio
890 790 1092 878 periculoque

77 883 235 950 reditum
225 906 259 948 ιιι
285 881 454 948 amicitiam
481 905 571 948 suam
598 893 682 948 esset
706 905 802 968 quam
824 906 887 969 qua
909 885 1038 952 stultitia
1060 897 1092 953 et
1225 953 1228 958 .

77 978 238 1045 temeritate
256 977 296 1042 de
319 975 424 1042 officio
447 977 621 1042 decessum.
667 977 872 1045 conlaudatus
895 978 934 1045 ab
956 980 1145 1066 impera-13

77 1093 129 1142 tore
146 1076 208 1142 tria
225 1074 312 1139 milia
328 1073 463 1138 militum
480 1074 521 1139 ad
538 1075 753 1160 occupandam
771 1098 840 1141 eam
858 1085 977 1162 partem
991 1075 1089 1155 urbis,

77 1191 159 1254 quarn
172 1167 298 1237 Samnit
286 1178 332 1234 tes
345 1166 534 1247 insidebant,
552 1169 688 1254 accepit:
705 1170 863 1255 praesidio
876 1170 906 1236 ei
918 1170 959 1235 L.
970 1168 1090 1253 Quine-

77 1266 127 1330 tius
77 1264 290 1330 ttribunus
308 1263 442 1328 militum
459 1263 618 1349 praeposit
618 1287 666 1329 us.

126 1357 262 1426 XXVI.
288 1357 413 1423 Eodem
426 1369 566 1445 tempore
579 1368 610 1423 et
622 1357 800 1445 Nymphius
813 1367 988 1467 praetorem
998 1355 1127 1424 Sam
1115 1405 1128 1436 r

77 1455 175 1519 sitium
192 1462 259 1519 arte
277 1452 447 1540 adgressus
457 1453 656 1563 perpulerat,
674 1462 722 1532 ut,
741 1452 889 1537 quoniam
906 1452 1006 1519 omnis
1024 1452 1089 1518 Ro·

77 1573 178 1615 nanus
197 1549 353 1614 exercitus
372 1557 426 1614 aut
438 1549 521 1613 ciros
532 1500 727 1634 Palaepolini
741 1549 817 1614 aut
807 1573 841 1613 ιιι
852 1547 981 1616 Samnio
995 1565 1089 1629 esset,

77 1644 181 1711 sineret
208 1666 243 1708 se
270 1642 371 1709 classe
398 1643 588 1708 circumvehi
613 1644 654 1709 ad
674 1643 853 1710 Romanum
876 1668 998 1732 agrum,
1026 1666 1090 1710 non

77 1760 151 1805 >ram
173 1738 269 1804 modo
291 1737 400 1814 maris,
429 1738 486 1803 sed
506 1738 568 1824 ipsi
586 1738 656 1805 urbi
673 1739 848 1825 propinqua
865 1738 933 1804 loca
951 1740 1090 1824 depopu-

77 1843 208 1899 aturum.
253 1833 311 1898 sed
332 1842 367 1897 ut
389 1832 524 1910 falleret,
551 1842 643 1898 nocte
664 1833 924 1920 proficiscendum
947 1855 1017 1898 esse
1035 1854 1088 1898 ex·
1113 1857 1131 1908 2

79 1928 243 2014 emploque
265 1948 363 1991 naves
385 1926 594 1992 deducendas.
631 1928 716 2011 quod
737 1949 800 2012 quo
821 1927 973 1993 maturius
990 1927 1088 2006 lieret,

77 2021 168 2086 »mnis
179 2021 326 2087 iuventus
338 2017 528 2086 Samnitium
541 2031 664 2105 praeter
676 2022 887 2098 necessarium
901 2019 987 2087 urbis
999 2041 1088 2107 prae·

77 2115 179 2181 ‚idium
197 2115 239 2180 ad
256 2115 329 2181 litus
348 2115 455 2180 missa.
492 2114 547 2179 ubi
564 2114 641 2178 dum
657 2113 836 2200 annphius
854 2116 886 2179 in
903 2113 1038 2181 tenebris
1056 2124 1088 2180 et
1112 2131 1131 2182 3

77 2209 262 2277 multitudine
281 2219 380 2274 semet
396 2209 468 2295 ipsa
484 2207 661 2293 inpediente
680 2208 789 2273 sedulo
803 2208 873 2273 aliis
887 2209 948 2272 alia
959 2209 1091 2292 imperia

77 2304 195 2372 orbans
214 2304 285 2369 terit
303 2317 440 2389 tempus,
466 2301 632 2368 Charilaus
650 2323 690 2366 ex
707 2301 869 2386 conposito
887 2299 927 2366 ab
946 2300 1038 2366 sociis
1055 2301 1090 2366 in

77 2399 175 2466 trbem
191 2407 337 2484 receptus
357 2419 430 2463 cum
448 2419 572 2463 summa
588 2393 676 2461 urbis
693 2395 838 2461 Romano
856 2393 953 2461 milite
973 2393 1091 2480 inples-

79 2505 125 2572 et,
148 2493 218 2559 tolli
236 2492 403 2559 clamorem
421 2491 526 2570 iussit,
549 2490 591 2556 ad
607 2511 702 2574 quem
721 2486 835 2556 Graeci
852 2489 943 2575 signo
960 2497 1090 2575 accepto

77 2619 82 2653 t
97 2586 294 2675 principibus
312 2587 467 2672 quievere.
503 2584 616 2652 Nolani
629 2607 686 2671 per
703 2606 847 2651 aversam
863 2591 984 2670 partem
1002 2581 1088 2648 urbis
1112 2602 1129 2650 c

77 2684 113 2749 ia
124 2683 241 2749 Nolam
255 2681 375 2748 ferente
389 2682 552 2769 effugiunt.
590 2678 785 2748 Samnitibus
799 2678 935 2746 exclusis
954 2677 994 2744 ab
1011 2676 1090 2743 urbo

77 2788 96 2844 ιι
122 2778 298 2863 expeditior
323 2778 356 2844 in
382 2777 559 2863 praesentia
584 2776 662 2864 fuga
687 2776 731 2841 ita
756 2774 891 2853 foedior,
921 2782 1090 2859 postquam

77 2871 202 2938 ›ericulo
221 2881 401 2950 evaserunt,
420 2871 502 2949 viso,
525 2872 641 2956 quippe
659 2870 713 2955 qui
731 2869 865 2935 inermes
882 2867 969 2934 nulla
985 2889 1089 2933 rerum
1106 2887 1123 2936 o

79 2989 193 3036 uarum
215 2988 279 3032 uon
300 2967 408 3032 relicta
429 2967 510 3031 inter
529 2964 651 3042 hostes,
678 2962 848 3029 ludibrium
869 2986 932 3028 non
953 2961 1089 3028 externis

77 3062 173 3138 nodo,
196 3070 245 3126 set
264 3061 356 3127 etiam
374 3059 592 3146 popularibus,
621 3057 744 3143 spoliati
767 3067 860 3141 atque
883 3066 1010 3141 egentes
1034 3055 1090 3118 do-

77 3176 134 3221 nos
154 3156 285 3221 rediere.
325 3154 561 3241 haud1gnarus
583 3151 804 3237 opinionist
761 3150 901 3226 alterius,
927 3169 990 3230 qua
1011 3147 1089 3210 haec
1111 3167 1128 3215 6

77 3247 197 3315 »reditio
216 3247 256 3314 ab
272 3244 466 3315 Samnitibus
481 3247 565 3315 facta
582 3244 676 3317 tradit
664 3255 722 3324 tur,
743 3266 814 3308 oum
833 3238 1011 3314 auctoribus
1029 3238 1089 3303 hoo

77 3343 150 3422 ledi,
170 3342 286 3453 quibus
305 3343 431 3430 dignius
450 3342 534 3410 credi
552 3351 613 3419 est,
634 3351 701 3405 tum
718 3338 830 3405 foedus
848 3334 1089 3421 Neapolitanum

77 3459 163 3503 -eo
186 3437 270 3503 enim
292 3437 405 3504 deinde
428 3460 552 3503 summa
568 3458 613 3503 re1
603 3431 824 3501 Graecorum
841 3430 987 3496 venit-
944 3428 1090 3494 -simi·

77 3533 123 3598 ius
141 3554 219 3598 vero
237 3531 338 3598 facit
329 3554 416 3619 1psos
434 3532 467 3597 in
484 3529 652 3596 amicitiam
670 3528 799 3595 redisse.
830 3523 968 3591 Publilio
982 3524 1090 3590 trium-
1112 3543 1127 3591 t

77 3628 145 3697 ltus
169 3627 327 3705 decretus,
355 3627 441 3712 quod
463 3625 539 3693 satis
558 3623 751 3702 credebatur,
775 3621 937 3703 obsidione
955 3619 1089 3686 domitos

77 3731 174 3791 [ostes
190 3722 225 3787 in
241 3721 337 3787 fidem
354 3722 490 3788 venisse
526 3721 589 3786 duo
613 3717 784 3805 singularia
801 3696 923 3782 baec
897 3737 926 3780 er
942 3714 1010 3780 viro
1027 3711 1089 3798 pri·

77 3839 152 3887 uum
169 3817 344 3904 contigere,
365 3815 546 3903 prorogatio
563 3813 686 3914 imperii
703 3834 766 3879 non
784 3821 856 3879 ante
873 3810 908 3877 in
925 3807 988 3873 ullo
1006 3807 1090 3872 facta
1214 3860 1219 3867 .
1239 3822 1245 3831 ·

77 3920 184 3978 dacto
201 3911 319 3976 honore
338 3909 525 3996 triumphus.

127 4003 281 4073 XXVII.
325 4003 425 4071 Aliud
457 4002 589 4072 subinde
620 4002 738 4070 bellum
764 4023 836 4067 oum
862 3995 988 4064 alterius
1015 4009 1122 4060 oraet
