2566 4524
146 238 211 306 316
404 249 521 304 Llnsu
537 248 593 319 vr,
612 248 711 304 11.12.
731 251 807 318 [au.
818 265 841 303 ο.
852 249 917 318 ase]

146 422 259 498 tesque
286 430 391 476 arcem
417 408 586 495 depulerit3
614 407 699 472 illius
726 406 845 494 gloriae
871 427 948 492 pars
973 408 1067 474 virilis
1087 406 1146 497 apul

146 529 257 574 omnes
274 505 389 570 milites
409 504 458 582 sit,
477 503 531 587 qui
550 502 643 568 simul
661 502 801 579 vicerint,
822 523 899 567 suae
915 502 1064 570 victoriae
1076 502 1148 570 neni·

113 624 220 675 snem
238 600 377 666 omnium
394 598 573 663 mortalium
591 597 712 663 socium
729 618 809 663 esse.
849 596 901 662 his
918 597 1149 684 opinionibusiu·

145 698 220 764 flato
237 695 352 772 anime,
371 693 413 759 ad
429 693 491 758 hoc
504 693 580 757 vitio
594 714 720 778 quoque
732 691 851 779 ingenii
864 692 1035 761 vehemens
1048 696 1151 782 etiope

146 801 227 869 tens,
245 797 414 875 postquam
427 787 508 852 inter
519 796 625 872 patres
639 809 703 851 non
716 795 869 871 quantum
883 809 1021 872 aequum
1034 789 1152 856 censebat

112 904 128 958 a
146 885 300 951 excellere
317 905 392 947 suas
411 904 488 968 opes
506 881 739 959 animadvertit,
766 882 887 968 primus
910 884 1053 950 omnium
1068 907 1099 950 ex
1111 907 1153 970 pa·

146 979 246 1045 tribus
264 976 424 1065 popularis
442 976 546 1042 factus
565 998 637 1042 cum
653 976 786 1062 plebeiis
800 978 1039 1064 magistratibus
1053 979 1154 1046 consilia

146 1073 387 1151 communicare,
403 1072 600 1154 criminando
617 1080 732 1157 patres,
751 1071 925 1138 adliciendo
945 1072 987 1139 ad
1000 1095 1036 1139 se
1047 1073 1154 1161 plebem,

145 1170 209 1234 iam
223 1192 309 1247 aura,
326 1189 391 1232 non
404 1166 534 1232 consilio
547 1166 621 1231 feni
634 1166 803 1250 famaeque
821 1189 956 1254 magnae
974 1169 1068 1234 malle
1083 1188 1156 1254 quau

111 1284 129 1334 8
146 1264 248 1332 bonae
266 1286 346 1329 esse.
382 1271 413 1327 et
430 1284 494 1327 non
512 1271 676 1327 contentus
695 1262 826 1348 agrariis
844 1262 983 1350 legibus,
1012 1285 1091 1348 quae
1108 1285 1156 1328 ma
1189 1259 1197 1291 ²

146 1359 224 1425 teria
242 1380 366 1444 semper
383 1357 516 1423 tribunis
533 1356 620 1443 plebi
639 1357 827 1422 seditionum
849 1358 977 1437 fuisset,
1002 1359 1094 1424 fidem
1108 1379 1158 1423 mo

146 1453 196 1519 liri
214 1453 330 1539 coepit:
354 1452 488 1517 acriores
506 1451 624 1537 quippe
643 1450 723 1515 aeris
742 1451 836 1517 alieni
854 1452 1001 1519 stimulos
1019 1475 1100 1533 esse,
1119 1448 1157 1537 qu'

145 1571 210 1612 non
219 1555 391 1634 egestatem
401 1547 495 1611 modo
505 1556 598 1630 atque
611 1545 817 1633 ignominiam
831 1547 999 1628 minentur,
1020 1549 1158 1615 sedneru

112 1661 184 1713 eac
205 1642 339 1707 vinculis
361 1662 475 1727 corpus
497 1640 631 1705 liberum
653 1641 802 1706 territent
843 1651 875 1706 et
896 1651 965 1708 erat
982 1643 1065 1709 aeris
1086 1636 1159 1708 alieni
1192 1643 1197 1651 '

146 1761 263 1824 magna
279 1737 329 1803 vis
346 1759 381 1802 re
403 1735 646 1801 damnosissima
668 1736 762 1801 etiam
785 1735 949 1816 divitibus,
977 1735 1158 1814 aedificando,

147 1841 314 1899 commacla.
350 1831 469 1897 bellum
486 1831 592 1915 itaque
609 1829 777 1910 Volscum,
801 1854 899 1917 grave
919 1854 978 1919 per
1001 1855 1051 1912 se,
1073 1852 1160 1898 onere·

147 1937 213 1993 tum
231 1926 419 1992 Latinorum
436 1936 530 2009 atque
547 1925 768 1991 Hernicorum·
778 1926 969 2007 delectione,
992 1927 1028 1992 in
1046 1926 1159 2015 speciem

96 2043 129 2092 10
147 2043 261 2086 causae
278 2021 442 2098 iactatum,
462 2029 497 2083 ut
514 2020 614 2085 maior
630 2030 770 2106 potestas
789 2031 1006 2105 quaereretur:
1026 2023 1083 2088 sed
1096 2029 1159 2087 novt
1193 2042 1197 2082 r

147 2115 277 2181 consilia
298 2113 412 2191 Manlii
433 2116 535 2202 magis
563 2116 731 2202 conpulere
758 2125 901 2182 senatum
928 2118 970 2182 ad
997 2117 1159 2183 dictatorem

147 2211 325 2276 creandum.
363 2219 485 2275 creatus
503 2210 545 2275 A.
562 2207 727 2276 Cornelius
748 2209 870 2277 Cossus
888 2212 1077 2300 magistrum
1093 2207 1159 2296 equi·
1193 2211 1194 2222 ’

146 2315 214 2371 tum
232 2306 310 2370 dixit
328 2305 367 2370 T.
387 2304 572 2387 Quinctium
590 2303 814 2391 Capitolinum.

113 2421 127 2469 1
210 2400 292 2466 XII.
323 2399 471 2465 Dictator
488 2400 547 2466 etsi
564 2400 715 2464 maiorem
733 2399 966 2466 dimicationem
987 2400 1158 2488 propositam

146 2496 232 2561 domi
250 2518 345 2580 quam
361 2495 438 2560 foris
457 2493 617 2572 cernebat,
645 2503 764 2573 tamen,
793 2517 849 2559 seu
867 2494 941 2579 quia
964 2488 1158 2561 celeritatead

145 2590 263 2657 bellum
281 2613 361 2676 opus
380 2599 445 2653 erat
463 2612 519 2654 seu
536 2589 666 2654 victoria
683 2589 904 2674 triumphoque
921 2589 1095 2656 dictaturae
1113 2583 1157 2673 ipsi

145 2685 228 2750 vires
248 2705 282 2749 se
300 2683 479 2748 additurum
496 2692 593 2762 ratus,
612 2683 729 2748 dilectu
745 2682 852 2749 habito
867 2682 900 2747 in
914 2707 1028 2770 agrum
1041 2678 1158 2768 Pompti·
1189 2671 1197 2683 ''

145 2803 235 2857 num,
259 2801 322 2862 quo
340 2802 359 2842 a
376 2777 503 2844 Volscis
523 2779 694 2844 exercitum
711 2779 864 2844 indictum
889 2779 1047 2859 audierat,
1069 2774 1157 2866 pergit

111 2893 127 2942 2
145 2896 209 2938 non
226 2872 345 2951 dubito,
364 2882 487 2959 praeter
505 2875 680 2940 satietatem
698 2883 744 2939 tot
760 2875 824 2939 iam
841 2872 930 2940 libris
952 2873 1087 2941 adsidua
1097 2868 1158 2938 belle
1193 2893 1197 2901 ·

146 2990 218 3033 cum
235 2965 362 3033 Volscis
384 2977 476 3055 gesta
496 2967 673 3055 legentibus
695 2969 774 3032 illud
796 2989 921 3051 quoque
945 2985 1156 3037 succursurum

145 3063 231 3147 quod
249 3062 326 3127 mihi
343 3064 539 3148 percensenti
557 3063 718 3149 propiores
737 3062 929 3147 temporibus
943 3062 1059 3128 harum
1074 3078 1156 3127 rerum
1192 3054 1197 3068 “

146 3167 290 3226 auctores
308 3158 458 3223 miraculo
476 3158 551 3236 fuit,
574 3157 659 3222 unde
676 3158 790 3222 totiens
808 3157 899 3222 victis
917 3154 1049 3223 Volscis
1066 3166 1096 3222 et
1109 3152 1157 3220 Ae·

112 3254 217 3337 aquis
241 3253 421 3319 suffecerint
442 3253 567 3318 milites.
608 3253 693 3335 quod
720 3274 792 3317 cum
818 3251 857 3316 ab
885 3251 1025 3336 antiquis
1053 3251 1157 3318 tacitum

145 3347 463 3433 praetermissumque
482 3347 536 3424 sit,
564 3347 653 3411 cuius
676 3348 803 3411 tandem
825 3367 885 3432 ego
903 3345 950 3409 rei
972 3355 1096 3431 praeter
1109 3338 1158 3428 opi·

145 3442 285 3520 nionem,
312 3463 393 3526 quae
413 3465 470 3508 sua
487 3442 601 3525 cuique
623 3441 809 3507 coniectanti
832 3462 902 3506 esse
924 3451 1045 3526 potest,
1071 3446 1158 3507 auctor

111 3556 128 3603 4
147 3535 225 3601 sim?
256 3535 357 3600 simile
374 3537 440 3601 veri
458 3546 520 3615 est,
543 3546 597 3601 aut
615 3537 786 3600 intervallis
803 3536 973 3614 bellorum,
997 3537 1080 3602 sicut
1095 3547 1159 3600 nunt

144 3631 177 3695 in
196 3630 361 3696 dilectibus
380 3632 415 3696 fit
431 3631 600 3711 Romanis,
623 3632 683 3696 alia
702 3642 795 3715 atque
814 3632 875 3696 alia
892 3630 1005 3697 subole
1022 3633 1160 3698 iuniorum

145 3725 186 3789 ad
203 3724 287 3791 bella
303 3726 507 3792 instauranda
525 3727 638 3792 totiens
657 3749 732 3792 usos
751 3748 836 3804 esse,
860 3735 997 3791 autnon
1016 3750 1062 3792 ex
1078 3725 1161 3792 isdem

145 3841 270 3905 semper
285 3819 411 3906 populis
430 3821 585 3886 exercitus
600 3820 743 3906 scriptos,
763 3842 956 3904 quamquam
971 3821 1084 3888 eadem
1097 3837 1164 3884 sem·

110 3933 201 4000 oper
221 3937 300 4002 gens
322 3915 441 3980 bellum
462 3915 613 3995 intulerit,
641 3924 696 3980 aut
716 3914 980 3980 innumerabilem
1005 3908 1164 3980 multitudi·

143 4031 216 4076 nem
235 4011 403 4078 liberorum
421 4010 559 4097 capitum
576 4010 610 4075 in
628 4011 673 4076 eis
692 4010 791 4076 fuisse
809 4010 896 4089 locis,
917 4032 999 4094 quae
1011 4031 1106 4089 nunc,
1122 4003 1165 4072 vix
