2566 4524
143 252 209 318 402
428 261 545 317 LIBER
562 259 648 331 VIII,
666 260 692 315 6.
712 258 897 332 [auem]

111 445 130 494 4
148 425 329 510 Torquatus
352 421 469 488 missus
492 419 532 486 ab
556 429 668 485 senatu
685 419 727 485 ad
742 418 949 489 dimittendos
965 419 1084 511 legatos
1098 443 1155 489 cun

145 520 300 586 iacentem
317 516 461 584 Annium
477 515 623 593 vidisset,
646 513 815 594 exclamat,
832 514 879 582 ita
894 525 932 582 ut
947 517 1066 605 populo
1080 517 1155 606 patri-

145 614 271 700 busque
289 612 396 679 audita
412 633 476 677 vox
492 610 609 698 pariter
626 609 681 676 sit:
704 607 799 677 ‘bene
815 608 927 692 habet3
945 612 990 678 dii
1006 613 1092 700 pium
1105 635 1156 679 mo

111 729 220 780 overe
245 706 373 775 bellum.
418 715 467 771 est
492 704 627 772 caeleste
652 725 784 784 numen,
814 725 850 771 es
875 727 993 795 magne
1019 707 1155 797 Iuppiter

147 805 224 870 haut
236 802 355 868 frustra
366 811 398 868 te
410 808 533 887 patrem
546 800 641 866 deum
658 798 885 886 hominumque
901 800 964 868 hac
981 802 1060 869 sede
1075 824 1157 870 saera

113 917 129 967 6
148 898 262 965 vimus.
306 896 383 980 quid
404 895 550 973 cessatis,
573 893 713 978 Quirites
730 916 853 981 vosque
869 904 977 983 patres
1001 896 1156 983 commpti,
1191 926 1193 937 ·

148 1016 237 1060 arma
254 1013 366 1079 capere
384 990 451 1057 deis
465 988 619 1057 ducibus?
640 989 687 1056 sic
704 998 818 1057 stratas
830 989 975 1079 legiones
990 993 1156 1060 Latinorum

115 1105 131 1155 v
150 1087 247 1167 dabo,
283 1085 549 1171 quemadmodum
578 1083 720 1173 legatum
748 1083 904 1152 iacentem
939 1085 1077 1155 videtis?
1115 1087 1158 1152 ad·
1190 1112 1193 1125 ·

149 1205 246 1250 sensu
266 1181 376 1270 populi
397 1189 529 1267 excepta
552 1202 613 1246 vox
629 1178 769 1247 consulis
785 1188 908 1247 tantum
926 1182 1051 1250 ardoris
1066 1180 1158 1249 anisnis

147 1277 238 1357 fecit,
260 1285 297 1342 ut
312 1276 435 1364 legatos
452 1273 687 1362 proficiscentes
705 1296 781 1342 cura
801 1276 1048 1364 magistratuum
1066 1275 1160 1364 magis,

147 1372 204 1458 qui
223 1372 316 1438 iussu
337 1369 475 1437 consulis
496 1369 775 1456 prosequebantur,
798 1369 962 1457 quamius
979 1367 1161 1460 gentiumab

148 1469 196 1534 ira
212 1467 395 1554 impetuque
412 1466 575 1532 hominurn
591 1475 721 1553 tegeret.

113 1583 131 1635 8
214 1561 384 1630 Consensit
397 1572 429 1629 et
443 1570 569 1628 senatus
578 1559 706 1639 bellurn,
720 1559 930 1646 consulesque
943 1562 1070 1631 duobus
1082 1560 1160 1646 scrip

149 1658 190 1723 tis
208 1655 395 1723 exercitibus
413 1678 470 1743 per
486 1654 614 1721 Marsos
627 1655 861 1744 Paelignosque
876 1655 1015 1742 profecti
1033 1657 1160 1724 adiuncto

151 1749 342 1820 Samnitium
359 1750 497 1817 exercitu
515 1751 557 1816 ad
571 1748 730 1837 Capuam,
748 1772 812 1836 quo
828 1748 893 1816 iam
910 1751 1025 1818 Latini
1042 1749 1159 1834 soeinus

116 1865 131 1914 a
150 1852 373 1923 convenerant,
398 1854 501 1912 castra
517 1843 631 1910 locant.
674 1843 721 1911 ibi
740 1843 896 1932 inquiete
913 1845 1043 1932 utrique
1059 1840 1158 1912 consuli

148 1940 259 2006 eadem
277 1938 390 2004 dicitur
408 1938 479 2005 visa
497 1939 617 2026 species
635 1939 695 2005 viri
711 1939 838 2006 maioris
855 1961 952 2025 quam
969 1962 1031 2028 pro
1043 1940 1159 2006 humano

99 2054 132 2103 10
149 2032 260 2098 habitu
277 2033 544 2120 augustiorisque,
563 2033 695 2100 dicentis
700 2080 710 2113 ,
728 2055 769 2099 ex
785 2055 850 2100 una
866 2034 935 2101 acie
946 2035 1157 2124 imperatorem,
1191 2063 1193 2071 ·

150 2143 190 2193 ex
203 2126 301 2193 altera
318 2126 489 2193 exercitum
507 2126 574 2193 deis
588 2125 740 2194 Manibus
757 2129 912 2214 matrique
925 2128 1047 2197 Terrae
1062 2124 1156 2196 deberi
1192 2196 1193 2204 ,

149 2220 250 2288 utrius
272 2221 426 2287 exercitus
443 2222 617 2309 imperator
632 2221 774 2310 legiones
791 2222 930 2290 hostium
948 2246 1104 2313 superque
1116 2240 1156 2288 aar
1190 2262 1193 2273 =

98 2338 129 2385 11
151 2339 185 2383 se
203 2316 397 2395 devovisset,
420 2316 487 2382 eius
505 2316 614 2404 populi
631 2317 792 2404 partisque
808 2317 975 2386 victoriam
998 2320 1076 2387 fore.
1111 2316 1155 2382 tu

148 2410 205 2477 ubi
221 2420 390 2478 nocturnos
408 2411 496 2478 visus
514 2411 596 2478 inter
612 2435 647 2478 se
665 2412 810 2479 consules
829 2413 1044 2495 contuleumt,
1061 2408 1154 2502 placuit

149 2508 402 2574 averruncandae
434 2507 528 2574 deum
554 2507 619 2574 irae
645 2509 788 2575 victimas
815 2509 920 2590 caedi,
952 2511 1049 2577 simul
1071 2518 1115 2587 ut,
1136 2502 1154 2570 si
1189 2564 1193 2573 .

149 2604 229 2668 extis
252 2602 376 2681 eadem,
403 2625 485 2688 quae
508 2603 630 2670 somnio
652 2603 722 2670 visa
743 2605 881 2684 fuerant,
908 2605 1154 2692 portenderentur,
1185 2662 1189 2676 ,

99 2717 131 2766 12
150 2697 298 2764 alteruter
328 2698 494 2764 consulum
524 2698 591 2765 fata
623 2698 766 2786 inpleret.
809 2698 866 2767 ubi
897 2721 1054 2787 responsa
1084 2698 1155 2764 lnru
1185 2714 1187 2719 ’

151 2792 274 2879 spicum
294 2791 443 2857 insidenti
459 2792 524 2858 iam
541 2793 647 2858 animo
663 2793 776 2860 tacitae
793 2793 940 2882 religioni
957 2795 1152 2883 congruerunt
1182 2856 1188 2881 ,

150 2895 217 2950 turn
243 2884 391 2952 adhibitis
417 2884 529 2974 legatis
555 2887 753 2974 tribunisque
775 2898 807 2954 et
827 2888 969 2976 imperiis
992 2891 1085 2956 deum
1101 2903 1152 2973 prr
1189 2904 1193 2933 ³

149 2980 255 3068 palam
279 2981 443 3069 expositis,
470 3005 511 3049 ne
532 3006 617 3050 mors
639 2983 815 3051 voluntaria
840 2985 982 3051 consulis
1010 2981 1150 3052 exercitur

99 3097 132 3146 13
149 3076 184 3143 in
205 3077 272 3143 acie
295 3086 437 3158 terreret,
460 3088 632 3165 conparant
652 3079 735 3144 inter
751 3101 800 3158 se,
822 3089 859 3145 ut
875 3079 917 3147 ab
933 3088 1008 3146 utra
1024 3087 1104 3169 parte
1117 3092 1150 3140 ee
1179 3080 1193 3133 '.

149 3172 223 3239 dere
240 3174 403 3240 Romanus
426 3173 581 3240 exereitus
604 3173 774 3261 coepisset,
801 3173 876 3241 inde
898 3196 934 3240 se
956 3175 1067 3242 consul
1082 3172 1149 3238 dero
1178 3188 1193 3237 t

98 3286 131 3334 14
149 3278 236 3334 veret
252 3291 311 3355 pro
327 3267 445 3356 populo
462 3267 608 3335 Romano
627 3266 876 3353 Quiritibusque.
912 3269 1067 3358 agitatum
1082 3265 1147 3333 etim

147 3361 182 3426 in
204 3363 335 3428 consilio
357 3373 419 3442 est,
445 3371 482 3428 ut
504 3362 532 3428 si
553 3363 679 3448 quando
701 3385 852 3449 umquam
874 3384 988 3431 severo
1005 3356 1146 3430 ullumin

147 3455 236 3540 perio
253 3454 372 3521 bellum
389 3457 641 3524 administratum
659 3468 758 3537 esset,
780 3467 855 3524 tunc
871 3457 920 3523 uti
937 3459 1097 3547 disciplina
1108 3446 1142 3516 ml
1184 3522 1193 3533 ,

98 3568 131 3618 15
148 3548 246 3614 lituris
265 3551 306 3615 ad
322 3551 443 3638 priscos
461 3551 654 3640 redigeretur
666 3575 780 3619 mores.
807 3573 917 3619 curam
931 3554 1073 3631 acuebat
1088 3534 1146 3634 quoi

148 3643 300 3710 adversus
314 3645 449 3713 Latinos
462 3645 645 3714 bellandum
662 3656 742 3726 erat,
759 3646 883 3735 lingua,
902 3647 1145 3727 northusum
1191 3683 1193 3687 ·

147 3762 219 3806 rum
236 3764 366 3828 genere,
383 3741 534 3808 institutis
549 3751 621 3808 ante
634 3743 741 3809 omnia
753 3741 942 3808 militaribus
955 3744 1145 3832 congruerit!g

148 3835 263 3902 milites
282 3835 449 3915 militibus,
468 3837 701 3905 centurionibus
716 3836 929 3917 centuriones,
948 3836 1063 3904 tribuni
1077 3828 1146 3899 tub*
1181 3872 1193 3914 2

147 3929 197 3994 nis
224 3953 375 4017 conpares
402 3931 604 4019 collegaeque
629 3932 732 4000 isdem
753 3931 935 4020 praesidiis,
962 3952 1056 4019 saepe
1072 3923 1144 3994 istit!
1185 3948 1193 4013 q

97 4039 131 4093 lo
147 4025 317 4112 manipulis
329 4026 476 4114 permixti
489 4027 624 4095 fuerant.
649 4050 707 4116 per
719 4029 798 4094 haec
810 4049 852 4094 ne
864 4049 929 4113 quo
942 4049 1046 4094 errore
1060 4017 1144 4090 milit·
