2566 4524
265 274 385 332 umus
402 277 475 349 uu,
495 278 537 333 11.
551 279 594 334 ra
614 279 850 352 [aden-440]
1012 271 1077 339 205

65 447 170 502 enatus
180 433 359 499 consultum
372 433 524 514 fecerunt,
542 445 587 515 ut,
606 438 755 522 quoniam
768 437 879 505 ciuitas
888 437 1077 508 Ardeatium

65 531 191 596 ntestiuo
208 529 345 594 tumultu
361 529 489 596 redacta
506 531 548 596 ad
564 554 683 617 paucos
703 543 796 612 esset,
816 534 970 601 colonico
987 559 1077 624 prae·

65 627 115 692 idii
130 649 228 692 causa
246 627 398 692 adversus
416 624 551 693 Volscos
571 627 789 694 scriberentur.
826 629 889 695 hoc
904 630 1010 717 palam
1027 654 1076 697 re·
1093 654 1111 702 4

65 737 141 788 atum
160 722 195 786 iu
217 719 356 797 tabulas,
385 731 420 784 ut
440 720 566 807 plebem
589 721 794 807 tribunosque
820 724 944 789 falleret
968 725 1077 791 iudicii

65 815 240 882 esciudeudi
251 815 417 880 consilium
425 815 546 880 initum.
570 829 796 883 consenserant
804 828 919 897 autem,
933 829 968 883 ut
977 819 1076 885 multo

65 913 158 976 naiore
189 922 279 996 parte
305 909 494 975 Rutulorum
525 911 708 976 colonorum
739 934 834 996 quam
860 913 1076 979 Romanorum

66 1007 158 1092 cn’pta
174 1027 234 1070 nec
252 1027 329 1091 ager
345 1005 430 1070 ullus
447 1006 641 1072 divideretur
659 1006 721 1072 nisi
743 1007 785 1085 is,
809 1006 864 1092 qui
884 1007 1075 1095 interceptus

65 1101 157 1165 udicio
174 1100 285 1164 infami
304 1111 384 1177 erat,
411 1123 470 1165 nec
487 1101 543 1165 ulli
561 1102 648 1187 prius
666 1101 811 1167 Romano
833 1101 878 1167 ibi
895 1125 991 1187 quam
1009 1127 1077 1168 om-

65 1195 135 1260 nbus
154 1195 280 1260 Rutulis
303 1195 424 1261 divisus
447 1206 531 1261 esset
552 1197 647 1284 gleba
668 1197 733 1262 ulla
755 1197 824 1284 agri
845 1197 1074 1285 adsignaretur.

65 1292 93 1355 ic
105 1314 178 1376 ager
189 1291 231 1354 ad
244 1290 401 1355 Ardeates
416 1292 517 1356 rediit.
545 1292 698 1357 triumviri
712 1292 752 1357 ad
766 1291 920 1357 coloniam
933 1291 1076 1358 Ardeam
1094 1312 1110 1362 5

65 1385 257 1450 {educendam
271 1385 367 1450 creati
380 1384 526 1472 Agrippa
539 1385 718 1465 Menenius,
738 1387 777 1452 Τ.
789 1387 924 1453 Cluilius
936 1386 1075 1468 Siculus,
1122 1440 1124 1444 .

65 1480 92 1545 d.
110 1481 267 1546 Aebutius
290 1481 409 1558 Helva,
438 1483 492 1565 qui
514 1494 637 1568 praeter
659 1483 787 1548 minime
808 1483 961 1570 populare
983 1483 1075 1548 mini·
1095 1504 1110 1554 6

65 1577 172 1640 terium
190 1599 266 1662 agro
285 1576 482 1661 adsignando
506 1577 615 1654 sociis,
643 1601 736 1662 quem
754 1579 891 1663 populus
910 1579 1075 1644 Romanus

65 1693 136 1735 uum
153 1671 336 1748 iudicasset,
357 1693 429 1735 cum
446 1671 571 1756 plebem
590 1672 809 1750 offendissent,
828 1696 869 1738 ne
886 1673 1075 1760 primoribus

65 1766 168 1849 {uidem
186 1779 312 1852 patrum
326 1764 402 1829 satis
417 1766 546 1852 accepti,
566 1767 651 1849 quod
664 1767 741 1830 nihil
755 1768 874 1854 gratiae
889 1768 1075 1852 cuiusquam

65 1858 201 1937 lederant,
221 1861 417 1937 vexationes,
437 1861 478 1924 ad
494 1862 648 1946 populum
665 1863 728 1927 iam
747 1863 797 1927 die
816 1863 899 1928 dicta
917 1862 957 1928 ab
977 1861 1110 1928 tribu-⁷

65 1954 110 2031 tis,
135 1955 237 2020 coloni
254 1956 403 2041 adscripti
421 1957 612 2021 remanendo
629 1956 664 2021 iu
682 1957 817 2036 colonia,
845 1979 941 2042 quam
963 1965 1076 2024 testem

65 2050 229 2134 ntegritatis
248 2050 448 2134 iustitiaeque
466 2050 636 2129 habebant,
655 2053 803 2117 vitavere.

114 2143 188 2209 XII.
220 2145 289 2209 Pax
299 2146 384 2209 domi
394 2145 534 2230 forisque
548 2146 609 2211 fnit
622 2157 653 2210 et
665 2147 725 2211 hoc
741 2157 772 2211 et
784 2147 968 2231 insequente
983 2168 1075 2224 auno,
1096 2165 1110 2211 1

65 2233 92 2302 l).
104 2236 192 2303 Fruio
206 2239 316 2304 Pacilo
330 2252 361 2304 et
374 2239 421 2303 M.
436 2239 563 2325 Papirio
579 2239 698 2305 Crasso
716 2240 907 2305 consulibus.
940 2240 1015 2315 ludi,
1035 2238 1075 2304 ab
1094 2259 1110 2306 2

65 2328 228 2398 lecemviris
249 2357 307 2420 per
329 2334 540 2399 secessionem
562 2334 663 2418 plebis
682 2359 702 2399 a
722 2335 865 2420 patribus
888 2357 929 2398 cx
946 2346 1074 2399 senatus

65 2429 185 2492 tousulto
202 2430 276 2505 voti,
296 2452 334 2494 eo
352 2452 433 2494 anno
447 2428 523 2494 facti
537 2441 619 2493 sunt.
652 2452 748 2494 causa
763 2430 950 2494 seditionum
964 2428 1076 2511 nequiss
1094 2451 1109 2498 8

65 2540 138 2603 luam
148 2547 166 2588 a
176 2523 309 2589 Poetilio
319 2524 472 2607 quaesita,
492 2525 546 2608 qui
560 2524 703 2590 tribunus
718 2524 818 2610 plebis
832 2524 945 2588 iterum
960 2523 1076 2608 eaipsa
1093 2545 1110 2591 4

65 2612 254 2683 lenuntiando
272 2619 376 2684 factus
395 2642 497 2702 neque
514 2631 551 2684 ut
568 2620 607 2685 de
626 2619 710 2706 agris
729 2618 906 2683 dividendis
924 2616 1011 2703 plebi
1027 2640 1077 2682 re-

65 2706 160 2777 buent
178 2714 322 2778 consules
342 2715 382 2777 ad
397 2726 540 2778 senatum
553 2715 735 2800 pervincere
748 2714 859 2799 potuit,
879 2723 996 2778 etcum
1010 2735 1077 2776 ma-

65 2828 109 2891 gno
126 2810 292 2874 certamine
311 2808 507 2886 obtinuisset,
527 2820 562 2873 ut
580 2809 816 2874 consulerentur
828 2820 943 2896 patres,
963 2831 1077 2873 consu-

65 2922 110 2966 utn
127 2927 168 2967 au
185 2903 381 2968 tribunorum
394 2904 529 2989 placeret
543 2905 668 2969 comitia
681 2904 799 2981 haberi,
819 2904 963 2969 consules
978 2904 1076 2968 creari

65 2998 124 3061 ussi
142 3011 222 3074 suut,
240 2999 438 3082 ludibrioque
457 3011 544 3064 erant
562 3001 665 3064 minae
684 2999 800 3064 tribuni
814 2999 1025 3063 denuntiantis
1041 3021 1075 3063 sc
1094 3019 1109 3065 5

65 3089 194 3155 lilcctum
213 3094 440 3180 inpediturum,
468 3117 539 3159 cum
562 3095 675 3178 quietis
698 3093 838 3157 finitimis
863 3115 966 3175 neque
992 3090 1075 3156 bello

65 3208 149 3270 teque
169 3185 236 3252 belli
255 3202 409 3274 apparatu
427 3213 506 3274 opus
526 3199 618 3254 esset.

110 3279 259 3365 Sequitur
285 3285 366 3348 hanc
393 3285 647 3367 tranquillitatem
673 3306 777 3347 rerum
809 3302 910 3346 annus
937 3278 1108 3347 Proculot

65 3371 190 3463 leganio
207 3378 380 3455 Macerino,
399 3380 440 3443 L.
459 3378 609 3444 Menenio
627 3379 752 3442 Lanato
771 3375 953 3441 oonsulibus
971 3373 1077 3438 multi-

65 3470 115 3536 tici
133 3473 224 3538 clade
242 3497 279 3538 ac
296 3474 436 3560 periculo
453 3474 602 3560 insignis,
622 3472 840 3550 seditionibus,
860 3472 958 3549 fame,
977 3491 1076 3556 reguo

65 3589 139 3652 rope
171 3591 228 3653 per
257 3568 432 3656 largitionis
468 3570 664 3633 dulcedinem
694 3569 728 3633 in
763 3568 900 3632 cervices
936 3575 1075 3651 accepto.

65 3685 140 3726 uum
158 3663 240 3727 asuit
260 3662 378 3728 bellum
401 3675 578 3742 externum,
606 3687 669 3748 quo
693 3664 720 3728 si
742 3664 931 3748 adgravatae
953 3684 1003 3726 res
1027 3681 1109 3726 es-t

65 3771 121 3834 ent,
139 3759 195 3822 vix
214 3782 273 3844 ope
291 3760 421 3824 deorum
439 3761 579 3824 omnium
596 3759 699 3823 resisti
718 3758 881 3843 potuisset.
913 3778 1077 3841 coeperea

65 3854 243 3929 antemna,
272 3878 329 3919 seu
347 3857 498 3920 adversus
522 3878 622 3920 annus
645 3853 790 3939 frugibus
813 3853 873 3917 fuit
896 3875 952 3917 seu
971 3851 1077 3915 dulce-

65 3946 115 4012 inc
124 3950 306 4015 contionum
321 3963 351 4015 et
365 3951 451 4016 urbis
461 3953 585 4016 deserto
600 3972 746 4036 agrorum
760 3949 854 4025 cultu,
874 3971 947 4011 nam
957 3957 1077 4009 utrum-

64 4064 103 4107 ue
121 4044 264 4110 traditur.
301 4057 332 4111 et
352 4059 457 4132 patres
475 4046 601 4132 plebem
624 4044 764 4108 desidem
782 4053 813 4107 et
835 4040 952 4106 tribuni
973 4037 1075 4125 plebis
