2566 4524
333 259 453 316 amun
469 259 539 334 v11,
555 261 599 320 ao.
611 261 655 318 er.
673 264 712 333 [a.
722 258 824 333 cess]
1030 253 1095 324 389

71 419 148 488 hosti
174 421 285 486 cessit:
322 428 400 507 quot
429 419 511 486 intra
536 418 654 487 vallum
682 430 789 509 egerat
812 443 913 510 pavor
937 461 981 475 -
1005 422 1094 494 fuere
1149 470 1152 474 -

71 526 169 583 tutem
188 515 230 581 ad
247 513 375 602 triginta
390 514 478 582 milia
494 551 537 564 -
555 537 665 582 omnes
682 515 781 596 caesi,
800 527 903 585 casua
920 517 1050 607 direpta.

125 608 318 677 XXXVII.
352 609 404 677 Ita
419 609 515 677 rebus
532 610 632 698 gestis
650 610 761 679 consul
777 613 931 681 advocata
948 615 1093 682 contione
1111 639 1125 687 1

70 707 97 773 P.
116 704 216 772 Decii
241 726 307 772 non
332 714 459 792 coeptas
487 706 588 772 solum
615 716 701 787 ante,
731 707 788 774 sed
809 708 984 776 cumulatas
1009 733 1094 777 nova

70 802 176 867 dante
198 799 310 867 laudes
329 799 454 888 peragit
470 808 502 864 et
517 809 642 885 praeter
658 800 803 869 militaria
820 803 882 870 alia
898 805 983 871 dona
999 827 1095 872 aurea

69 919 177 962 torona
196 917 270 961 eum
287 904 320 962 et
336 902 464 961 centum
479 891 585 961 bubus
607 894 785 980 eximioque
806 918 871 964 unc
892 897 965 965 albo
986 898 1093 985 opimo
1148 978 1151 985 ¹

69 991 179 1057 auratis
207 987 354 1056 cornibus
381 989 485 1056 donat.
530 987 659 1068 milites,
687 989 742 1073 qui
763 989 797 1055 in
818 991 975 1077 praesidio
999 993 1125 1062 simula

69 1087 203 1164 irerant,
239 1082 357 1170 duplici
382 1083 541 1149 frumento
566 1083 601 1148 in
625 1093 826 1171 perpetuum,
856 1085 1093 1173 inpraesentia

69 1179 226 1268 singulis)
243 1178 348 1245 bubus
364 1179 463 1266 privis
481 1178 625 1264 binisque
644 1178 757 1245 tunicis
775 1180 890 1246 donati.
918 1183 1092 1249 secundum

68 1275 202 1342 :onsulis
229 1273 428 1341 donationem
454 1273 594 1361 legiones
621 1274 816 1360 gramineam
837 1296 985 1342 coronam
1007 1275 1092 1343 obsi-

68 1370 177 1437 lialem
214 1367 349 1434 clamore
388 1367 506 1433 donum
545 1367 754 1454 adprobantes
789 1368 892 1436 Decio
926 1369 1089 1456 inponunt,

68 1467 157 1532 ltera
175 1486 305 1542 corona,
324 1463 465 1529 eiusdem
483 1462 610 1529 honoris
627 1462 737 1544 index,
757 1487 776 1530 a
792 1465 948 1552 praesidio
967 1488 1025 1532 suo
1042 1465 1090 1532 in·

67 1561 164 1629 »osita
183 1567 241 1625 est.
271 1558 322 1624 his
337 1558 502 1625 decoratus
515 1558 692 1646 insignibus
703 1558 818 1626 bovem
833 1559 1090 1628 eximiumMarti
1106 1583 1122 1632 e

67 1653 252 1732 mmolavit,
270 1661 398 1720 centum
411 1652 508 1720 boves
522 1652 673 1719 militibus
691 1655 774 1721 dono
792 1655 892 1735 dedit,
911 1656 965 1740 qui
984 1677 1091 1722 secum

66 1775 84 1816 n
113 1748 318 1837 expeditione
344 1748 478 1815 fuerant.
522 1749 635 1816 iisdem
657 1749 809 1817 militibus
830 1751 971 1838 legiones
993 1752 1090 1818 libras

66 1846 150 1913 arris
170 1852 205 1910 et
221 1843 374 1910 sextarios
396 1843 461 1908 vini
484 1846 695 1924 contulerunt3
722 1845 889 1932 omniaque
911 1868 949 1912 ea
969 1847 1090 1934 ingenti

66 1941 220 2022 laenitate
236 1961 294 2026 per
316 1940 484 2005 clamorem
505 1941 687 2021 militarem,
713 1941 850 2008 indicem
873 1942 1013 2009 omnium
1035 1943 1091 2008 ad-

69 2056 189 2112 ensus,
208 2032 407 2122 gerebantur.

120 2130 233 2197 Tertia
255 2153 364 2218 pugna
380 2131 421 2196 ad
440 2128 626 2197 Suessulam
645 2134 814 2200 commissa
831 2144 893 2214 est,
917 2157 980 2220 qua
997 2134 1124 2222 fuga-4

65 2248 105 2294 us
131 2249 152 2290 a
173 2223 223 2289 M.
243 2220 371 2290 Valerio
394 2221 584 2290 Samnitium
606 2227 776 2305 exercitus,
803 2229 889 2293 omni
909 2228 1021 2294 robore
1042 2230 1091 2295 iu-

65 2319 199 2389 'entutis
216 2319 310 2386 domo
329 2319 442 2398 accito,
466 2319 634 2384 certamine
651 2319 761 2386 ultimo
778 2319 937 2385 fortunam
956 2322 1090 2408 experiri

64 2414 177 2483 tatuit.
219 2413 260 2480 ab
279 2410 433 2480 Suessula
449 2414 550 2479 nuntii
567 2413 681 2500 trepidi
699 2412 857 2501 Capuam,
875 2415 949 2481 inde
967 2415 1087 2501 equites
1107 2435 1122 2483 5

64 2510 146 2579 titati
162 2506 207 2575 ad
224 2505 387 2574 Valerium
405 2509 567 2575 consulem
585 2530 678 2595 opem
696 2518 818 2575 oratum
836 2510 990 2575 veniunt
1015 2531 1121 2579 con-6

64 2604 164 2674 :esem
182 2603 276 2691 signa
292 2611 392 2682 mota,
409 2602 588 2689 relictisque
605 2603 825 2690 inpedimentis
845 2612 1016 2670 castrorum
1034 2626 1090 2669 va·
1116 2684 1119 2689 ,

63 2700 120 2767 ido
138 2697 299 2786 praesidio
316 2698 430 2784 raptim
449 2698 552 2786 agitur
574 2721 702 2786 agmen;
728 2720 788 2766 nec
808 2698 918 2785 procul
940 2697 980 2764 ab
997 2696 1089 2764 hoste

62 2817 163 2863 ocum
189 2792 411 2880 perexiguum,
438 2801 473 2858 ut
499 2792 613 2878 quibus
639 2803 763 2880 praeter
789 2816 887 2880 equos
903 2803 1089 2861 ceterorum

63 2897 270 2956 umentorum
284 2886 492 2970 calonumque
506 2887 598 2954 turba
610 2888 745 2967 abesset,
760 2889 871 2956 castris
884 2889 976 2976 cepit.
997 2885 1090 2955 Sam·
1107 2913 1122 2961 7

62 2984 169 3052 titium
198 2981 368 3061 exercitus,
399 2982 487 3047 velut
511 2981 598 3048 haud
623 2982 688 3049 ulla
713 3007 801 3049 mora
825 3005 952 3070 pugnae
983 2983 1091 3049 futura

62 3088 156 3158 sset,
175 3077 277 3144 aciem
290 3076 429 3154 instruit;
448 3075 574 3155 deinde,
592 3086 761 3163 postquam
775 3099 868 3142 nemo
882 3077 994 3143 obvius
1011 3076 1088 3155 ibat,

62 3173 182 3240 nfestis
202 3171 302 3259 signis
320 3172 361 3236 ad
379 3180 482 3237 castra
498 3170 637 3236 hostium
655 3171 804 3237 succedit.
844 3171 889 3236 ibi
905 3180 941 3234 ut
958 3170 1089 3235 militem
1106 3191 1123 3239 8

61 3293 85 3336 ιι
104 3267 192 3335 vallo
210 3267 290 3332 vidit
306 3266 457 3351 missique
476 3265 516 3331 ab
539 3265 624 3330 omni
645 3273 734 3351 parte
756 3262 965 3350 exploratum,
993 3284 1090 3347 quam

61 3390 83 3433 ιι
112 3363 271 3450 exiguum
297 3359 406 3429 orbem
432 3369 591 3426 contracta
617 3368 720 3427 castra
749 3365 868 3437 essent,
899 3357 1089 3445 paucitatem
1111 3442 1114 3447 ι

61 3460 127 3527 ude
142 3457 285 3524 hostium
298 3455 494 3542 colligentes,
512 3455 711 3533 rettuderunt,
730 3456 863 3520 fremere
877 3453 979 3520 omnis
992 3453 1086 3535 acies,
1107 3475 1122 3523 9

60 3552 250 3641 anplendas
268 3572 339 3616 esse
355 3550 461 3616 fossas
479 3549 747 3635 scindendumque
764 3549 882 3614 vallum
896 3549 973 3617 etin
986 3558 1090 3616 castra

60 3645 316 3734 erumpendum
342 3653 596 3730 transactumque
614 3665 652 3710 ea
669 3643 842 3712 temeritate
859 3643 978 3711 bellum
995 3642 1086 3725 foret,

60 3746 84 3812 ιί
101 3744 207 3811 duces
226 3740 455 3808 continuissent
475 3739 627 3825 impetum
648 3738 793 3805 militum.
837 3748 990 3818 ceterum,
1013 3737 1088 3822 quia
1106 3754 1139 3804 ιο

59 3835 228 3906 multitudo
246 3858 305 3902 sua
326 3834 551 3902 commeatibus
574 3835 696 3922 gravis,
723 3843 755 3900 et
775 3835 864 3921 prius
886 3832 1024 3900 sedendo
1046 3832 1088 3897 ad

59 3931 248 4002 Suessulam
266 3940 297 3996 et
313 3939 381 3995 tum
400 3929 577 3996 certaminis
591 3952 692 4009 mora,
710 3929 796 3996 baud
808 3928 917 4016 procul
929 3927 969 3992 ab
982 3944 1088 3993 rerum

59 4027 199 4095 >mnium
211 4025 318 4112 inopia
332 4035 429 4105 esset,
448 4024 574 4112 placuit,
594 4026 670 4090 dum
682 4025 821 4090 inclusus
834 4031 963 4109 paveret
974 4017 1085 4100 hostis,
1107 4061 1109 4065 -
