2566 4524
298 272 416 329 ursus
432 272 518 345 vur,
536 273 578 331 rs.
592 274 634 330 ra
652 272 891 348 [soso-sas]
1047 265 1111 333 411

89 433 143 499 luit
154 430 282 510 consul,
301 431 459 498 criminari
472 432 556 518 apud
567 432 719 519 populum
732 443 836 520 patres
855 435 974 501 destitit
990 436 1111 524 collega

88 528 330 612 haudquaquam
351 526 551 606 adversante,
579 528 654 612 quia
669 535 707 594 et
727 528 796 614 ipse
818 529 857 595 de
874 528 967 615 plebe
984 540 1050 595 erat
1067 568 1110 581 -

88 619 248 688 materiam
265 629 372 688 autem
388 619 560 708 praebebat
577 621 758 688 criminibus
776 645 852 711 ager
868 624 902 713 in
918 623 1034 690 Latino
1046 624 1110 691 Fa·
1124 639 1161 697 '12

86 716 231 801 lernoque
257 738 335 803 agro
360 715 498 803 maligne
524 716 628 803 plebei
654 716 773 783 divisus
800 755 843 767 —
869 727 914 797 et,
940 728 1110 806 postquam

87 821 210 878 senatus
240 810 330 877 finire
360 810 527 897 imperium
557 811 739 878 consulibus
770 813 900 900 cupiens
926 814 1110 882 dictatorem

87 907 235 972 adversus
251 904 440 973 rebellantes
456 907 591 983 Latinos
609 906 672 973 dici
692 906 797 986 iussit,
819 906 991 988 Aemilius,
1019 909 1109 976 cuius
1128 927 1160 980 1³

86 1009 149 1065 tum
165 998 271 1066 fasces
290 1012 392 1079 erant,
420 1000 574 1088 collegam
595 1000 779 1067 dictatorem
800 1001 893 1082 dixit3
920 1003 961 1071 ab
983 1025 1021 1071 eo
1043 1027 1110 1070 ma-

86 1095 182 1182 gister
199 1095 340 1179 equiturn
357 1095 469 1160 Iunius
486 1094 605 1161 Brutus
624 1095 736 1162 dictus.

144 1189 315 1257 Dictatura
331 1190 491 1276 popularis
509 1201 541 1257 et
557 1191 748 1258 orationibus
765 1192 799 1257 in
811 1202 916 1279 patres
933 1193 1107 1260 criminosis
1127 1214 1160 1263 14

88 1284 145 1350 lirit
161 1294 194 1351 et
211 1284 297 1369 quod
313 1294 377 1351 tres
393 1285 481 1372 leges
501 1286 745 1352 secundissimas
763 1285 867 1373 plebei
885 1288 1033 1354 adversas
1051 1310 1109 1354 no-

84 1377 195 1445 bilitati
212 1378 296 1445 tulitr
313 1401 424 1458 unam,
442 1388 477 1444 ut
489 1377 575 1465 plebi
588 1380 666 1446 scita
678 1403 787 1448 omnes
798 1380 937 1463 Quirites
951 1390 1107 1462 tenerent3

85 1473 222 1552 alteram,
240 1481 276 1538 ut
288 1472 405 1560 legum,
419 1496 500 1558 quae
514 1474 647 1540 comitiis
660 1475 840 1541 centuriatis
853 1474 1016 1556 ferrentur,
1035 1485 1108 1543 ante
1126 1496 1159 1546 15

84 1567 195 1634 initum
207 1567 394 1655 suffragium
405 1577 510 1654 patres
524 1578 667 1635 auctores
682 1568 807 1648 fierent3
826 1569 963 1649 tertiam,
981 1579 1017 1636 ut
1030 1570 1109 1637 alter
1126 1590 1158 1640 to

85 1663 190 1747 utique
204 1661 359 1749 explebe,
378 1684 451 1728 cum
464 1673 643 1729 sorentum
657 1663 707 1743 sit,
726 1674 761 1729 ut
772 1672 940 1748 utrumque
949 1663 1108 1750 plebeium

84 1755 150 1823 fieri
165 1756 287 1836 liceret,
310 1778 422 1824 censor
439 1767 603 1823 crearetur.
646 1758 719 1844 plus
737 1779 775 1824 eo
794 1780 876 1823 auno
894 1758 980 1824 dorni
997 1780 1108 1844 accep-
1126 1778 1158 1827 1⁷

83 1858 150 1916 tum
175 1850 274 1917 cladis
301 1850 341 1918 ab
367 1849 548 1918 oonsulibus
570 1873 607 1918 ac
630 1852 779 1918 dictatore
800 1874 895 1937 quam
917 1873 957 1917 ex
978 1851 1108 1918 victoria

84 1966 191 2011 eorum
220 1944 404 2029 bellicisque
432 1944 528 2012 rebus
554 1945 632 2013 foris
658 1956 786 2014 auctum
811 1946 976 2033 imperium
1002 1956 1107 2031 patres

84 2037 260 2105 eredebant.

145 2131 247 2198 XIII.
273 2130 370 2199 Anno
382 2132 573 2218 insequenti,
591 2133 633 2197 L.
647 2132 744 2200 Furio
758 2133 904 2214 Camillo,
924 2133 962 2201 Ο.
976 2131 1106 2200 Maenio
1125 2154 1140 2204 1

83 2225 278 2305 consulibus,
302 2248 365 2312 quo
381 2225 561 2314 insignitius
580 2227 697 2292 omissa
713 2250 764 2293 res
781 2228 919 2294 Aemilio
938 2229 1106 2314 superioris
1193 2270 1198 2284 ι

80 2319 156 2387 anni
172 2319 295 2386 consuli
312 2320 559 2408 exprobraretur,
577 2319 702 2387 Pedum
718 2321 813 2386 armis
826 2322 964 2406 virisque
978 2329 1009 2386 et
1021 2321 1108 2386 omni

79 2414 113 2481 vi
135 2414 382 2501 expugnandum
403 2436 442 2481 ac
462 2415 630 2480 delendum
652 2423 779 2480 senatus
800 2415 919 2494 fremit,
946 2415 1108 2498 coactique

77 2509 156 2576 nori
172 2509 320 2575 consules
337 2507 482 2576 omnibus
504 2532 575 2575 eam
595 2532 662 2575 rem
683 2509 838 2596 praeverti
858 2508 1106 2595 proficiscuntur

79 2603 145 2670 iam
161 2603 260 2670 Latio
281 2603 310 2670 is
332 2612 431 2669 status
455 2614 521 2670 erat
541 2627 659 2683 rerum,
686 2613 721 2669 ut
741 2625 843 2688 neque
865 2603 983 2671 bellum
1004 2621 1141 2687 nequet

77 2719 192 2786 pacem
209 2697 276 2784 pati
291 2708 429 2783 possent.
475 2699 516 2763 ad
532 2697 650 2764 bellum
668 2719 743 2784 opes
766 2698 907 2777 deerant,
933 2719 1044 2784 pacem
1066 2694 1107 2762 ob

77 2792 150 2881 agri
161 2792 302 2878 adempti
314 2791 453 2858 dolorem
466 2792 722 2879 aspernabantur.
744 2793 856 2858 mediis
870 2792 1008 2860 consiliis
1022 2801 1108 2856 stan·
1125 2808 1142 2860 a
1263 2865 1265 2870 ,

77 2888 157 2954 dum
175 2884 354 2965 videbatur,
377 2895 413 2951 ut
430 2887 553 2972 oppidis
573 2910 607 2953 se
625 2897 779 2966 tenerent,
803 2909 843 2954 ne
860 2887 1025 2954 lacessitus
1041 2885 1109 2952 Ro-

77 3004 194 3049 manus
222 3002 351 3046 causam
376 2978 451 3046 belli
472 2980 600 3047 haberet
622 2991 667 3059 et,
694 2982 722 3047 si
744 2983 833 3048 cuius
856 2982 963 3068 oppidi
986 2980 1108 3048 obsidio

77 3075 224 3143 nuntiata
242 3085 339 3153 esset,
362 3075 500 3158 undique
518 3098 558 3141 ex
574 3075 720 3142 omnibus
737 3075 863 3161 populis
882 3075 1034 3141 armillum
1051 3073 1108 3138 ob-

77 3169 179 3238 sessis
209 3167 351 3235 ferretur.
395 3191 497 3253 neque
527 3178 632 3235 tamen
663 3169 725 3234 nisi
755 3168 924 3234 admodum
954 3191 974 3232 a
998 3167 1107 3252 paucis
1124 3185 1142 3233 s

77 3263 209 3354 populis
216 3261 451 3329 Pedani‘adiuti
465 3273 547 3329 sunt.
575 3262 724 3329 Tiburtes
736 3261 1010 3346 Praenestinique,
1029 3281 1108 3346 quo-

77 3382 150 3427 rum
166 3380 246 3445 ager
261 3358 389 3445 propior
401 3367 481 3436 erat,
499 3357 623 3424 Pedum
635 3378 805 3443 pervenere
810 3381 820 3436 3
837 3355 984 3422 Aricinos
996 3356 1108 3420 Lanu·
1125 3372 1142 3422 o

77 3455 236 3538 riuosque
253 3462 285 3518 et
297 3451 474 3518 Veliternos
487 3449 671 3517 Antiatibus
684 3450 811 3517 Volscis
829 3473 864 3518 se
881 3450 1106 3538 coniungentes

77 3549 116 3617 ad
128 3545 275 3613 Asturae
291 3544 409 3611 flumen
425 3545 574 3628 Maenius
591 3544 752 3630 inproviso
769 3546 897 3612 adortus
915 3544 1006 3610 fudit.
1043 3541 1107 3609 Ca-
1125 3559 1140 3608 s

77 3642 185 3709 millus
205 3640 247 3707 ad
258 3638 383 3707 Pedum
401 3662 472 3706 oum
488 3638 673 3706 Tiburtibus
690 3640 827 3706 maxime
845 3640 950 3706 valido
968 3638 1108 3706 exercitu

77 3737 199 3805 maiore
216 3734 315 3814 mole,
336 3756 529 3820 quamquam
546 3755 646 3818 aeque
668 3756 819 3819 prospero
841 3743 955 3801 eventu
975 3740 1105 3820 pugnat.

77 3831 251 3902 multum
271 3831 407 3897 maxime
428 3830 591 3915 repentina
611 3828 693 3895 inter
708 3829 862 3915 proelium
880 3829 999 3914 eruptio
1018 3825 1140 3910 oppi·r

77 3929 236 3996 imorum
252 3924 342 4004 fecit,
360 3925 394 3990 in
410 3946 490 4010 quos
507 3933 596 4010 parte
614 3925 769 3990 exercitus
787 3946 938 3993 conversa
952 3918 1105 3988 Camillus
1203 3926 1237 3989 »ᾗ

1129 4098 1231 4262 Γ

77 4046 140 4092 ron
164 4019 311 4109 conpulit
333 4019 435 4087 solum
458 4042 512 4087 eos
533 4020 615 4088 intra
635 4020 773 4098 moenia,
801 4020 857 4085 sed
879 4017 989 4084 eodem
1011 4014 1105 4080 etiam
