2566 4524
133 269 175 333 72
365 277 485 332 LIBER
501 276 544 348 11,
562 277 658 333 8—10.
679 281 717 346 [a.
725 293 753 330 u.
764 291 789 330 c.
799 275 858 330 245.
868 274 931 346 246]

99 461 114 511 9
197 436 289 502 Haec
306 446 378 521 post
396 444 523 499 exactos
542 456 634 520 reges
653 434 739 498 domi
755 433 946 518 militiaeque
959 441 1053 522 gesta
1065 435 1165 521 primo

133 555 224 599 anno
265 531 339 596 inde
364 528 407 594 P.
430 527 578 594 Valerius
605 527 731 606 iterum,
760 527 798 592 Τ.
822 527 991 593 Lucretius
1019 530 1161 595 consules

99 746 113 791 1
133 628 309 786 factllllIII.
335 718 406 782 lam
419 717 583 801 Tarquinii
600 717 641 781 ad
657 717 790 781 Lartem
802 715 980 795 Porsinam,
997 713 1162 783 Clusinum

131 839 254 904 regern,
285 814 503 901 perfugerant·
540 811 585 877 ibi
611 811 772 876 miscendo
799 810 965 876 consilium
989 833 1159 896 precesque

132 933 216 977 nunc
234 908 377 986 orabant,
395 929 436 972 ne
454 929 502 984 se,
521 906 670 971 oriundos
688 927 729 970 ex
745 905 905 983 Etruscis,
930 905 1076 971 eiusdem
1095 929 1160 971 san·

101 1027 115 1073 2
133 1005 238 1092 guinis
247 1003 454 1086 nominisque,
474 1010 603 1088 egentes
620 1001 746 1066 exulare
770 1009 937 1086 pateretur,
958 1023 1045 1066 nunc
1057 1023 1158 1066 mone-

131 1101 208 1167 bant
230 1099 338 1177 etiam,
365 1121 405 1162 ne
433 1097 584 1162 orientem
606 1118 725 1160 morem
751 1095 889 1181 pellendi
909 1117 1002 1182 reges
1029 1095 1157 1160 inultum

98 1196 256 1264 asineret.
302 1193 378 1258 satis
400 1191 575 1256 libertatem
601 1191 704 1276 ipsam
730 1188 846 1254 habere
873 1188 1060 1254 dulcedinis.
1103 1186 1156 1254 nisi

132 1303 249 1374 quanta
267 1288 299 1352 vi
320 1287 462 1352 civitates
484 1308 555 1350 eam
577 1293 738 1369 expetant,
767 1294 853 1348 tanta
873 1307 972 1370 regna
994 1307 1088 1371 reges
1109 1284 1155 1348 dc·

131 1383 270 1459 fendant,
289 1381 416 1464 aequari
430 1402 554 1444 summa
567 1378 693 1454 infimis,
713 1378 790 1442 nihil
799 1377 968 1455 excelsum,
988 1378 1067 1441 nihil
1079 1375 1153 1461 quod

132 1498 227 1561 supra
246 1484 349 1539 cetera
366 1474 501 1538 emineat
517 1474 551 1536 in
564 1472 742 1538 civitatibus
757 1472 834 1548 fore,
853 1471 965 1536 adesse
984 1471 1080 1535 finem
1093 1492 1152 1556 reg·
1186 1482 1188 1487 '

96 1570 195 1646 anis,
225 1569 271 1632 rei
297 1568 377 1630 inter
402 1568 478 1631 deos
504 1567 709 1649 hominesque
738 1565 976 1650 pulcherrimae.
1016 1564 1149 1638 Porsina,
1186 1580 1188 1585 '

132 1685 205 1728 cum
222 1684 331 1748 regem
349 1683 420 1725 esse
437 1661 568 1738 Romae,
587 1669 655 1724 tum
667 1659 822 1724 Etruscae
840 1660 942 1745 gentis
959 1680 1079 1746 regem,
1095 1679 1148 1723 tun·

97 1778 113 1826 5
131 1757 219 1843 plum
229 1755 343 1821 Tuscis
360 1766 457 1833 ratus,
471 1755 607 1820 Romam
619 1754 734 1819 infesto
750 1754 888 1818 exercitu
900 1753 995 1820 venit.
1018 1776 1083 1819 non
1094 1773 1149 1817 un·

131 1874 226 1936 quam
245 1851 321 1915 alias
340 1859 412 1914 ante
430 1859 534 1915 tantus
553 1859 651 1914 terror
665 1857 808 1913 senatum
820 1848 945 1926 invasit,
964 1849 1046 1914 adeo
1060 1845 1150 1914 valida

130 1969 181 2010 res
204 1956 271 2009 tum
291 1943 424 2009 Clusina
445 1954 511 2008 erat
533 1965 745 2030 magnumque
766 1941 919 2007 Porsinae
942 1965 1067 2008 nomen.
1101 1958 1149 2006 nec

130 2040 238 2104 hostes
256 2039 351 2104 modo
369 2038 529 2116 timebant,
550 2039 605 2102 sed
624 2047 763 2102 suosmet
775 2037 836 2123 ipsi
850 2037 944 2114 civeS,
964 2060 1005 2103 ne
1017 2037 1148 2104 Roman

130 2132 236 2217 plebs,
260 2141 346 2198 metu
362 2132 520 2217 perculsa,
544 2132 677 2217 receptis
696 2132 729 2196 in
746 2130 857 2195 urbem
873 2130 1003 2218 regibus
1022 2131 1073 2196 vel
1089 2147 1148 2195 cum

132 2228 281 2292 servitute
298 2248 409 2312 pacem
427 2227 590 2311 acciperet.

98 2342 114 2390 6
195 2320 300 2385 Multa
313 2321 408 2407 igitur
420 2321 634 2386 blandimenta
646 2320 731 2406 plebi
743 2343 800 2406 per
812 2321 845 2384 id
859 2330 983 2405 tempus
998 2319 1038 2385 ab
1053 2324 1148 2384 senatu

132 2415 213 2481 data.
241 2438 383 2481 annonae
397 2416 430 2480 in
447 2417 557 2501 primis
571 2415 679 2480 habita
693 2437 768 2479 cura
781 2425 813 2480 et
826 2416 866 2479 ad
879 2415 1072 2480 frumentum
1089 2432 1148 2478 con·

130 2511 305 2597 parandum
323 2510 412 2574 missi
430 2511 482 2574 alii
500 2511 532 2573 in
546 2508 694 2587 Volscos,
714 2510 768 2574 alii
782 2509 912 2575 Cumas.
945 2509 1019 2575 salis
1037 2523 1148 2594 quoque

131 2605 287 2669 vendendi
305 2604 476 2681 arbitrium,
496 2604 570 2687 quia
587 2605 718 2688 inpenso
736 2605 835 2689 pretio
852 2604 989 2682 venibat,
1009 2605 1042 2668 in
1060 2598 1149 2689 publi·

132 2721 204 2764 cum
222 2699 307 2763 omni
325 2709 450 2781 sumpto
469 2698 650 2781 ademptum
667 2699 811 2783 privatio,
834 2699 1043 2784 portoriisque
1062 2706 1092 2762 et
1107 2691 1148 2760 tri·

132 2791 208 2855 buto
220 2791 313 2875 plebe
326 2789 465 2868 liberata,
484 2800 519 2853 ut
533 2791 645 2856 divites
661 2793 846 2870 conferrent,
865 2793 919 2876 qui
933 2792 1019 2856 oneri
1033 2787 1147 2856 ferendo

133 2893 251 2947 essent:
278 2905 432 2968 pauperes
456 2884 532 2948 satis
556 2885 703 2970 stipendii
724 2887 873 2971 pendere,
903 2886 930 2949 si
951 2885 1068 2951 liberos
1086 2882 1147 2949 edo·

99 3000 112 3044 7
133 2986 246 3042 cerent.
273 2977 378 3061 itaque
392 2978 470 3043 haec
483 2979 679 3066 indulgentia
692 2991 816 3066 patrum
826 2981 945 3067 asperis
958 2979 1147 3065 postmodun

130 3070 225 3138 rebus
244 3071 277 3136 in
294 3072 456 3138 obsidione
474 3095 512 3138 ac
529 3074 613 3138 fame
632 3075 710 3138 adeo
732 3076 918 3139 concordem
940 3074 1099 3138 civitatem
1113 3079 1150 3134 te·
1186 3078 1188 3089 '

129 3166 207 3244 nuit,
226 3178 261 3231 ut
277 3167 400 3253 regium
417 3191 533 3233 nomen
545 3191 609 3232 non
623 3169 737 3233 summi
751 3169 851 3255 magis
866 3190 962 3252 quam
976 3168 1077 3233 infimi
1089 3167 1150 3231 hor·

97 3279 113 3328 8
129 3271 299 3326 rercntnec
309 3262 475 3345 quisquam
484 3285 566 3326 unus
577 3262 667 3326 malis
678 3261 795 3327 artibus
805 3272 915 3347 postea
927 3271 991 3326 tam
1000 3256 1152 3347 popularis

131 3365 215 3419 esset
243 3378 339 3439 quam
357 3366 424 3419 tum
441 3355 521 3421 bene
538 3357 720 3441 imperando
738 3357 903 3420 universus
923 3366 1051 3420 senatus
1070 3354 1134 3420 fuit

97 3471 111 3517 1
194 3449 241 3514 X.
274 3448 358 3515 Cum
375 3449 482 3516 hostes
501 3451 657 3529 adessent,
676 3473 733 3537 pro
752 3474 786 3515 se
805 3452 937 3534 quisque
951 3451 1157 3517 inurbemex

130 3543 214 3629 agris
237 3543 426 3629 demigrant,
454 3544 564 3609 urbem
586 3545 688 3630 ipsam
715 3547 859 3631 saepiunt
882 3544 1060 3630 praesidiis.
1100 3543 1159 3608 alia

97 3659 112 3705 2
130 3639 238 3715 muria,
257 3638 319 3702 alia
337 3637 444 3703 Tiberi
462 3639 584 3704 obiecto
602 3639 788 3704 videbantur
806 3650 881 3705 tuta.
909 3662 989 3724 pons
1009 3639 1156 3705 sublicius

129 3733 189 3795 iter
205 3754 306 3817 paene
324 3732 466 3798 hostibus
485 3734 580 3811 dedit,
599 3734 632 3797 ni
646 3757 727 3798 unus
741 3734 790 3798 vir
802 3733 915 3798 fuisset
927 3733 1082 3799 Horatius
1098 3731 1157 3798 Co·

131 3825 195 3890 cles
200 3850 209 3904 3
236 3826 269 3889 id
286 3827 513 3891 munimentum
530 3827 584 3892 illo
602 3828 652 3892 die
671 3828 796 3892 fortuna
817 3827 905 3893 urbis
924 3827 1087 3893 Romanae
1105 3826 1158 3892 hs»

96 3918 207 3988 abuit.
243 3919 298 4002 qui
324 3921 445 4005 positus
472 3922 551 3986 forte
578 3921 611 3985 in
638 3921 770 3986 statione
792 3920 909 4006 pontis,
938 3943 1010 3985 cum
1033 3929 1156 4006 captum

128 4014 291 4100 repentino
313 4015 432 4101 impetu
453 4016 629 4081 Ianiculum
652 4025 745 4101 atque
767 4016 840 4080 inde
863 4016 972 4081 citatos
996 4015 1162 4080 decurrere
