2566 4524
218 243 282 308 470
453 249 572 307 LIBER
588 248 689 321 VIIII,
706 248 749 303 26.
762 247 808 303 tt.
828 250 904 316 [au.
915 243 1014 318 cllo]

199 414 320 480 bonos
342 409 464 477 delatus
486 408 528 474 nd
548 429 599 473 me
621 406 710 473 testis
732 413 781 472 est
801 379 998 472 innocentiae
1019 428 1122 473 meae:
1145 427 1222 492 nequ
1264 429 1277 437 ’·

221 506 319 585 enim,
341 504 428 589 quod
446 525 540 590 saepe
558 501 650 579 alias,
673 500 749 585 quia
764 500 809 565 ita
825 509 970 586 tempora
985 498 1180 586 postulabant
1191 497 1225 567 rei

220 598 377 688 publicae,
390 598 446 682 qui
461 594 546 663 bello
559 594 751 661 clarissimus
770 603 862 673 esset,
878 592 936 659 sed
954 593 1011 680 qui
1027 594 1160 662 mammo
1172 615 1238 682 pro.

222 691 273 761 cul
295 691 336 760 ab
356 692 407 757 his
429 688 615 756 coitionibus
637 690 734 754 vitam
756 688 887 777 egisset,
911 687 1048 755 dictator
1070 687 1229 776 deligendus

172 812 204 864 15
222 785 404 856 exercendis
422 780 657 868 quaestionibus
676 780 745 848 fuit
777 780 834 848 sed
851 781 1003 866 quoniam
1020 782 1147 868 quidem
1160 779 1231 848 nobi-
1264 800 1266 807 ⁴

221 883 269 948 les
286 878 429 946 homines
438 912 480 924 -
489 899 552 962 qua
569 877 609 942 de
622 899 727 955 cauas,
741 898 799 942 vos
817 875 999 942 existimare
1016 898 1116 962 quam
1129 897 1173 943 me
1183 895 1231 964 pro

222 975 410 1064 magistratu
423 971 590 1056 quicquam
607 971 825 1057 inconpertum
838 971 941 1037 dicere
954 970 1076 1038 melius
1088 968 1233 1058 est-pri·
1268 1054 1271 1064 Ι

223 1092 311 1136 mum
332 1068 419 1155 ipsas
442 1088 623 1153 expugnare
645 1067 844 1150 quaestiones
862 1065 948 1131 omni
971 1087 1034 1151 ope
1053 1064 1154 1132 adnisi
1167 1072 1232 1144 sud,
1275 1102 1277 1109 ·

173 1189 205 1238 16
224 1164 311 1244 dein,
333 1171 500 1249 postquam
523 1160 617 1226 adid
638 1183 750 1246 parum
772 1169 915 1247 potentes
938 1170 1045 1240 erant,
1069 1183 1110 1227 ne
1130 1180 1234 1226 caum
1270 1158 1277 1237 ξ

224 1261 372 1336 dicerent,
389 1256 423 1321 in
439 1255 596 1343 praesidia
613 1254 872 1335 adversariorum,
892 1255 1139 1343 appellationem
1154 1267 1183 1322 at
1195 1253 1235 1321 tri·
1268 1265 1277 1330 ζ

174 1377 205 1424 ιι
223 1352 385 1421 bunicium
403 1349 563 1429 auxilium,
581 1349 703 1437 patricii
720 1349 938 1436 confugerunt,
958 1358 1124 1436 postremo
1138 1345 1234 1438 repulsi
1274 1365 1277 1428 i

155 1448 159 1458 '
223 1447 297 1513 inde
315 1484 357 1495 -
375 1445 454 1511 adeo
476 1444 582 1509 omnia
607 1443 722 1509 tutiora
747 1465 842 1528 quam
863 1452 899 1508 ut
924 1443 1142 1512 innocentiam
1164 1463 1234 1510 suam
1264 1501 1277 1523 ,,

208 1548 394 1628 purgarent
411 1539 479 1604 visa
496 1574 538 1584 -
555 1538 589 1603 in
606 1559 664 1603 nos
681 1537 853 1616 imuerunt,
872 1547 904 1604 et
921 1539 1058 1626 privatis
1076 1540 1234 1605 dicamne

174 1657 206 1706 18
224 1655 354 1722 poscere
370 1655 460 1699 reum
472 1633 678 1699 verecundiae
690 1656 754 1699 non
772 1631 846 1699 fuit:
864 1642 899 1698 ut
911 1656 1024 1700 omnes
1039 1635 1085 1700 dii
1101 1633 1233 1700 homiues·

225 1751 288 1814 que
310 1728 422 1806 sciant,
445 1726 486 1794 ab
507 1727 570 1793 illis
592 1728 685 1793 etiam
708 1749 789 1812 quae
806 1750 871 1794 non
892 1727 1017 1816 possint
1035 1728 1189 1816 temptari,
1205 1744 1231 1791 nt

207 1823 376 1895 rationem
393 1822 477 1888 vitae
493 1822 639 1900 reddant,
661 1843 713 1887 me
730 1821 857 1888 obviam
877 1822 922 1887 ire
945 1821 1074 1888 crimini
1095 1832 1128 1888 et
1146 1820 1232 1888 offerre

176 1939 207 1988 19
225 1940 276 1983 me
293 1917 428 1983 inimicis
445 1939 543 1995 reum,
561 1917 715 1982 dictatura
731 1938 782 1981 me
800 1915 921 1983 abdico.
956 1939 1017 1982 vos
1036 1935 1166 2002 quaeso,
1179 1934 1232 1982 con·
1265 1929 1267 1940 '

227 2012 325 2088 sulas,
349 2009 377 2074 si
392 2009 483 2075 vobis
505 2009 613 2074 datum
636 2009 676 2074 ab
700 2019 812 2076 senatu
832 2011 996 2098 negotium
1018 2010 1131 2090 fuerit,
1151 2011 1231 2076 nno
1273 2084 1277 2092 Ι

225 2104 362 2190 primum
384 2112 416 2167 et
440 2102 525 2168 hunc
545 2101 593 2168 M.
611 2102 755 2169 Foslium
781 2104 981 2190 quaestiones
1008 2105 1232 2181 exerceatianl

226 2206 383 2285 appareat,
402 2197 580 2263 innocentia
595 2207 704 2263 nostrs
719 2221 788 2277 nos,
801 2221 865 2264 non
878 2198 1046 2265 maiestate
1063 2198 1187 2266 honoris
1200 2205 1233 2261 u
1264 2188 1274 2267 s

174 2316 208 2364 ιο
226 2303 273 2358 tos
292 2315 312 2358 a
328 2291 622 2358 criminationibus
611 2292 681 2357 nstis
700 2315 780 2359 esse.
781 2291 944 2358 'abdicat
960 2291 1038 2358 iude
1058 2317 1094 2361 se
1107 2294 1233 2360 dicans
1263 2349 1268 2386 ἴ

227 2395 346 2472 ettpos
364 2407 436 2450 eum
454 2385 585 2451 confest
563 2396 620 2450 tun
636 2385 763 2452 Foslius
781 2387 962 2474 magisterio
981 2388 1137 2472 equitum,
1154 2381 1234 2474 primi·
1262 2398 1277 2471 {f

226 2503 287 2565 que
305 2480 389 2591 apud
407 2480 612 2547 consules—
571 2480 668 2546 —iis
687 2481 769 2546 enim
788 2481 828 2547 ab
847 2504 921 2546 sena
921 2490 957 2545 tu
921 2483 1129 2548 tmandsts
1144 2503 1189 2547 res
1202 2482 1234 2544 cst
1262 2512 1275 2561 q

226 2576 332 2641 -rei
354 2575 432 2640 facti
454 2576 605 2639 adversus
627 2573 779 2640 nobilium
801 2575 981 2640 testimonia
1003 2576 1137 2664 egregie
1157 2570 1234 2643 absol
1262 2605 1277 2655 s

175 2694 206 2742 21
226 2680 350 2736 vuntur.
384 2669 540 2736 Publilius
559 2670 652 2735 etiam
665 2669 758 2735 Philo
776 2669 971 2756 multiplicat
962 2695 990 2736 rs
1009 2673 1147 2738 summis
1162 2671 1235 2736 bono·
1263 2689 1277 2752 εξ

225 2767 314 2831 ribus
332 2775 404 2851 post
422 2787 472 2829 res
491 2775 537 2830 tot
555 2765 641 2831 domi
663 2764 808 2849 belloque
829 2774 951 2852 gestas,
975 2775 1122 2833 ceterum
1142 2764 1236 2832 invsn
1266 2776 1268 2783 “

177 2882 209 2930 22
227 2858 396 2934 nobilitati,
416 2880 543 2922 causam
562 2859 641 2923 dixit
659 2858 883 2943 absolutusque
901 2867 960 2924 est.
997 2882 1063 2927 nec
1081 2860 1238 2936 diutinas
1265 2890 1277 2938 s

227 2953 272 3030 fit,
287 2975 382 3036 quam
400 2952 474 3017 dum
492 2975 601 3018 recens
620 2963 695 3030 erat,
709 2954 851 3037 quaestio
868 2975 924 3038 per
942 2953 1031 3019 clara
1048 2956 1176 3022 nomina
1188 2970 1240 3018 reo·
1267 2971 1277 3032 3:

226 3070 297 3113 rum
314 3046 415 3134 viguit
420 3071 430 3125 3
452 3047 524 3112 inde
542 3047 606 3113 labi
624 3046 726 3132 coepit
743 3048 783 3112 ad
800 3047 910 3113 viliora
931 3048 1054 3134 capita,
1079 3051 1178 3116 donec
1194 3041 1242 3111 cul·
1271 3082 1277 3120 ι

189 3162 193 3169 ·
227 3141 366 3208 tionibus
384 3141 449 3206 fact
437 3140 645 3225 itc,nibusque
660 3141 812 3207 adversus
829 3163 908 3225 quas
923 3153 1103 3227 conparata
1121 3151 1243 3224 eratsp-
1273 3172 1277 3192 ¹

247 3259 336 3302 ressa
354 3244 411 3301 est.

194 3260 247 3399 1p
290 3329 441 3395 XXVII.
463 3328 585 3395 Earum
602 3329 688 3395 fama
704 3352 817 3409 rerum,
836 3329 938 3415 magis
956 3337 1070 3397 tamen
1085 3329 1245 3434 spesCfflp·

226 3448 328 3510 panae
346 3424 600 3503 defectionissm
618 3416 713 3509 qisam
731 3425 925 3491 coniuratum
944 3418 1228 3503 erat,tSamnites
1219 3439 1245 3485 u

193 3538 210 3585 2
227 3518 379 3627 Apuliam
396 3541 505 3586 versos
522 3543 632 3587 rursus
650 3521 692 3586 ad
710 3518 867 3587 Caudium
884 3521 1061 3598 revocavit,
1081 3532 1118 3587 ut
1133 3520 1202 3586 inde
1215 3533 1246 3581 ιι

226 3613 413 3698 propinqum
433 3612 528 3697 siqui
544 3624 648 3680 motus
667 3614 864 3680 occasionem
882 3613 1028 3700 aperiret,
1042 3610 1247 3702 Capuamllc·

193 3706 328 3773 tmsnis
352 3706 514 3793 eriperent.
552 3730 589 3773 eo
612 3708 757 3774 eonsules
780 3729 852 3773 cum
874 3705 981 3772 valido
1004 3710 1152 3774 exercitu
1170 3722 1247 3771 vene·

226 3810 308 3866 runt.
340 3810 371 3866 et
387 3800 489 3887 primo
507 3801 590 3887 circa
607 3801 715 3880 saltus,
734 3823 806 3866 cum
823 3801 983 3884 utrimque
1001 3801 1046 3867 ad
1063 3802 1188 3869 hostem
1200 3793 1247 3863 ini·

193 3914 290 3979 equa
307 3896 359 3961 via
376 3904 474 3973 esset,
497 3897 634 3963 cunctati
652 3905 738 3975 sunt3
765 3895 878 3961 deinde
897 3892 1064 3964 Samnites
1082 3919 1141 3984 per
1157 3898 1247 3981 spuit

227 3987 298 4056 loca
314 3989 402 4056 brevi
423 3988 555 4056 circuitu
572 3989 607 4056 in
623 3990 693 4056 loca
709 3989 816 4076 plana,
837 3987 1023 4077 Campanos
1042 4012 1188 4079 campos,
1202 4004 1246 4072 ιε·
