2566 4524
312 277 431 334 amna
447 278 546 345 vnn,
563 280 588 334 s.
602 279 644 334 10.
664 282 702 349 [a.
713 276 816 354 0.st
1018 267 1080 334 451

66 462 134 508 ones
154 437 195 505 ab
214 437 308 503 domo
327 437 368 503 ad
385 436 628 504 consultandum
646 447 858 518 accerserunt,
877 436 1000 505 mittere
1013 439 1080 506 Ro-

65 559 127 601 ram
144 534 279 620 legatos,
295 553 369 597 oum
387 542 507 611 senatu,
522 554 594 598 oum
611 531 729 620 populo
743 533 782 598 de
799 555 879 621 paee
896 555 933 599 ao
951 534 1079 602 foedere

65 629 158 719 gere?
184 626 280 693 tridui
301 627 361 692 iter
383 627 538 715 expeditis
561 637 637 694 erat.
676 627 796 694 interea
817 629 852 694 in
873 629 1001 696 indutiis
1027 653 1078 698 res
1099 651 1129 701 13

65 726 171 802 uisset,
197 723 298 789 donee
320 720 361 789 ab
378 721 483 788 Roma
503 721 601 810 legati
623 729 678 788 aut
695 722 859 789 victoriam
880 724 943 790 illis
962 734 1079 792 sertam

65 830 95 886 ut
112 839 229 906 paoem
247 816 414 883 adferrent.
447 839 485 882 ea
502 818 630 886 demum
648 817 777 904 sponsio
796 828 889 899 esset,
909 841 1005 905 quam
1021 843 1079 908 po-

65 913 109 979 uli
131 913 225 979 iussu
243 912 534 999 spopondissemus.
571 913 628 978 sed
649 934 752 998 neque
770 935 828 979 vos
847 914 998 981 tulissetis
1017 938 1077 982 neo
1098 938 1130 986 14

65 1032 101 1075 os
115 1007 410 1095 spopondissemus,
423 1029 482 1074 neo
495 1006 545 1074 fas
558 1007 621 1073 fuit
634 1006 731 1073 alium
744 1030 850 1073 rerum
865 1009 984 1074 exitum
998 1031 1078 1088 esse,

65 1126 141 1190 uam
159 1112 194 1168 ut
212 1101 258 1167 illi
275 1102 362 1169 velut
380 1103 503 1169 somnio
520 1103 648 1168 laetiore
666 1125 763 1188 quam
780 1105 866 1189 quod
883 1113 1005 1170 mentes
1024 1127 1078 1171 eo-

65 1221 116 1264 um
138 1218 252 1283 eapere
273 1207 405 1283 possent
431 1198 622 1283 nequiquam
649 1198 850 1264 eluderentur
876 1209 907 1265 et
933 1209 1076 1267 nostrum
1098 1222 1129 1270 15

65 1293 218 1359 xercitum
232 1292 342 1357 eadem
355 1315 436 1378 quae
453 1292 628 1379 inpedierat
640 1292 767 1359 fortuna
780 1294 949 1380 expediret,
964 1317 1079 1361 vanam

65 1387 210 1455 istoriam
231 1386 341 1453 vanior
363 1386 488 1452 inritam
510 1387 628 1478 faceret
649 1412 727 1476 pax,
751 1389 880 1476 sponsio
901 1390 1080 1477 interpone-

65 1492 139 1562 etur,
163 1503 246 1567 quae
268 1481 426 1547 neminem
448 1492 572 1570 praeter
595 1506 781 1571 sponsorem
803 1483 966 1572 obligaret.
1002 1483 1079 1569 quid
1098 1495 1129 1543 16

65 1577 128 1644 nim
145 1575 329 1655 vobiscum,
353 1586 458 1667 patres
478 1579 661 1664 conscripti,
685 1579 762 1665 quid
784 1601 856 1644 oum
877 1578 995 1666 populo
1013 1578 1081 1645 Ro·

65 1695 139 1740 nano
153 1681 260 1738 aetum
278 1672 344 1738 est?
366 1672 437 1758 quis
451 1695 508 1739 vos
523 1674 680 1760 appellare
693 1683 807 1760 potest,
822 1674 893 1759 quis
908 1696 941 1740 se
956 1698 975 1740 a
988 1675 1079 1741 vobis

65 1767 150 1835 ieere
168 1766 355 1853 deceptum?
372 1767 473 1834 hostis
488 1791 529 1834 an
542 1768 641 1834 civis?
657 1768 741 1834 hosti
759 1769 837 1832 nihil
855 1770 1078 1855 spopondistis,

65 1863 149 1930 ivem
170 1862 330 1929 neminem
353 1864 508 1950 spondere
530 1886 589 1950 pro
606 1863 697 1931 vobis
719 1865 866 1930 iussistis.
901 1865 980 1930 nihil
1002 1888 1077 1953 ergo
1098 1881 1129 1928 rt

65 1956 141 2024 'obis
156 1979 216 2023 neo
233 1957 400 2024 nobiseum
419 1967 477 2037 est,
496 1958 611 2044 quibus
630 1959 709 2024 nihil
725 1959 910 2038 mandastis,
927 1981 987 2026 nee
1005 1982 1078 2025 oum

65 2049 264 2131 damnitibus,
287 2075 360 2118 eum
377 2052 492 2139 quibus
511 2053 589 2118 nihil
611 2054 731 2142 egistis.
769 2052 965 2121 Samnitibus
984 2077 1080 2142 spon·
1099 2067 1130 2116 18

65 2168 138 2213 ores
159 2168 220 2211 nos
243 2169 353 2213 sumus
375 2148 421 2213 rei
443 2147 520 2213 satis
541 2148 714 2234 locupletes
731 2149 766 2213 in
781 2150 816 2214 id
833 2150 920 2235 quod
937 2159 1080 2215 nostrum

65 2250 106 2321 st,
123 2241 157 2306 in
171 2240 205 2306 id
217 2241 304 2326 quod
320 2250 479 2329 praestare
496 2264 677 2327 possumus,
692 2264 822 2328 corpora
839 2252 947 2308 nostra
965 2252 996 2307 et
1013 2245 1081 2308 ani-

65 2356 131 2403 nos:
149 2335 185 2401 in
197 2335 277 2402 haee
291 2335 440 2415 saeviant,
454 2336 488 2400 in
500 2336 579 2402 haec
592 2336 720 2416 sermm,
735 2337 768 2402 in
780 2336 859 2403 haee
871 2337 934 2402 iras
953 2347 1076 2402 acuant.

65 2431 133 2517 uod
144 2431 188 2497 ad
200 2430 341 2497 tribunos
356 2430 475 2509 attinet,
490 2432 654 2510 consulite,
672 2442 776 2498 utrum
793 2453 943 2519 praesens
961 2430 1079 2497 deditio
1099 2443 1129 2492 19

65 2546 158 2592 orum
178 2525 248 2592 fieri
269 2526 371 2612 possit
392 2548 433 2591 sn
450 2525 484 2591 in
501 2527 585 2592 diem
603 2527 778 2594 differatur:
805 2549 863 2592 nos
881 2525 1019 2604 interim,
1039 2525 1077 2591 T.

65 2617 162 2686 Veturi
177 2642 300 2705 vosque
317 2620 422 2700 oeteri,
441 2621 517 2687 vilia
533 2620 612 2687 haeo
630 2621 734 2708 capita
749 2619 883 2687 luendae
901 2619 1079 2707 sponsionis
1186 2675 1189 2679 .

65 2718 189 2784 mamus
207 2726 239 2782 et
256 2726 364 2784 nostro
383 2717 537 2805 supplicio
555 2716 725 2784 liberemus
743 2716 889 2783 Romana
906 2714 1012 2781 arma'

111 2809 160 2877 X.
190 2809 296 2877 Movit
317 2821 422 2898 patres
446 2813 640 2900 conscriptos
663 2835 737 2880 eum
759 2834 855 2878 eausa
877 2821 943 2879 tum
961 2819 1112 2890 auotor,1

65 2920 107 2973 feo
119 2915 242 2973 eeteros
256 2907 369 2987 solum,
384 2907 441 2973 sed
455 2906 596 2974 tribunos
610 2907 706 2973 etiam
718 2907 831 2994 plebei,
847 2917 883 2972 ut
895 2929 930 2973 se
943 2907 977 2971 in
991 2928 1082 2972 sena·

65 3022 100 3069 us
118 3000 259 3067 dicerent
277 3000 344 3067 sore
361 3010 558 3088 potestatem.
585 3003 771 3089 magistratu
788 3002 861 3066 inde
875 3024 910 3066 se
924 3001 1081 3086 extemplo
1099 3014 1114 3060 2

65 3092 289 3175 notaverunt,
317 3097 485 3182 traditique
511 3094 669 3162 fetialibus
693 3117 765 3161 oum
787 3095 898 3162 ceteris
922 3093 1080 3160 Caudium

65 3188 194 3257 ludendi.
231 3189 292 3257 hoe
314 3201 441 3257 senatus
465 3192 608 3258 oonsulto
630 3191 714 3258 faeto
731 3190 787 3255 lux
804 3189 959 3274 quaedam
977 3187 1081 3253 adful-

65 3284 131 3353 isse
146 3285 268 3352 civitati
285 3285 355 3352 visa
373 3295 430 3352 est.
465 3285 650 3353 Postumius
668 3285 702 3351 in
720 3307 773 3350 ore
791 3293 871 3363 erat,
890 3306 962 3348 eum
979 3281 1081 3347 laudi·
1098 3292 1113 3341 3

65 3402 109 3445 us
126 3378 171 3447 ad
188 3380 311 3445 eaelum
328 3379 480 3460 ferebant,
499 3380 658 3448 devotioni
674 3379 713 3445 P.
732 3379 826 3445 Decii
844 3376 991 3457 consulis,
1009 3376 1080 3444 aliis

65 3472 143 3543 laris
164 3472 359 3541 facinoribus
382 3475 567 3562 aequabant.
604 3475 770 3541 emersisse
792 3473 950 3539 civitatem
967 3495 1008 3538 ex
1025 3470 1082 3538 ob·
1099 3485 1115 3532 4

65 3569 145 3637 exis
160 3590 241 3657 paee
257 3568 342 3635 illius
360 3570 491 3636 oonsilio
504 3580 536 3636 et
553 3592 657 3658 opera,
675 3569 782 3657 ipsum
796 3590 829 3635 se
843 3566 1033 3636 eruciatibus
1051 3576 1083 3634 et

65 3662 188 3731 ostium
204 3663 270 3730 ime
288 3662 401 3743 offerre
417 3661 603 3750 piaculaque
620 3687 680 3751 pro
697 3663 815 3752 populo
832 3662 978 3729 Romano
996 3662 1081 3728 dare.

65 3780 139 3825 nna
154 3758 261 3827 cuncti
279 3768 423 3845 spectant
440 3767 472 3826 et
488 3759 619 3826 bellum:
646 3782 686 3825 en
705 3781 855 3845 umquam
872 3758 1027 3836 futurum,
1046 3767 1081 3822 ut
1099 3769 1114 3816 5

65 3851 202 3941 ougredi
218 3852 347 3920 minatis
365 3875 438 3919 oum
457 3850 599 3921 Samnite
615 3853 727 3920 liceat?

111 3946 155 4014 In
166 3945 294 4015 civitate
310 3946 358 4015 ira
375 3948 510 4034 odioque
527 3949 657 4016 ardente
675 3949 808 4016 dilectus
824 3969 922 4035 prope
939 3940 1080 4011 omnium
1099 3957 1113 4006 s

65 4042 299 4115 monadorum
320 4043 390 4113 fuit.
425 4045 595 4134 rescriptae
613 4068 654 4112 ex
671 4045 781 4112 eodem
802 4042 1020 4198 miliggpovas
1036 4039 1083 4106 le·
