2566 4524
321 239 441 296 nmen
456 240 512 310 vr,
529 239 572 295 40.
584 238 628 295 41.
647 239 801 312 [aoso]
1017 228 1081 296 347

67 427 112 492 [ue
123 403 206 469 hunc
217 398 336 468 Gaium
344 398 506 464 Licinium
519 397 673 477 consules,
693 397 778 482 quod
790 396 975 486 indignaris,
994 399 1081 483 quod

67 497 253 575 ‚bominaris‚
276 493 405 560 videas?
426 502 481 558 aut
498 492 603 558 omnia
620 493 728 578 accipe
746 501 801 557 aut
817 493 896 557 nihil
912 492 1008 558 sero.”
1042 503 1079 560 ut
1098 515 1130 566 12

67 594 78 658 i
93 593 164 678 quis
182 591 227 668 ei,
250 611 346 675 quem
362 597 474 676 urgeat
491 587 608 666 sames,
631 608 787 652 venenum
803 596 901 673 ponat
918 610 991 653 oum
1009 588 1080 655 cibo

68 697 80 752 t
101 697 156 753 aut
177 685 337 751 abstinere
359 706 398 750 eo
415 683 501 768 quod
518 682 613 748 vitale
631 682 672 748 sit
688 681 797 747 iubeat
812 692 868 748 aut
884 683 1080 750 mortiferum

67 781 134 851 itali
151 778 335 846 admisceat.
371 800 445 865 ergo
460 777 488 843 si
501 785 585 842 esset
597 775 697 842 libera
709 775 789 842 haec
802 776 927 856 civitas,
945 800 1010 843 non
1023 777 1080 842 tibi

67 883 229 960 'requentes
252 872 501 938 succlamassent
524 870 602 937 “abi
622 870 697 936 hinc
719 892 792 936 cum
814 870 1023 938 tribunatibus
1043 891 1080 937 ac

67 967 264 1058 ogationibus
279 965 380 1033 tuisl’'
405 965 501 1052 quid?
518 965 546 1031 si
563 974 599 1030 tu
614 987 679 1031 non
696 965 819 1045 tuleris,
838 967 924 1050 quod
941 989 1080 1033 commo-

67 1068 124 1129 Lum
146 1071 197 1128 est
216 1061 335 1149 populo
357 1060 512 1148 accipere,
538 1082 632 1125 nemo
654 1059 713 1124 erit
736 1059 791 1144 qui
815 1059 896 1125 ferat
920 1061 1018 1126 illud?
1053 1059 1082 1125 si
1100 1081 1131 1128 13

67 1159 120 1242 luis
137 1156 303 1244 patricius,
323 1155 351 1221 si
368 1155 438 1240 quis
454 1193 496 1203 —
514 1155 600 1240 quod
616 1153 663 1218 illi
679 1153 788 1219 volunt
804 1153 990 1221 invidiosius
1008 1179 1079 1225 esse

67 1250 264 1317 -Claudius
287 1249 405 1315 diceret
428 1255 507 1314 “aut
529 1247 634 1313 omnia
656 1248 787 1336 accipite
809 1256 863 1313 aut
884 1248 963 1314 nihil
983 1249 1080 1332 fero‚''

67 1346 123 1430 [uis
140 1354 293 1423 vestrum,
317 1342 472 1427 Quirites,
499 1342 613 1408 ferret?
637 1364 851 1427 numquamne
873 1365 930 1410 vos
952 1367 1003 1411 res
1022 1362 1131 1434 po-.14

67 1441 113 1504 ius
130 1460 226 1524 quam
243 1447 387 1504 auctores
410 1436 607 1524 spectabitis,
622 1436 692 1511 sed
713 1437 818 1502 omnia
840 1459 973 1525 semper,
997 1461 1078 1524 quae

67 1531 252 1620 nagistratus
270 1532 323 1597 ille
340 1532 436 1610 dicet,
456 1530 602 1598 secundis
620 1529 764 1607 auribus,
782 1552 864 1615 quae
881 1530 921 1597 ab
934 1543 1079 1601 nostrum

67 1651 113 1712 [uo
134 1628 292 1705 dicentur,
318 1625 460 1692 adversis
486 1624 666 1711 accipietis?
700 1634 732 1690 at
753 1624 881 1691 hercule
903 1648 1006 1694 sermo
1029 1639 1079 1696 est
1097 1645 1130 1694 15
1239 1653 1240 1656 ¹

67 1723 178 1788 ninime
201 1721 316 1787 civilis:
344 1720 439 1805 quid?
463 1719 586 1807 rogatio
608 1718 709 1806 qualis
732 1727 794 1798 est,
822 1741 917 1804 quam
943 1744 962 1786 a
987 1723 1078 1790 vobis

67 1819 244 1903 ntiquatam
273 1815 499 1904 indignantur?
542 1814 692 1894 sermoni,
724 1812 879 1897 Quirites,
911 1816 1077 1883 simillima.
1133 1865 1136 1870 -

67 1910 245 1979 ‘consules”
273 1911 375 1996 inquit
402 1916 519 1998 “rogo,
553 1931 594 1975 ne
620 1908 711 1974 vobis
738 1930 817 1993 quos
843 1909 947 1975 velitis
973 1910 1078 1977 facere

67 2005 172 2073 iceat”
206 2030 249 2072 an
266 2006 356 2071 aliter
371 2013 475 2092 rogat,
498 2003 553 2089 qui
569 2003 676 2088 utique
695 2003 827 2069 alterum
844 2026 885 2069 ex
901 2004 994 2091 plebe
1011 2005 1079 2071 fieri
1098 2024 1130 2072 16

67 2101 213 2167 busulem
231 2099 318 2166 iubet
335 2122 394 2165 nec
411 2100 491 2165 duos
508 2097 656 2185 patricios
674 2098 801 2164 creandi
817 2108 1005 2186 potestatem
1022 2123 1079 2167 vo-

67 2194 102 2262 tis
122 2194 292 2282 permittit?
322 2195 349 2260 si
370 2194 464 2259 hodie
486 2192 570 2260 bella
592 2192 668 2272 sint,
695 2191 788 2278 quale
809 2192 981 2261 Etruscum
1007 2195 1077 2273 fuit,
1097 2213 1128 2259 17

67 2310 124 2354 um
148 2288 283 2354 Porsina
307 2288 485 2354 Ianiculum
509 2287 637 2366 insedit,
668 2286 761 2372 quale
788 2283 946 2352 Gallicum
971 2288 1076 2366 modo,

67 2404 124 2448 tum
139 2392 264 2470 praeter
279 2381 469 2469 Capitolium
487 2391 581 2466 atque
599 2404 703 2448 arcem
721 2380 827 2446 omnia
843 2381 922 2446 haec
938 2381 1077 2447 hostium

67 2487 151 2556 uant,
170 2487 202 2543 et
219 2477 417 2543 consulatum
435 2499 509 2542 cum
520 2476 581 2543 hoo
593 2476 641 2542 M.
651 2474 749 2541 Furio
763 2485 794 2540 et
807 2475 946 2561 quolibet
960 2475 1021 2541 alio
1039 2498 1079 2541 ex

67 2572 193 2652 tabibus
206 2571 248 2637 L.
262 2571 316 2637 ille
329 2569 458 2638 Sextius
471 2580 605 2659 peteret,
623 2570 799 2658 possetisne
817 2570 912 2649 ferre,
933 2567 1079 2636 Sextium

67 2667 136 2732 raud
155 2691 214 2754 pro
237 2667 333 2734 dubio
355 2667 517 2734 consulem
534 2689 620 2745 esse,
644 2664 814 2732 Camillum
832 2665 871 2730 de
888 2665 1015 2753 repulsa
1032 2665 1080 2729 di-

67 2762 186 2828 nioare?
211 2761 323 2828 hocine
341 2772 391 2829 est
406 2762 440 2828 in
457 2783 625 2828 commune
641 2760 777 2827 honores
795 2782 922 2840 vocare,
944 2769 980 2824 ut
998 2760 1077 2825 duos
1099 2775 1129 2824 18

67 2856 192 2922 ›lebeios
208 2856 278 2921 fieri
295 2855 440 2923 consules
457 2856 564 2934 liceat,
583 2855 663 2921 duos
680 2855 828 2943 patricios
846 2877 911 2921 non
922 2855 1028 2934 liceat,
1047 2864 1079 2920 et

66 2952 184 3017 lterum
201 2974 241 3016 ex
256 2949 349 3036 plebe
367 2950 465 3016 creari
480 2972 611 3017 necesse
630 2950 684 3029 sit,
702 2959 870 3035 utrumque
883 2973 924 3015 ex
936 2950 1078 3039 patribus

67 3045 216 3113 raeterire
234 3045 346 3111 liceat?
362 3067 517 3131 quaenam
534 3044 595 3111 iata
613 3045 761 3124 societas,
780 3066 935 3129 quaenam
953 3067 1080 3110 consor-

67 3142 94 3206 io
107 3139 174 3205 est?
190 3162 303 3227 parum
317 3148 378 3218 est,
398 3139 439 3218 si,
458 3139 548 3205 ouius
565 3161 640 3226 pars
657 3149 712 3205 tua
728 3138 814 3203 nulla
832 3137 935 3202 adhuc
953 3136 1028 3214 fuit,
1045 3136 1080 3200 in

67 3243 170 3301 artem
192 3235 259 3300 eius
281 3234 386 3314 venis,
411 3233 473 3301 nisi
493 3243 615 3321 partem
640 3232 776 3320 petendo
802 3241 903 3298 totum
929 3229 1079 3295 traxeris?

68 3327 193 3395 timeo”
214 3328 316 3413 inquit
339 3334 417 3408 “ne‚
441 3327 469 3395 si
490 3329 571 3395 duos
592 3328 699 3395 licebit
720 3326 819 3394 creari
839 3325 1001 3413 patricios,
1024 3346 1079 3390 ne·
1098 3342 1129 3392 19

67 3425 167 3490 tinem
193 3423 304 3489 creetis
328 3422 516 3509 plebeium.''
551 3423 702 3508 quidest
728 3422 831 3487 dicere
852 3419 952 3486 aliud:
980 3419 1080 3504 “quia

67 3520 197 3606 dignos
214 3527 320 3583 vestra
336 3517 497 3583 voluntate
514 3517 649 3583 creaturi
665 3540 730 3582 non
748 3516 839 3595 estis,
857 3515 1079 3582 necessitatem

67 3613 138 3680 obis
163 3611 290 3677 creandi
311 3634 391 3697 quos
412 3636 476 3679 non
497 3612 592 3677 vultis
614 3611 804 3697 inponam?’'
829 3610 905 3695 quid
928 3611 1077 3695 sequitur,
1096 3627 1130 3677 20

67 3708 107 3775 isi
126 3716 164 3771 ut
182 3728 221 3771 ne
239 3705 426 3773 beneficium
444 3707 572 3792 quidem
588 3704 702 3771 debeat
714 3705 847 3793 populo,
866 3705 894 3771 si
912 3727 984 3770 cum
1002 3704 1080 3769 duo-

67 3825 106 3867 us
125 3800 267 3887 patriciis
284 3824 366 3867 unus
383 3801 508 3889 petierit
524 3799 666 3887 plebeius
684 3809 716 3865 et
732 3800 804 3888 lege
822 3821 871 3878 se,
889 3821 952 3864 non
966 3797 1079 3862 suffra-

67 3896 98 3961 io
119 3907 262 3960 creatum
279 3895 382 3961 dicat?

111 3988 290 4055 XXXXI.
310 3989 384 4075 Quo
393 3991 489 4058 modo
498 3998 714 4076 extorqueant,
723 4011 787 4056 non
795 4009 858 4075 quo
866 3984 960 4051 modo
968 3988 1077 4069 petant
1095 3999 1111 4048 1
