2566 4524
351 270 785 343 LIBsRvn1,s.[ae.340]
1020 267 1086 335 405

121 429 240 515 Clipeis
267 438 359 495 antea
379 429 515 495 Romani
536 431 586 496 usi
609 440 695 509 sunt,
723 432 810 511 dein,
836 443 1006 521 postquam
1029 439 1117 510 sti-3
1234 472 1238 476 -

63 525 207 613 pendiarii
232 523 310 590 sacti
332 532 418 602 sunt,
447 534 537 590 scuta
562 547 619 610 pro
646 525 756 612 clipeis
782 526 895 594 fecere.
941 542 972 596 et
997 533 1085 615 quod

63 630 144 686 mtea
169 619 344 706 phalanges
371 618 489 685 similes
511 619 741 699 Macedonicis,
769 621 831 687 hoo
851 635 963 709 postea
983 628 1084 693 mani-

63 715 185 801 rulatim
203 722 322 779 structa
338 713 422 781 acies
440 714 544 799 coepit
565 737 650 781 esse:
677 725 837 801 postremo
857 717 892 783 in
907 719 1014 805 plures
1033 744 1083 788 or·
1100 743 1117 788 4

63 812 140 877 lines
162 808 408 876 instruebantur.
453 811 529 876 ordo
553 833 729 897 sexagenos
751 812 881 893 milites,
907 814 988 880 duos
1010 837 1083 883 cen-

63 906 206 983 nriones,
229 903 425 970 vexillarium
442 927 541 969 unum
558 903 704 970 habebat.
747 906 849 991 prima
866 907 950 975 acies
967 909 1084 976 hastati
1101 932 1116 978 5

63 1010 153 1078 rant,
180 999 335 1085 manipuli
356 999 548 1082 quindecim,
577 1000 728 1066 distantes
754 1001 836 1066 inter
862 1025 897 1069 se
922 1005 1083 1070 modicum

63 1094 199 1181 patiam.
244 1092 423 1179 manipulus
445 1093 524 1160 levis
547 1094 674 1161 vicenos
692 1094 821 1174 milites,
845 1095 939 1162 aliam
957 1098 1082 1164 turbam

63 1197 247 1256 scutatorum
259 1187 410 1267 habebat3
427 1187 515 1254 leves
533 1199 639 1254 autem
657 1190 711 1273 qui
727 1190 852 1256 hastam
868 1200 990 1258 tantum
1006 1216 1083 1280 gae-
1101 1240 1103 1244 -

63 1306 150 1369 taque
167 1292 314 1369 gererent
331 1282 533 1348 vocabantur.
569 1284 649 1350 haec
665 1284 767 1369 prima
783 1284 871 1351 frons
888 1287 922 1350 in
940 1287 1007 1352 acie
1024 1287 1081 1354 flo-
1100 1307 1122 1355 6·

63 1401 117 1445 em
130 1378 281 1444 iuvenum
294 1377 533 1463 pubescentium
547 1379 588 1443 ad
600 1377 743 1443 militiam
755 1378 901 1445 habebat.
924 1380 1082 1448 robustior

63 1473 124 1538 nde
142 1481 230 1538 aetas
253 1471 383 1538 totidem
405 1472 651 1557 manipulorum,
677 1472 792 1557 quibus
813 1474 1008 1561 principibus
1032 1487 1082 1542 est

63 1588 175 1644 tomen,
191 1566 249 1632 hos
260 1566 480 1652 sequebantur,
496 1568 610 1632 scutati
624 1589 747 1646 omnes,
756 1567 934 1655 insignibus
944 1571 1081 1636 maxime

63 1661 154 1727 rmis.
178 1660 241 1726 hoc
253 1660 381 1747 triginta
393 1660 624 1746 manipulorum
638 1683 751 1748 agmen
766 1661 961 1747 antepilanos
974 1663 1081 1749 appel·
1099 1686 1114 1731 r

63 1754 171 1832 abant,
199 1755 274 1839 quia
296 1754 354 1820 sub
378 1755 477 1841 signis
500 1755 563 1820 iam
585 1755 638 1819 alii
655 1755 836 1839 quindecim
853 1757 978 1822 ordines
996 1758 1080 1823 loca·

63 1858 178 1927 sanun,
206 1870 247 1914 ex
268 1848 383 1932 quibus
406 1849 482 1914 ordo
504 1849 721 1934 unusquisque
739 1858 803 1916 tres
821 1860 925 1935 partes
943 1849 1081 1917 habebat

63 1982 92 1994 -
110 1967 219 2010 earum
239 1966 493 2029 unamquamque
510 1944 644 2031 primam
662 1945 762 2031 pilum
779 1945 935 2012 vocabant
951 1985 994 1996 -
1012 1945 1080 2032 (tri-
1098 1967 1113 2015 8

63 2060 114 2104 >us
131 2059 170 2104 ex
187 2038 310 2104 vexillis
329 2038 501 2104 constabat.
534 2039 685 2105 vexillum
703 2049 829 2107 centum
847 2041 1007 2128 octoginta
1024 2064 1081 2108 sex

63 2132 194 2198 romines
212 2133 323 2218 erant).
358 2133 494 2218 primum
515 2133 663 2198 vexillum
681 2135 803 2201 triarios
823 2135 971 2214 ducebat,
994 2145 1081 2202 vete-

63 2250 160 2293 anum
178 2227 310 2292 militem
328 2237 486 2314 spectatae
503 2228 640 2305 virtutis,
661 2231 835 2293 secundum
852 2230 1002 2307 rorarios,
1021 2231 1081 2294 mi-

63 2342 110 2387 rus
128 2320 252 2390 roboris
271 2331 372 2388 aetate
395 2321 563 2407 factisque,
591 2321 717 2387 tertium
739 2338 904 2401 accensos,
931 2322 1079 2387 minimae
1122 2376 1125 2382 .

63 2412 184 2482 iduciae
206 2438 348 2481 manum:
376 2439 414 2481 eo
436 2425 468 2482 et
483 2417 517 2481 in
533 2424 726 2501 postremam
743 2416 844 2481 aciem
860 2415 1077 2482 reiciebantur.
1142 2409 1147 2416 ’

63 2507 163 2576 thihis
173 2510 335 2576 ordinibus
349 2512 503 2577 exercitus
516 2511 687 2577 instructus
701 2520 794 2588 esset,
809 2509 925 2576 hastati
939 2510 1079 2575 omnium
1097 2529 1112 2575 a

63 2604 143 2670 >rimi
162 2627 306 2692 pugnam
326 2605 456 2671 inibant.
501 2606 529 2674 si
550 2606 666 2672 hastati
686 2605 852 2692 profligare
875 2605 998 2671 hostem
1015 2627 1080 2669 non

63 2707 194 2777 assent,
212 2700 293 2785 pede
305 2721 416 2786 presso
430 2722 484 2766 eos
501 2709 584 2766 retro
602 2700 749 2766 cedentes
766 2700 800 2765 in
815 2697 979 2765 intervalla
997 2698 1080 2764 ordi·
1105 2702 1108 2708 ’

63 2811 127 2860 uun
151 2793 310 2881 principes
335 2795 538 2881 recipiebant.
582 2805 651 2860 tum
670 2795 849 2883 principum
869 2817 978 2883 pugna
999 2802 1079 2872 erat;

63 2889 167 2955 usati
179 2887 400 2974 sequebantur.
423 2890 521 2955 triarii
535 2889 594 2956 sub
604 2891 726 2956 vexillis
741 2890 947 2956 considebant
955 2889 1080 2955 sinistro
1099 2905 1131 2954 10

63 3000 140 3051 rure
156 2993 315 3070 porrecto,
335 2993 425 3053 scuta
441 2984 549 3050 innixa
565 2986 697 3063 umeris,
715 2985 824 3051 hastas
843 2985 1009 3053 suberecta
1026 3006 1080 3050 cu-

63 3079 142 3163 pide
157 3079 293 3144 interra
309 3079 403 3158 fixas,
422 3079 508 3145 haud
526 3101 617 3146 secus
636 3102 730 3163 quam
748 3078 831 3144 vallo
849 3087 958 3164 saepta
974 3077 1080 3141 inhor-

63 3181 136 3236 'eret
150 3173 249 3251 acies,
268 3182 420 3238 tenentes.
448 3173 476 3238 si
489 3173 574 3259 apud
585 3172 742 3260 principes
756 3193 881 3256 quoque
898 3170 984 3234 haud
1002 3168 1077 3233 satis
1098 3185 1128 3232 11

63 3280 200 3353 trospere
217 3278 304 3332 esset
319 3278 507 3354 pugnatum,
527 3267 659 3353 aprima
676 3266 743 3331 acie
760 3266 801 3331 ad
819 3264 942 3329 triarios
961 3261 1079 3328 sensim
1176 3294 1179 3308 .

63 3361 277 3428 aserebantur.
303 3362 461 3428 inderem
479 3361 521 3428 ad
537 3361 659 3426 triarios
671 3360 806 3438 redisse,
825 3380 899 3425 cum
910 3356 1078 3432 laboratur,

63 3455 218 3523 ›roverbio
231 3454 406 3521 increbuit·
421 3455 518 3521 triarii
536 3463 774 3540 consurgentes,
793 3453 849 3518 ubi
865 3452 899 3517 in
915 3449 1079 3516 intervalla
1098 3466 1130 3516 12
1215 3462 1226 3479 ·

63 3552 197 3626 rdinum
211 3571 340 3616 suorum
348 3550 504 3636 principes
514 3558 545 3616 et
553 3549 693 3615 hastatos
705 3548 906 3634 recepissent,
921 3543 1079 3630 extemplo

63 3643 231 3733 cupressis
254 3644 415 3710 ordinibus
438 3644 524 3709 velut
546 3641 732 3709 claudebant
753 3642 821 3707 vias
838 3662 964 3729 unoque
982 3637 1080 3706 conti-
1098 3657 1129 3705 rs

63 3740 138 3807 enti
159 3739 302 3827 agmine,
328 3739 392 3805 iam
412 3739 498 3804 nulla
520 3761 576 3825 spe
597 3745 670 3826 post
690 3737 812 3816 relicta,
834 3737 869 3802 in
890 3736 1014 3802 hostem
1031 3735 1079 3798 in-

63 3828 213 3904 idebant:
230 3833 266 3900 id
279 3843 345 3900 erat
356 3833 684 3901 formidolosissimum
696 3833 788 3911 hosti,
804 3854 877 3899 cum
886 3832 972 3899 velut
979 3829 1079 3895 victos

63 3929 186 3998 meanti
199 3950 315 3995 novam
327 3937 454 4016 repente
467 3929 568 3995 aciem
582 3937 803 4016 exsurgentem
815 3935 940 3994 audam
949 3921 1078 3989 numero

63 4024 232 4093 eruebant.
252 4023 467 4092 scribebantur
479 4034 584 4094 autern
597 4034 744 4110 quattuor
752 4024 817 4090 fere
825 4021 965 4108 legiones
974 4014 1077 4101 quinis
1095 4029 1130 4081 14
