<?xml version="1.0" encoding="UTF-8"?>
<!DOCTYPE html PUBLIC "-//W3C//DTD XHTML 1.0 Transitional//EN"
    "http://www.w3.org/TR/xhtml1/DTD/xhtml1-transitional.dtd">
<html xmlns="http://www.w3.org/1999/xhtml" xml:lang="en" lang="en">
 <head>
  <title>
</title>
<meta http-equiv="Content-Type" content="text/html;charset=utf-8" />
  <meta name='ocr-system' content='tesseract 3.04.00' />
  <meta name='ocr-capabilities' content='ocr_page ocr_carea ocr_par ocr_line ocrx_word'/>
</head>
<body>
  <div class='ocr_page' id='page_1' title='image "./titiliviaburbec01weisgoog_0794.png"; bbox 0 0 2566 4524; ppageno 0'>
   <div class='ocr_carea' id='block_1_1' title="bbox 387 217 1131 299">
    <p class='ocr_par' dir='ltr' id='par_1_1' title="bbox 387 217 1131 299">
     <span class='ocr_line' id='line_1_1' title="bbox 387 217 1131 299; baseline 0.003 -17"><span class='ocrx_word' id='word_1_1' title='bbox 387 225 847 299; x_wconf 79' lang='lat' dir='ltr'>Lmuax,4o.41.[ac.293]</span> <span class='ocrx_word' id='word_1_2' title='bbox 1067 217 1131 286; x_wconf 83' lang='lat'>539</span> 
     </span>
    </p>
   </div>
   <div class='ocr_carea' id='block_1_2' title="bbox 45 385 1159 666">
    <p class='ocr_par' dir='ltr' id='par_1_2' title="bbox 45 385 1159 666">
     <span class='ocr_line' id='line_1_2' title="bbox 99 385 1131 476; baseline -0.001 -19"><span class='ocrx_word' id='word_1_3' title='bbox 99 387 244 457; x_wconf 88' lang='lat' dir='ltr'>humanis</span> <span class='ocrx_word' id='word_1_4' title='bbox 266 385 360 452; x_wconf 89' lang='lat' dir='ltr'>rebus</span> <span class='ocrx_word' id='word_1_5' title='bbox 383 385 485 472; x_wconf 87' lang='lat' dir='ltr'>magis</span> <span class='ocrx_word' id='word_1_6' title='bbox 507 395 688 472; x_wconf 81' lang='lat' dir='ltr'>praesentes</span> <span class='ocrx_word' id='word_1_7' title='bbox 714 386 895 455; x_wconf 72' lang='lat' dir='ltr'>interfuisse</span> <span class='ocrx_word' id='word_1_8' title='bbox 920 388 1010 468; x_wconf 89' lang='lat' dir='ltr'>deos,</span> <span class='ocrx_word' id='word_1_9' title='bbox 1039 391 1131 476; x_wconf 88' lang='lat' dir='ltr'>signa</span> 
     </span>
     <span class='ocr_line' id='line_1_3' title="bbox 45 479 649 550; baseline -0.005 0"><span class='ocrx_word' id='word_1_10' title='bbox 45 498 50 509; x_wconf 93' lang='grc'><strong>“</strong></span> <span class='ocrx_word' id='word_1_11' title='bbox 98 503 210 550; x_wconf 88' lang='lat' dir='ltr'>canere</span> <span class='ocrx_word' id='word_1_12' title='bbox 228 490 260 546; x_wconf 92' lang='lat' dir='ltr'>et</span> <span class='ocrx_word' id='word_1_13' title='bbox 278 480 446 546; x_wconf 90' lang='lat' dir='ltr'>clamorem</span> <span class='ocrx_word' id='word_1_14' title='bbox 464 479 531 547; x_wconf 92' lang='lat' dir='ltr'>tolli</span> <span class='ocrx_word' id='word_1_15' title='bbox 547 479 649 547; x_wconf 89' lang='lat' dir='ltr'>iussit.</span> 
     </span>
     <span class='ocr_line' id='line_1_4' title="bbox 61 572 1159 666; baseline 0.009 -29"><span class='ocrx_word' id='word_1_16' title='bbox 61 626 69 637; x_wconf 76' lang='grc'>,</span> <span class='ocrx_word' id='word_1_17' title='bbox 159 572 338 642; x_wconf 81' lang='lat' dir='ltr'>XXXXI.</span> <span class='ocrx_word' id='word_1_18' title='bbox 369 572 531 641; x_wconf 86' lang='lat' dir='ltr'>Proelium</span> <span class='ocrx_word' id='word_1_19' title='bbox 548 575 751 642; x_wconf 89' lang='lat' dir='ltr'>commissum</span> <span class='ocrx_word' id='word_1_20' title='bbox 765 586 864 655; x_wconf 88' lang='lat' dir='ltr'>atrox,</span> <span class='ocrx_word' id='word_1_21' title='bbox 883 586 1021 644; x_wconf 90' lang='lat' dir='ltr'>ceterum</span> <span class='ocrx_word' id='word_1_22' title='bbox 1033 579 1159 666; x_wconf 84' lang='lat' dir='ltr'>longer</span> 
     </span>
    </p>
   </div>
   <div class='ocr_carea' id='block_1_3' title="bbox 94 669 1252 4060">
    <p class='ocr_par' dir='ltr' id='par_1_3' title="bbox 94 669 1252 4060">
     <span class='ocr_line' id='line_1_5' title="bbox 96 669 1128 758; baseline 0.001 -19"><span class='ocrx_word' id='word_1_23' title='bbox 96 669 276 758; x_wconf 86' lang='lat' dir='ltr'>disparibus</span> <span class='ocrx_word' id='word_1_24' title='bbox 294 669 421 736; x_wconf 87' lang='lat' dir='ltr'>animis:</span> <span class='ocrx_word' id='word_1_25' title='bbox 447 669 609 737; x_wconf 90' lang='lat' dir='ltr'>Romanos</span> <span class='ocrx_word' id='word_1_26' title='bbox 631 671 691 751; x_wconf 88' lang='lat' dir='ltr'>ira,</span> <span class='ocrx_word' id='word_1_27' title='bbox 719 694 807 758; x_wconf 89' lang='lat' dir='ltr'>spes,</span> <span class='ocrx_word' id='word_1_28' title='bbox 835 673 928 739; x_wconf 91' lang='lat' dir='ltr'>ardor</span> <span class='ocrx_word' id='word_1_29' title='bbox 950 675 1128 740; x_wconf 83' lang='lat' dir='ltr'>certaminis</span> 
     </span>
     <span class='ocr_line' id='line_1_6' title="bbox 95 765 1144 853; baseline 0.004 -19"><span class='ocrx_word' id='word_1_30' title='bbox 95 767 207 834; x_wconf 85' lang='lat' dir='ltr'>avidos</span> <span class='ocrx_word' id='word_1_31' title='bbox 233 765 373 831; x_wconf 90' lang='lat' dir='ltr'>hostium</span> <span class='ocrx_word' id='word_1_32' title='bbox 399 765 562 852; x_wconf 80' lang='lat' dir='ltr'>sanguinis</span> <span class='ocrx_word' id='word_1_33' title='bbox 587 765 622 831; x_wconf 92' lang='lat' dir='ltr'>in</span> <span class='ocrx_word' id='word_1_34' title='bbox 641 766 796 851; x_wconf 89' lang='lat' dir='ltr'>proelium</span> <span class='ocrx_word' id='word_1_35' title='bbox 816 768 911 853; x_wconf 86' lang='lat' dir='ltr'>rapit,</span> <span class='ocrx_word' id='word_1_36' title='bbox 940 765 1144 838; x_wconf 86' lang='lat' dir='ltr'>Samnitium.</span> 
     </span>
     <span class='ocr_line' id='line_1_7' title="bbox 95 859 1252 948; baseline 0.001 -20"><span class='ocrx_word' id='word_1_37' title='bbox 95 883 247 948; x_wconf 86' lang='lat' dir='ltr'>magnam</span> <span class='ocrx_word' id='word_1_38' title='bbox 268 867 390 945; x_wconf 88' lang='lat' dir='ltr'>partem</span> <span class='ocrx_word' id='word_1_39' title='bbox 412 859 584 926; x_wconf 83' lang='lat' dir='ltr'>nenessitas</span> <span class='ocrx_word' id='word_1_40' title='bbox 612 881 650 925; x_wconf 89' lang='lat' dir='ltr'>ae</span> <span class='ocrx_word' id='word_1_41' title='bbox 675 859 785 946; x_wconf 87' lang='lat' dir='ltr'>religio</span> <span class='ocrx_word' id='word_1_42' title='bbox 811 861 926 928; x_wconf 86' lang='lat' dir='ltr'>invitos</span> <span class='ocrx_word' id='word_1_43' title='bbox 952 862 1055 948; x_wconf 88' lang='lat' dir='ltr'>magis</span> <span class='ocrx_word' id='word_1_44' title='bbox 1081 885 1131 928; x_wconf 92' lang='lat' dir='ltr'>re-</span> <span class='ocrx_word' id='word_1_45' title='bbox 1249 908 1252 914; x_wconf 94' lang='lat'>-</span> 
     </span>
     <span class='ocr_line' id='line_1_8' title="bbox 96 952 1163 1043; baseline 0.001 -23"><span class='ocrx_word' id='word_1_46' title='bbox 96 954 208 1021; x_wconf 86' lang='lat' dir='ltr'>sistere</span> <span class='ocrx_word' id='word_1_47' title='bbox 226 975 322 1040; x_wconf 88' lang='lat' dir='ltr'>quam</span> <span class='ocrx_word' id='word_1_48' title='bbox 338 952 454 1019; x_wconf 81' lang='lat' dir='ltr'>infame</span> <span class='ocrx_word' id='word_1_49' title='bbox 470 976 612 1041; x_wconf 90' lang='lat' dir='ltr'>pugnam</span> <span class='ocrx_word' id='word_1_50' title='bbox 629 953 723 1041; x_wconf 86' lang='lat' dir='ltr'>cogit.</span> <span class='ocrx_word' id='word_1_51' title='bbox 750 976 810 1020; x_wconf 86' lang='lat' dir='ltr'>nec</span> <span class='ocrx_word' id='word_1_52' title='bbox 827 955 1050 1022; x_wconf 87' lang='lat' dir='ltr'>sustinuissent</span> <span class='ocrx_word' id='word_1_53' title='bbox 1065 956 1128 1043; x_wconf 90' lang='lat' dir='ltr'>pri·</span> <span class='ocrx_word' id='word_1_54' title='bbox 1147 975 1163 1028; x_wconf 78' lang='lat' dir='ltr'>a</span> 
     </span>
     <span class='ocr_line' id='line_1_9' title="bbox 95 1046 1130 1135; baseline -0.001 -20"><span class='ocrx_word' id='word_1_55' title='bbox 95 1071 186 1115; x_wconf 89' lang='lat' dir='ltr'>mum</span> <span class='ocrx_word' id='word_1_56' title='bbox 204 1047 373 1114; x_wconf 84' lang='lat' dir='ltr'>clamorem</span> <span class='ocrx_word' id='word_1_57' title='bbox 395 1057 489 1132; x_wconf 88' lang='lat' dir='ltr'>atque</span> <span class='ocrx_word' id='word_1_58' title='bbox 511 1048 664 1135; x_wconf 90' lang='lat' dir='ltr'>impetum</span> <span class='ocrx_word' id='word_1_59' title='bbox 681 1046 910 1128; x_wconf 87' lang='lat' dir='ltr'>Romanorum,</span> <span class='ocrx_word' id='word_1_60' title='bbox 936 1069 994 1135; x_wconf 92' lang='lat' dir='ltr'>per</span> <span class='ocrx_word' id='word_1_61' title='bbox 1011 1048 1130 1134; x_wconf 77' lang='lat' dir='ltr'>aliquot</span> 
     </span>
     <span class='ocr_line' id='line_1_10' title="bbox 94 1140 1128 1229; baseline 0 -19"><span class='ocrx_word' id='word_1_62' title='bbox 94 1144 160 1210; x_wconf 86' lang='lat' dir='ltr'>iarn</span> <span class='ocrx_word' id='word_1_63' title='bbox 177 1163 278 1210; x_wconf 91' lang='lat' dir='ltr'>annos</span> <span class='ocrx_word' id='word_1_64' title='bbox 295 1140 380 1207; x_wconf 86' lang='lat' dir='ltr'>vinci</span> <span class='ocrx_word' id='word_1_65' title='bbox 397 1141 529 1221; x_wconf 86' lang='lat' dir='ltr'>adsueti,</span> <span class='ocrx_word' id='word_1_66' title='bbox 547 1143 581 1207; x_wconf 92' lang='lat' dir='ltr'>ni</span> <span class='ocrx_word' id='word_1_67' title='bbox 597 1142 753 1229; x_wconf 89' lang='lat' dir='ltr'>potentior</span> <span class='ocrx_word' id='word_1_68' title='bbox 770 1142 850 1209; x_wconf 88' lang='lat' dir='ltr'>alius</span> <span class='ocrx_word' id='word_1_69' title='bbox 867 1151 971 1209; x_wconf 91' lang='lat' dir='ltr'>metus</span> <span class='ocrx_word' id='word_1_70' title='bbox 987 1142 1128 1210; x_wconf 88' lang='lat' dir='ltr'>insidens</span> 
     </span>
     <span class='ocr_line' id='line_1_11' title="bbox 94 1234 1162 1326; baseline 0.004 -22"><span class='ocrx_word' id='word_1_71' title='bbox 94 1234 280 1326; x_wconf 74' lang='lat' dir='ltr'>pectoribus</span> <span class='ocrx_word' id='word_1_72' title='bbox 297 1258 318 1302; x_wconf 89' lang='lat' dir='ltr'>a</span> <span class='ocrx_word' id='word_1_73' title='bbox 338 1235 416 1324; x_wconf 82' lang='lat' dir='ltr'>fuga</span> <span class='ocrx_word' id='word_1_74' title='bbox 437 1235 592 1303; x_wconf 87' lang='lat' dir='ltr'>retineret</span> <span class='ocrx_word' id='word_1_75' title='bbox 628 1236 744 1323; x_wconf 92' lang='lat' dir='ltr'>quippe</span> <span class='ocrx_word' id='word_1_76' title='bbox 765 1238 799 1302; x_wconf 95' lang='lat' dir='ltr'>in</span> <span class='ocrx_word' id='word_1_77' title='bbox 821 1237 920 1304; x_wconf 89' lang='lat' dir='ltr'>oculis</span> <span class='ocrx_word' id='word_1_78' title='bbox 943 1245 1009 1303; x_wconf 90' lang='lat' dir='ltr'>erat</span> <span class='ocrx_word' id='word_1_79' title='bbox 1026 1237 1128 1304; x_wconf 90' lang='lat' dir='ltr'>omnis</span> <span class='ocrx_word' id='word_1_80' title='bbox 1146 1259 1162 1308; x_wconf 79' lang='lat' dir='ltr'>a</span> 
     </span>
     <span class='ocr_line' id='line_1_12' title="bbox 95 1330 1129 1418; baseline 0 -20"><span class='ocrx_word' id='word_1_81' title='bbox 95 1331 150 1398; x_wconf 83' lang='lat' dir='ltr'>ille</span> <span class='ocrx_word' id='word_1_82' title='bbox 167 1330 284 1398; x_wconf 89' lang='lat' dir='ltr'>occulti</span> <span class='ocrx_word' id='word_1_83' title='bbox 300 1339 428 1416; x_wconf 88' lang='lat' dir='ltr'>paratus</span> <span class='ocrx_word' id='word_1_84' title='bbox 447 1331 537 1411; x_wconf 85' lang='lat' dir='ltr'>sacri,</span> <span class='ocrx_word' id='word_1_85' title='bbox 557 1341 588 1397; x_wconf 91' lang='lat' dir='ltr'>et</span> <span class='ocrx_word' id='word_1_86' title='bbox 605 1333 716 1399; x_wconf 87' lang='lat' dir='ltr'>armati</span> <span class='ocrx_word' id='word_1_87' title='bbox 730 1333 908 1399; x_wconf 82' lang='lat' dir='ltr'>sacerdotes</span> <span class='ocrx_word' id='word_1_88' title='bbox 928 1340 959 1398; x_wconf 89' lang='lat' dir='ltr'>et</span> <span class='ocrx_word' id='word_1_89' title='bbox 970 1332 1129 1418; x_wconf 88' lang='lat' dir='ltr'>promisca</span> 
     </span>
     <span class='ocr_line' id='line_1_13' title="bbox 95 1425 1204 1515; baseline 0 -22"><span class='ocrx_word' id='word_1_90' title='bbox 95 1425 262 1493; x_wconf 90' lang='lat' dir='ltr'>hominum</span> <span class='ocrx_word' id='word_1_91' title='bbox 282 1425 503 1511; x_wconf 89' lang='lat' dir='ltr'>pecudumque</span> <span class='ocrx_word' id='word_1_92' title='bbox 526 1435 648 1514; x_wconf 88' lang='lat' dir='ltr'>strages</span> <span class='ocrx_word' id='word_1_93' title='bbox 671 1435 703 1492; x_wconf 92' lang='lat' dir='ltr'>et</span> <span class='ocrx_word' id='word_1_94' title='bbox 724 1448 887 1515; x_wconf 84' lang='lat' dir='ltr'>respersae</span> <span class='ocrx_word' id='word_1_95' title='bbox 904 1425 1001 1492; x_wconf 82' lang='lat' dir='ltr'>fando</span> <span class='ocrx_word' id='word_1_96' title='bbox 1018 1425 1130 1493; x_wconf 83' lang='lat' dir='ltr'>nefan-</span> <span class='ocrx_word' id='word_1_97' title='bbox 1198 1450 1204 1458; x_wconf 89' lang='lat'><em>·</em></span> 
     </span>
     <span class='ocr_line' id='line_1_14' title="bbox 96 1517 1128 1607; baseline 0 -21"><span class='ocrx_word' id='word_1_98' title='bbox 96 1521 204 1607; x_wconf 87' lang='lat' dir='ltr'>doque</span> <span class='ocrx_word' id='word_1_99' title='bbox 220 1517 375 1607; x_wconf 86' lang='lat' dir='ltr'>sanguine</span> <span class='ocrx_word' id='word_1_100' title='bbox 392 1541 464 1586; x_wconf 85' lang='lat' dir='ltr'>arae</span> <span class='ocrx_word' id='word_1_101' title='bbox 487 1529 518 1587; x_wconf 93' lang='lat' dir='ltr'>et</span> <span class='ocrx_word' id='word_1_102' title='bbox 539 1520 607 1586; x_wconf 87' lang='lat' dir='ltr'>dira</span> <span class='ocrx_word' id='word_1_103' title='bbox 628 1521 839 1589; x_wconf 84' lang='lat' dir='ltr'>execratione</span> <span class='ocrx_word' id='word_1_104' title='bbox 861 1520 973 1588; x_wconf 87' lang='lat' dir='ltr'>furiale</span> <span class='ocrx_word' id='word_1_105' title='bbox 991 1542 1128 1600; x_wconf 89' lang='lat' dir='ltr'>carmen,</span> 
     </span>
     <span class='ocr_line' id='line_1_15' title="bbox 96 1612 1129 1703; baseline -0.001 -22"><span class='ocrx_word' id='word_1_106' title='bbox 96 1613 301 1682; x_wconf 84' lang='lat' dir='ltr'>detestandae</span> <span class='ocrx_word' id='word_1_107' title='bbox 318 1612 456 1681; x_wconf 83' lang='lat' dir='ltr'>familias</span> <span class='ocrx_word' id='word_1_108' title='bbox 473 1614 625 1700; x_wconf 80' lang='lat' dir='ltr'>stirpique</span> <span class='ocrx_word' id='word_1_109' title='bbox 642 1616 854 1703; x_wconf 90' lang='lat' dir='ltr'>conpositum:</span> <span class='ocrx_word' id='word_1_110' title='bbox 872 1615 912 1682; x_wconf 91' lang='lat' dir='ltr'>iis</span> <span class='ocrx_word' id='word_1_111' title='bbox 930 1615 1064 1687; x_wconf 74' lang='lat' dir='ltr'>sinordis</span> <span class='ocrx_word' id='word_1_112' title='bbox 1078 1615 1129 1681; x_wconf 83' lang='lat' dir='ltr'>fu·</span> 
     </span>
     <span class='ocr_line' id='line_1_16' title="bbox 97 1706 1173 1797; baseline 0 -22"><span class='ocrx_word' id='word_1_113' title='bbox 97 1730 158 1797; x_wconf 86' lang='lat' dir='ltr'>gae</span> <span class='ocrx_word' id='word_1_114' title='bbox 175 1707 318 1775; x_wconf 84' lang='lat' dir='ltr'>obstricti</span> <span class='ocrx_word' id='word_1_115' title='bbox 334 1706 469 1787; x_wconf 88' lang='lat' dir='ltr'>stabant,</span> <span class='ocrx_word' id='word_1_116' title='bbox 488 1707 590 1774; x_wconf 91' lang='lat' dir='ltr'>civem</span> <span class='ocrx_word' id='word_1_117' title='bbox 607 1709 709 1795; x_wconf 89' lang='lat' dir='ltr'>magis</span> <span class='ocrx_word' id='word_1_118' title='bbox 727 1731 823 1794; x_wconf 88' lang='lat' dir='ltr'>quam</span> <span class='ocrx_word' id='word_1_119' title='bbox 835 1710 959 1797; x_wconf 89' lang='lat' dir='ltr'>hostem</span> <span class='ocrx_word' id='word_1_120' title='bbox 972 1711 1127 1776; x_wconf 88' lang='lat' dir='ltr'>timentes.</span> <span class='ocrx_word' id='word_1_121' title='bbox 1171 1745 1173 1749; x_wconf 95' lang='lat'>·</span> 
     </span>
     <span class='ocr_line' id='line_1_17' title="bbox 96 1800 1164 1889; baseline 0 -19"><span class='ocrx_word' id='word_1_122' title='bbox 96 1804 215 1870; x_wconf 86' lang='lat' dir='ltr'>instare</span> <span class='ocrx_word' id='word_1_123' title='bbox 228 1800 392 1868; x_wconf 89' lang='lat' dir='ltr'>Romanus</span> <span class='ocrx_word' id='word_1_124' title='bbox 406 1825 425 1868; x_wconf 90' lang='lat' dir='ltr'>a</span> <span class='ocrx_word' id='word_1_125' title='bbox 439 1824 536 1868; x_wconf 89' lang='lat' dir='ltr'>cornu</span> <span class='ocrx_word' id='word_1_126' title='bbox 549 1811 690 1889; x_wconf 89' lang='lat' dir='ltr'>utroque,</span> <span class='ocrx_word' id='word_1_127' title='bbox 709 1803 845 1869; x_wconf 88' lang='lat' dir='ltr'>amedia</span> <span class='ocrx_word' id='word_1_128' title='bbox 858 1803 934 1881; x_wconf 85' lang='lat' dir='ltr'>acie,</span> <span class='ocrx_word' id='word_1_129' title='bbox 953 1814 985 1870; x_wconf 89' lang='lat' dir='ltr'>et</span> <span class='ocrx_word' id='word_1_130' title='bbox 998 1804 1128 1870; x_wconf 89' lang='lat' dir='ltr'>caedere</span> <span class='ocrx_word' id='word_1_131' title='bbox 1146 1822 1164 1870; x_wconf 81' lang='lat'>4</span> 
     </span>
     <span class='ocr_line' id='line_1_18' title="bbox 98 1895 1127 1984; baseline -0.003 -20"><span class='ocrx_word' id='word_1_132' title='bbox 98 1898 230 1965; x_wconf 87' lang='lat' dir='ltr'>deorum</span> <span class='ocrx_word' id='word_1_133' title='bbox 247 1895 471 1982; x_wconf 88' lang='lat' dir='ltr'>hominumque</span> <span class='ocrx_word' id='word_1_134' title='bbox 489 1897 635 1964; x_wconf 89' lang='lat' dir='ltr'>attonitos</span> <span class='ocrx_word' id='word_1_135' title='bbox 653 1906 748 1964; x_wconf 87' lang='lat' dir='ltr'>metu</span> <span class='ocrx_word' id='word_1_136' title='bbox 773 1905 966 1984; x_wconf 87' lang='lat' dir='ltr'>repugnatur</span> <span class='ocrx_word' id='word_1_137' title='bbox 980 1898 1127 1983; x_wconf 87' lang='lat' dir='ltr'>segniter,</span> 
     </span>
     <span class='ocr_line' id='line_1_19' title="bbox 96 1989 1161 2080; baseline 0 -19"><span class='ocrx_word' id='word_1_138' title='bbox 96 2002 133 2061; x_wconf 92' lang='lat' dir='ltr'>ut</span> <span class='ocrx_word' id='word_1_139' title='bbox 153 1991 196 2059; x_wconf 89' lang='lat' dir='ltr'>ab</span> <span class='ocrx_word' id='word_1_140' title='bbox 217 1990 270 2070; x_wconf 90' lang='lat' dir='ltr'>iis,</span> <span class='ocrx_word' id='word_1_141' title='bbox 297 2012 376 2076; x_wconf 92' lang='lat' dir='ltr'>quos</span> <span class='ocrx_word' id='word_1_142' title='bbox 398 1991 491 2058; x_wconf 89' lang='lat' dir='ltr'>timor</span> <span class='ocrx_word' id='word_1_143' title='bbox 512 2000 684 2060; x_wconf 87' lang='lat' dir='ltr'>moraretur</span> <span class='ocrx_word' id='word_1_144' title='bbox 705 2015 724 2059; x_wconf 91' lang='lat' dir='ltr'>a</span> <span class='ocrx_word' id='word_1_145' title='bbox 749 1990 836 2080; x_wconf 85' lang='lat' dir='ltr'>fuga.</span> <span class='ocrx_word' id='word_1_146' title='bbox 875 1992 939 2057; x_wconf 90' lang='lat' dir='ltr'>iam</span> <span class='ocrx_word' id='word_1_147' title='bbox 960 1989 1161 2079; x_wconf 73' lang='lat' dir='ltr'>propende</span> 
     </span>
     <span class='ocr_line' id='line_1_20' title="bbox 98 2085 1130 2175; baseline -0.001 -22"><span class='ocrx_word' id='word_1_148' title='bbox 98 2088 193 2175; x_wconf 85' lang='lat' dir='ltr'>signa</span> <span class='ocrx_word' id='word_1_149' title='bbox 210 2085 322 2152; x_wconf 90' lang='lat' dir='ltr'>caedes</span> <span class='ocrx_word' id='word_1_150' title='bbox 339 2095 538 2172; x_wconf 87' lang='lat' dir='ltr'>pervenerat,</span> <span class='ocrx_word' id='word_1_151' title='bbox 565 2108 637 2153; x_wconf 89' lang='lat' dir='ltr'>cum</span> <span class='ocrx_word' id='word_1_152' title='bbox 660 2109 700 2152; x_wconf 91' lang='lat' dir='ltr'>ex</span> <span class='ocrx_word' id='word_1_153' title='bbox 721 2096 900 2156; x_wconf 87' lang='lat' dir='ltr'>transverso</span> <span class='ocrx_word' id='word_1_154' title='bbox 917 2086 1021 2174; x_wconf 88' lang='lat' dir='ltr'>pulvis</span> <span class='ocrx_word' id='word_1_155' title='bbox 1043 2087 1130 2153; x_wconf 79' lang='lat' dir='ltr'>uelut</span> 
     </span>
     <span class='ocr_line' id='line_1_21' title="bbox 96 2179 1128 2270; baseline 0.002 -25"><span class='ocrx_word' id='word_1_156' title='bbox 96 2180 236 2270; x_wconf 82' lang='lat' dir='ltr'>ingentis</span> <span class='ocrx_word' id='word_1_157' title='bbox 262 2179 397 2266; x_wconf 87' lang='lat' dir='ltr'>agminis</span> <span class='ocrx_word' id='word_1_158' title='bbox 427 2179 553 2246; x_wconf 85' lang='lat' dir='ltr'>incessu</span> <span class='ocrx_word' id='word_1_159' title='bbox 583 2189 686 2248; x_wconf 91' lang='lat' dir='ltr'>motus</span> <span class='ocrx_word' id='word_1_160' title='bbox 717 2181 875 2267; x_wconf 81' lang='lat' dir='ltr'>apparuit:</span> <span class='ocrx_word' id='word_1_161' title='bbox 908 2179 965 2267; x_wconf 85' lang='lat' dir='ltr'>Sp.</span> <span class='ocrx_word' id='word_1_162' title='bbox 993 2181 1128 2247; x_wconf 89' lang='lat' dir='ltr'>Nautius</span> 
     </span>
     <span class='ocr_line' id='line_1_22' title="bbox 97 2271 1129 2359; baseline -0.002 -17"><span class='ocrx_word' id='word_1_163' title='bbox 97 2313 142 2326; x_wconf 91' lang='lat'>-</span> <span class='ocrx_word' id='word_1_164' title='bbox 160 2271 332 2342; x_wconf 88' lang='lat' dir='ltr'>Octavium</span> <span class='ocrx_word' id='word_1_165' title='bbox 348 2272 510 2340; x_wconf 88' lang='lat' dir='ltr'>Maecium</span> <span class='ocrx_word' id='word_1_166' title='bbox 526 2275 655 2359; x_wconf 91' lang='lat' dir='ltr'>quidam</span> <span class='ocrx_word' id='word_1_167' title='bbox 673 2297 745 2341; x_wconf 88' lang='lat' dir='ltr'>eum</span> <span class='ocrx_word' id='word_1_168' title='bbox 763 2274 889 2340; x_wconf 85' lang='lat' dir='ltr'>tradunt</span> <span class='ocrx_word' id='word_1_169' title='bbox 906 2311 962 2352; x_wconf 92' lang='lat'>-,</span> <span class='ocrx_word' id='word_1_170' title='bbox 981 2274 1047 2339; x_wconf 88' lang='lat' dir='ltr'>dux</span> <span class='ocrx_word' id='word_1_171' title='bbox 1064 2275 1129 2340; x_wconf 90' lang='lat' dir='ltr'>ala·</span> 
     </span>
     <span class='ocr_line' id='line_1_23' title="bbox 97 2367 1161 2454; baseline -0.001 -17"><span class='ocrx_word' id='word_1_172' title='bbox 97 2367 187 2437; x_wconf 87' lang='lat' dir='ltr'>ribus</span> <span class='ocrx_word' id='word_1_173' title='bbox 205 2367 400 2447; x_wconf 87' lang='lat' dir='ltr'>cohortibus,</span> <span class='ocrx_word' id='word_1_174' title='bbox 423 2379 499 2434; x_wconf 87' lang='lat' dir='ltr'>erat.</span> <span class='ocrx_word' id='word_1_175' title='bbox 534 2369 697 2454; x_wconf 90' lang='lat' dir='ltr'>pulverem</span> <span class='ocrx_word' id='word_1_176' title='bbox 714 2369 865 2434; x_wconf 88' lang='lat' dir='ltr'>maiorem</span> <span class='ocrx_word' id='word_1_177' title='bbox 882 2389 978 2452; x_wconf 91' lang='lat' dir='ltr'>quam</span> <span class='ocrx_word' id='word_1_178' title='bbox 995 2389 1052 2453; x_wconf 90' lang='lat' dir='ltr'>pro</span> <span class='ocrx_word' id='word_1_179' title='bbox 1070 2389 1129 2431; x_wconf 91' lang='lat' dir='ltr'>nu·</span> <span class='ocrx_word' id='word_1_180' title='bbox 1147 2389 1161 2436; x_wconf 83' lang='grc'>6</span> 
     </span>
     <span class='ocr_line' id='line_1_24' title="bbox 97 2461 1127 2533; baseline -0.007 0"><span class='ocrx_word' id='word_1_181' title='bbox 97 2485 186 2533; x_wconf 90' lang='lat' dir='ltr'>mero</span> <span class='ocrx_word' id='word_1_182' title='bbox 199 2461 392 2529; x_wconf 86' lang='lat' dir='ltr'>excitabant:</span> <span class='ocrx_word' id='word_1_183' title='bbox 410 2463 582 2529; x_wconf 90' lang='lat' dir='ltr'>insidentes</span> <span class='ocrx_word' id='word_1_184' title='bbox 595 2464 689 2529; x_wconf 90' lang='lat' dir='ltr'>mulis</span> <span class='ocrx_word' id='word_1_185' title='bbox 703 2463 829 2530; x_wconf 86' lang='lat' dir='ltr'>calones</span> <span class='ocrx_word' id='word_1_186' title='bbox 842 2461 1010 2528; x_wconf 86' lang='lat' dir='ltr'>frondosos</span> <span class='ocrx_word' id='word_1_187' title='bbox 1023 2483 1127 2526; x_wconf 91' lang='lat' dir='ltr'>ramos</span> 
     </span>
     <span class='ocr_line' id='line_1_25' title="bbox 96 2554 1129 2646; baseline -0.006 -21"><span class='ocrx_word' id='word_1_188' title='bbox 96 2580 155 2646; x_wconf 85' lang='lat' dir='ltr'>per</span> <span class='ocrx_word' id='word_1_189' title='bbox 172 2566 287 2624; x_wconf 86' lang='lat' dir='ltr'>terram</span> <span class='ocrx_word' id='word_1_190' title='bbox 304 2556 477 2623; x_wconf 86' lang='lat' dir='ltr'>trahebant.</span> <span class='ocrx_word' id='word_1_191' title='bbox 504 2581 591 2625; x_wconf 87' lang='lat' dir='ltr'>arma</span> <span class='ocrx_word' id='word_1_192' title='bbox 608 2558 760 2646; x_wconf 88' lang='lat' dir='ltr'>signaque</span> <span class='ocrx_word' id='word_1_193' title='bbox 777 2579 834 2644; x_wconf 89' lang='lat' dir='ltr'>per</span> <span class='ocrx_word' id='word_1_194' title='bbox 851 2555 1008 2622; x_wconf 88' lang='lat' dir='ltr'>turbidam</span> <span class='ocrx_word' id='word_1_195' title='bbox 1024 2554 1129 2620; x_wconf 90' lang='lat' dir='ltr'>lucem</span> 
     </span>
     <span class='ocr_line' id='line_1_26' title="bbox 96 2649 1129 2740; baseline -0.005 -21"><span class='ocrx_word' id='word_1_196' title='bbox 96 2650 251 2740; x_wconf 86' lang='lat' dir='ltr'>inprime</span> <span class='ocrx_word' id='word_1_197' title='bbox 269 2650 474 2739; x_wconf 84' lang='lat' dir='ltr'>apparebant3</span> <span class='ocrx_word' id='word_1_198' title='bbox 501 2665 573 2739; x_wconf 92' lang='lat' dir='ltr'>post</span> <span class='ocrx_word' id='word_1_199' title='bbox 595 2652 685 2718; x_wconf 89' lang='lat' dir='ltr'>altior</span> <span class='ocrx_word' id='word_1_200' title='bbox 707 2652 893 2737; x_wconf 89' lang='lat' dir='ltr'>densiorque</span> <span class='ocrx_word' id='word_1_201' title='bbox 915 2649 1018 2736; x_wconf 88' lang='lat' dir='ltr'>pulvis</span> <span class='ocrx_word' id='word_1_202' title='bbox 1041 2649 1129 2734; x_wconf 91' lang='lat' dir='ltr'>equi-</span> 
     </span>
     <span class='ocr_line' id='line_1_27' title="bbox 96 2743 1162 2837; baseline -0.004 -22"><span class='ocrx_word' id='word_1_203' title='bbox 96 2756 168 2815; x_wconf 92' lang='lat' dir='ltr'>tum</span> <span class='ocrx_word' id='word_1_204' title='bbox 195 2745 333 2833; x_wconf 87' lang='lat' dir='ltr'>speciem</span> <span class='ocrx_word' id='word_1_205' title='bbox 358 2746 537 2833; x_wconf 84' lang='lat' dir='ltr'>cogentium</span> <span class='ocrx_word' id='word_1_206' title='bbox 568 2769 682 2834; x_wconf 88' lang='lat' dir='ltr'>agmen</span> <span class='ocrx_word' id='word_1_207' title='bbox 711 2745 815 2837; x_wconf 88' lang='lat' dir='ltr'>dabat.</span> <span class='ocrx_word' id='word_1_208' title='bbox 864 2743 1038 2829; x_wconf 84' lang='lat' dir='ltr'>fefellitque</span> <span class='ocrx_word' id='word_1_209' title='bbox 1064 2764 1162 2811; x_wconf 80' lang='lat' dir='ltr'>nona</span> 
     </span>
     <span class='ocr_line' id='line_1_28' title="bbox 97 2838 1130 2932; baseline -0.008 -21"><span class='ocrx_word' id='word_1_210' title='bbox 97 2839 260 2911; x_wconf 86' lang='lat' dir='ltr'>Samnites</span> <span class='ocrx_word' id='word_1_211' title='bbox 279 2840 383 2920; x_wconf 90' lang='lat' dir='ltr'>modo,</span> <span class='ocrx_word' id='word_1_212' title='bbox 403 2841 460 2906; x_wconf 91' lang='lat' dir='ltr'>sed</span> <span class='ocrx_word' id='word_1_213' title='bbox 477 2842 570 2907; x_wconf 88' lang='lat' dir='ltr'>etiam</span> <span class='ocrx_word' id='word_1_214' title='bbox 586 2843 757 2932; x_wconf 82' lang='lat' dir='ltr'>Romanos,</span> <span class='ocrx_word' id='word_1_215' title='bbox 776 2851 808 2908; x_wconf 90' lang='lat' dir='ltr'>et</span> <span class='ocrx_word' id='word_1_216' title='bbox 825 2838 935 2908; x_wconf 91' lang='lat' dir='ltr'>consul</span> <span class='ocrx_word' id='word_1_217' title='bbox 953 2838 1130 2906; x_wconf 86' lang='lat' dir='ltr'>adfirmavit</span> 
     </span>
     <span class='ocr_line' id='line_1_29' title="bbox 96 2933 1126 3024; baseline -0.003 -21"><span class='ocrx_word' id='word_1_218' title='bbox 96 2957 246 3014; x_wconf 86' lang='lat' dir='ltr'>errorem,</span> <span class='ocrx_word' id='word_1_219' title='bbox 264 2934 427 3014; x_wconf 85' lang='lat' dir='ltr'>clamitans</span> <span class='ocrx_word' id='word_1_220' title='bbox 445 2936 526 3002; x_wconf 90' lang='lat' dir='ltr'>inter</span> <span class='ocrx_word' id='word_1_221' title='bbox 541 2937 643 3021; x_wconf 89' lang='lat' dir='ltr'>prima</span> <span class='ocrx_word' id='word_1_222' title='bbox 660 2938 764 3024; x_wconf 90' lang='lat' dir='ltr'>signa,</span> <span class='ocrx_word' id='word_1_223' title='bbox 782 2937 827 3003; x_wconf 88' lang='lat' dir='ltr'>ita</span> <span class='ocrx_word' id='word_1_224' title='bbox 845 2947 879 3002; x_wconf 89' lang='lat' dir='ltr'>ut</span> <span class='ocrx_word' id='word_1_225' title='bbox 896 2958 959 3002; x_wconf 87' lang='lat' dir='ltr'>vox</span> <span class='ocrx_word' id='word_1_226' title='bbox 976 2936 1070 3002; x_wconf 91' lang='lat' dir='ltr'>etiam</span> <span class='ocrx_word' id='word_1_227' title='bbox 1088 2933 1126 3000; x_wconf 88' lang='lat' dir='ltr'>ad</span> 
     </span>
     <span class='ocr_line' id='line_1_30' title="bbox 95 3028 1129 3116; baseline -0.006 -16"><span class='ocrx_word' id='word_1_228' title='bbox 95 3028 200 3100; x_wconf 90' lang='lat' dir='ltr'>hostis</span> <span class='ocrx_word' id='word_1_229' title='bbox 227 3029 395 3107; x_wconf 90' lang='lat' dir='ltr'>accideret,</span> <span class='ocrx_word' id='word_1_230' title='bbox 422 3039 548 3116; x_wconf 87' lang='lat' dir='ltr'>captum</span> <span class='ocrx_word' id='word_1_231' title='bbox 577 3028 770 3108; x_wconf 85' lang='lat' dir='ltr'>Cominium,</span> <span class='ocrx_word' id='word_1_232' title='bbox 798 3031 949 3095; x_wconf 90' lang='lat' dir='ltr'>victorem</span> <span class='ocrx_word' id='word_1_233' title='bbox 974 3028 1129 3115; x_wconf 85' lang='lat' dir='ltr'>collegam</span> 
     </span>
     <span class='ocr_line' id='line_1_31' title="bbox 96 3121 1128 3210; baseline -0.005 -18"><span class='ocrx_word' id='word_1_234' title='bbox 96 3124 227 3202; x_wconf 82' lang='lat' dir='ltr'>adesse3</span> <span class='ocrx_word' id='word_1_235' title='bbox 258 3123 471 3188; x_wconf 88' lang='lat' dir='ltr'>adniterentur</span> <span class='ocrx_word' id='word_1_236' title='bbox 496 3123 634 3203; x_wconf 74' lang='lat' dir='ltr'>vinomo,</span> <span class='ocrx_word' id='word_1_237' title='bbox 666 3124 849 3210; x_wconf 88' lang='lat' dir='ltr'>priusquam</span> <span class='ocrx_word' id='word_1_238' title='bbox 873 3121 975 3208; x_wconf 89' lang='lat' dir='ltr'>gloria</span> <span class='ocrx_word' id='word_1_239' title='bbox 1000 3121 1128 3187; x_wconf 84' lang='lat' dir='ltr'>alterius</span> 
     </span>
     <span class='ocr_line' id='line_1_32' title="bbox 97 3213 1162 3302; baseline -0.004 -18"><span class='ocrx_word' id='word_1_240' title='bbox 97 3216 257 3284; x_wconf 88' lang='lat' dir='ltr'>exercitus</span> <span class='ocrx_word' id='word_1_241' title='bbox 274 3216 372 3284; x_wconf 88' lang='lat' dir='ltr'>fieret.</span> <span class='ocrx_word' id='word_1_242' title='bbox 403 3217 483 3283; x_wconf 88' lang='lat' dir='ltr'>baec</span> <span class='ocrx_word' id='word_1_243' title='bbox 499 3217 639 3284; x_wconf 88' lang='lat' dir='ltr'>insidens</span> <span class='ocrx_word' id='word_1_244' title='bbox 657 3239 748 3302; x_wconf 90' lang='lat' dir='ltr'>equo.</span> <span class='ocrx_word' id='word_1_245' title='bbox 779 3216 853 3282; x_wconf 87' lang='lat' dir='ltr'>inde</span> <span class='ocrx_word' id='word_1_246' title='bbox 870 3213 1003 3281; x_wconf 89' lang='lat' dir='ltr'>tribunis</span> <span class='ocrx_word' id='word_1_247' title='bbox 1022 3223 1162 3280; x_wconf 85' lang='lat' dir='ltr'>centu-s</span> 
     </span>
     <span class='ocr_line' id='line_1_33' title="bbox 98 3308 1129 3398; baseline -0.005 -19"><span class='ocrx_word' id='word_1_248' title='bbox 98 3309 304 3396; x_wconf 88' lang='lat' dir='ltr'>rionibusque</span> <span class='ocrx_word' id='word_1_249' title='bbox 321 3311 467 3398; x_wconf 88' lang='lat' dir='ltr'>imperat,</span> <span class='ocrx_word' id='word_1_250' title='bbox 486 3324 522 3377; x_wconf 89' lang='lat' dir='ltr'>ut</span> <span class='ocrx_word' id='word_1_251' title='bbox 539 3313 623 3377; x_wconf 86' lang='lat' dir='ltr'>viam</span> <span class='ocrx_word' id='word_1_252' title='bbox 641 3310 798 3397; x_wconf 91' lang='lat' dir='ltr'>equitibus</span> <span class='ocrx_word' id='word_1_253' title='bbox 816 3308 1015 3397; x_wconf 86' lang='lat' dir='ltr'>patefaciant.</span> <span class='ocrx_word' id='word_1_254' title='bbox 1059 3308 1129 3393; x_wconf 89' lang='lat' dir='ltr'>ipse</span> 
     </span>
     <span class='ocr_line' id='line_1_34' title="bbox 100 3401 1129 3491; baseline -0.006 -19"><span class='ocrx_word' id='word_1_255' title='bbox 100 3403 261 3472; x_wconf 77' lang='lat' dir='ltr'>Trebonio</span> <span class='ocrx_word' id='word_1_256' title='bbox 280 3404 491 3490; x_wconf 84' lang='lat' dir='ltr'>Caedicioque</span> <span class='ocrx_word' id='word_1_257' title='bbox 513 3405 724 3491; x_wconf 86' lang='lat' dir='ltr'>praedixerat,</span> <span class='ocrx_word' id='word_1_258' title='bbox 739 3414 800 3484; x_wconf 83' lang='lat' dir='ltr'>ut,</span> <span class='ocrx_word' id='word_1_259' title='bbox 828 3402 883 3470; x_wconf 93' lang='lat' dir='ltr'>ubi</span> <span class='ocrx_word' id='word_1_260' title='bbox 909 3424 944 3469; x_wconf 91' lang='lat' dir='ltr'>se</span> <span class='ocrx_word' id='word_1_261' title='bbox 966 3401 1129 3489; x_wconf 89' lang='lat' dir='ltr'>cuspidem</span> 
     </span>
     <span class='ocr_line' id='line_1_35' title="bbox 99 3497 1129 3586; baseline -0.004 -20"><span class='ocrx_word' id='word_1_262' title='bbox 99 3509 239 3566; x_wconf 88' lang='lat' dir='ltr'>erectam</span> <span class='ocrx_word' id='word_1_263' title='bbox 256 3499 447 3586; x_wconf 88' lang='lat' dir='ltr'>quatientem</span> <span class='ocrx_word' id='word_1_264' title='bbox 465 3499 631 3578; x_wconf 90' lang='lat' dir='ltr'>vidissent,</span> <span class='ocrx_word' id='word_1_265' title='bbox 653 3507 770 3585; x_wconf 83' lang='lat' dir='ltr'>quanta</span> <span class='ocrx_word' id='word_1_266' title='bbox 787 3499 925 3565; x_wconf 85' lang='lat' dir='ltr'>maxima</span> <span class='ocrx_word' id='word_1_267' title='bbox 941 3497 974 3564; x_wconf 85' lang='lat' dir='ltr'>vi</span> <span class='ocrx_word' id='word_1_268' title='bbox 990 3507 1129 3586; x_wconf 85' lang='lat' dir='ltr'>possent,</span> 
     </span>
     <span class='ocr_line' id='line_1_36' title="bbox 99 3593 1163 3680; baseline -0.005 -19"><span class='ocrx_word' id='word_1_269' title='bbox 99 3594 293 3662; x_wconf 86' lang='lat' dir='ltr'>concitarent</span> <span class='ocrx_word' id='word_1_270' title='bbox 310 3594 431 3680; x_wconf 88' lang='lat' dir='ltr'>equites</span> <span class='ocrx_word' id='word_1_271' title='bbox 449 3594 482 3660; x_wconf 90' lang='lat' dir='ltr'>in</span> <span class='ocrx_word' id='word_1_272' title='bbox 499 3593 631 3659; x_wconf 91' lang='lat' dir='ltr'>hostem.</span> <span class='ocrx_word' id='word_1_273' title='bbox 658 3593 699 3659; x_wconf 93' lang='lat' dir='ltr'>ad</span> <span class='ocrx_word' id='word_1_274' title='bbox 711 3602 823 3659; x_wconf 89' lang='lat' dir='ltr'>nutmn</span> <span class='ocrx_word' id='word_1_275' title='bbox 835 3593 940 3660; x_wconf 91' lang='lat' dir='ltr'>omnia</span> <span class='ocrx_word' id='word_1_276' title='bbox 952 3602 989 3660; x_wconf 91' lang='lat' dir='ltr'>ut</span> <span class='ocrx_word' id='word_1_277' title='bbox 1005 3616 1046 3659; x_wconf 88' lang='lat' dir='ltr'>ex</span> <span class='ocrx_word' id='word_1_278' title='bbox 1058 3601 1130 3659; x_wconf 90' lang='lat' dir='ltr'>ante</span> <span class='ocrx_word' id='word_1_279' title='bbox 1149 3609 1163 3657; x_wconf 84' lang='grc'>9</span> 
     </span>
     <span class='ocr_line' id='line_1_37' title="bbox 101 3688 1151 3777; baseline -0.004 -23"><span class='ocrx_word' id='word_1_280' title='bbox 101 3700 288 3776; x_wconf 86' lang='lat' dir='ltr'>praeparato</span> <span class='ocrx_word' id='word_1_281' title='bbox 310 3690 398 3757; x_wconf 89' lang='lat' dir='ltr'>fiunt.</span> <span class='ocrx_word' id='word_1_282' title='bbox 434 3690 613 3777; x_wconf 87' lang='lat' dir='ltr'>panduntur</span> <span class='ocrx_word' id='word_1_283' title='bbox 633 3688 714 3755; x_wconf 89' lang='lat' dir='ltr'>inter</span> <span class='ocrx_word' id='word_1_284' title='bbox 735 3689 859 3756; x_wconf 90' lang='lat' dir='ltr'>ordines</span> <span class='ocrx_word' id='word_1_285' title='bbox 878 3689 961 3768; x_wconf 86' lang='lat' dir='ltr'>viae,</span> <span class='ocrx_word' id='word_1_286' title='bbox 988 3688 1131 3775; x_wconf 81' lang='lat' dir='ltr'>provolat</span> <span class='ocrx_word' id='word_1_287' title='bbox 1149 3721 1151 3725; x_wconf 32' lang='grc' dir='ltr'><em>ν</em></span> 
     </span>
     <span class='ocr_line' id='line_1_38' title="bbox 101 3780 1131 3871; baseline -0.006 -22"><span class='ocrx_word' id='word_1_288' title='bbox 101 3805 202 3867; x_wconf 88' lang='lat' dir='ltr'>eques</span> <span class='ocrx_word' id='word_1_289' title='bbox 220 3793 314 3869; x_wconf 90' lang='lat' dir='ltr'>atque</span> <span class='ocrx_word' id='word_1_290' title='bbox 331 3783 455 3851; x_wconf 82' lang='lat' dir='ltr'>infestis</span> <span class='ocrx_word' id='word_1_291' title='bbox 473 3782 656 3871; x_wconf 90' lang='lat' dir='ltr'>cuspidibus</span> <span class='ocrx_word' id='word_1_292' title='bbox 668 3783 702 3849; x_wconf 94' lang='lat' dir='ltr'>in</span> <span class='ocrx_word' id='word_1_293' title='bbox 714 3783 853 3850; x_wconf 90' lang='lat' dir='ltr'>medium</span> <span class='ocrx_word' id='word_1_294' title='bbox 866 3804 980 3871; x_wconf 87' lang='lat' dir='ltr'>agmen</span> <span class='ocrx_word' id='word_1_295' title='bbox 993 3780 1131 3853; x_wconf 90' lang='lat' dir='ltr'>hostium</span> 
     </span>
     <span class='ocr_line' id='line_1_39' title="bbox 97 3873 1185 3963; baseline -0.01 -16"><span class='ocrx_word' id='word_1_296' title='bbox 97 3876 167 3947; x_wconf 70' lang='lat' dir='ltr'>‚ruit</span> <span class='ocrx_word' id='word_1_297' title='bbox 192 3877 425 3963; x_wconf 90' lang='lat' dir='ltr'>perrumpitque</span> <span class='ocrx_word' id='word_1_298' title='bbox 451 3879 591 3957; x_wconf 89' lang='lat' dir='ltr'>ordines,</span> <span class='ocrx_word' id='word_1_299' title='bbox 625 3899 823 3963; x_wconf 89' lang='lat' dir='ltr'>quacumque</span> <span class='ocrx_word' id='word_1_300' title='bbox 852 3878 1004 3962; x_wconf 91' lang='lat' dir='ltr'>impetum</span> <span class='ocrx_word' id='word_1_301' title='bbox 1034 3873 1129 3939; x_wconf 91' lang='lat' dir='ltr'>dedit.</span> <span class='ocrx_word' id='word_1_302' title='bbox 1180 3874 1185 3884; x_wconf 86' lang='lat'>&#39;</span> 
     </span>
     <span class='ocr_line' id='line_1_40' title="bbox 100 3970 1180 4060; baseline -0.005 -24"><span class='ocrx_word' id='word_1_303' title='bbox 100 3970 223 4044; x_wconf 83' lang='lat' dir='ltr'>instant</span> <span class='ocrx_word' id='word_1_304' title='bbox 240 3970 428 4047; x_wconf 82' lang='lat' dir='ltr'>Volumnius</span> <span class='ocrx_word' id='word_1_305' title='bbox 452 3984 483 4046; x_wconf 83' lang='lat' dir='ltr'>et</span> <span class='ocrx_word' id='word_1_306' title='bbox 505 3971 614 4060; x_wconf 84' lang='lat' dir='ltr'>Scipio</span> <span class='ocrx_word' id='word_1_307' title='bbox 636 3981 667 4039; x_wconf 90' lang='lat' dir='ltr'>et</span> <span class='ocrx_word' id='word_1_308' title='bbox 688 3973 849 4060; x_wconf 88' lang='lat' dir='ltr'>perculsos</span> <span class='ocrx_word' id='word_1_309' title='bbox 872 3978 1021 4035; x_wconf 88' lang='lat' dir='ltr'>sternunt.</span> <span class='ocrx_word' id='word_1_310' title='bbox 1062 3978 1130 4033; x_wconf 86' lang='lat' dir='ltr'>tum</span> <span class='ocrx_word' id='word_1_311' title='bbox 1148 3983 1180 4031; x_wconf 92' lang='lat'>10</span> 
     </span>
    </p>
   </div>
   <div class='ocr_carea' id='block_1_4' title="bbox 0 0 1290 4524">
    <p class='ocr_par' dir='ltr' id='par_1_4' title="bbox 0 0 1290 4524">
     <span class='ocr_line' id='line_1_41' title="bbox 0 0 1290 4524; baseline 0 0"><span class='ocrx_word' id='word_1_312' title='bbox 0 0 1290 4524; x_wconf 95' lang='lat' dir='ltr'> </span> 
     </span>
    </p>
   </div>
  </div>
 </body>
</html>
