2566 4524
385 240 504 295 urana
521 240 564 310 11,
581 240 624 295 13.
637 239 679 294 14.
697 243 734 309 [a.
745 236 847 310 caca]
1092 227 1130 292 77

97 402 219 469 donare
236 397 330 476 dixit,
348 397 419 484 ipsa
436 419 515 481 quos
534 397 629 463 vellet
644 397 772 484 legeret.
806 386 974 483 productis*
985 399 1130 465 omnibus
1150 422 1184 472 ro

100 496 238 584 elegisse
255 491 389 579 inpubes
409 491 530 570 dicitur,
553 492 639 576 quod
655 492 826 579 virginitati
843 491 991 557 decorum
1009 501 1040 558 et
1057 516 1132 559 con-

102 612 197 658 sensu
214 586 363 653 obsidum
380 587 520 670 ipsorum
537 584 698 671 probabile
720 595 800 663 erat,
828 608 898 651 eam
920 595 1054 651 aetatem
1075 609 1133 673 po-

102 684 260 751 tissimum
273 680 399 746 liberari
412 678 452 744 ab
465 680 570 757 hoste,
590 703 671 765 quae
684 681 821 746 maxime
834 690 988 766 oportuna
1000 681 1131 747 iniuriae

101 787 194 844 esset
231 797 310 863 pace
331 775 542 861 redintegrata
559 774 695 840 Romani
716 798 832 840 novam
849 775 883 838 in
899 775 1018 840 femina
1034 776 1133 840 cirtu-
1151 799 1181 848 11

97 882 164 937 tem
186 892 272 936 novo
294 890 408 955 genere
430 867 573 945 honoris,
601 878 703 933 statua
725 869 875 952 equestri,
903 868 1072 935 donavere:
1098 869 1133 934 in

96 989 228 1032 summa
247 986 335 1029 sacra
352 963 405 1027 via
422 963 482 1027 fuit
498 963 602 1048 posita
620 964 710 1050 virgo
726 964 867 1029 insidens
886 987 976 1048 equo.

162 1057 283 1125 Xssll.
318 1056 407 1121 Huic
433 1065 498 1121 tam
523 1067 653 1142 pacatae
678 1058 864 1142 profectioni
886 1057 926 1123 ab
948 1058 1025 1124 urbe
1046 1061 1131 1151 regis
1151 1082 1165 1130 1

94 1152 231 1220 Etrusci
253 1151 424 1216 abhorrens
446 1172 532 1228 mos,
557 1151 689 1216 traditus
717 1151 757 1216 ab
784 1152 933 1235 antiquis,
964 1175 1065 1236 usque
1092 1154 1133 1218 ad

94 1259 242 1314 nostram
260 1255 393 1310 aetatem
411 1245 492 1309 iuter
509 1254 613 1309 cetera
631 1245 793 1310 sollemnia
810 1255 929 1324 manet,
953 1245 1036 1312 bona
1053 1247 1133 1313 Por-

101 1343 194 1407 sinae
213 1341 295 1427 regis
318 1339 484 1404 vendendi.
525 1340 615 1403 cuius
639 1340 791 1426 originem
813 1341 909 1405 moris
932 1363 1061 1407 necesse
1084 1350 1166 1411 esta

102 1446 160 1502 aut
181 1435 257 1500 inter
279 1434 397 1499 bellum
418 1443 526 1498 natam
548 1456 618 1498 esse
641 1457 743 1516 neque
766 1435 916 1499 omissam
933 1435 967 1499 in
982 1458 1060 1521 pace
1080 1446 1133 1500 aut

101 1553 123 1596 a
139 1529 262 1593 mitiore
280 1528 417 1593 crevisse
433 1528 587 1614 principio
605 1550 700 1612 quam
718 1528 769 1593 hic
786 1551 861 1615 prae
882 1551 916 1593 se
929 1529 1011 1595 ferat
1023 1528 1131 1596 titulus
1159 1558 1163 1570 *

97 1623 183 1690 bona
200 1622 356 1686 hostiliter
371 1621 538 1686 vendendi.
564 1622 744 1708 proximum
762 1645 836 1687 vero
855 1631 903 1688 est
921 1646 960 1688 ex
977 1623 1031 1702 iis,
1050 1646 1131 1707 quae
1150 1648 1165 1695 3

96 1720 278 1796 traduntur,
301 1717 467 1784 Porsinam
485 1720 698 1784 discedentem
716 1720 756 1785 ab
774 1720 915 1786 Ianiculo
934 1733 1036 1788 castra
1055 1746 1132 1809 opu-

96 1813 184 1878 lenta
207 1821 358 1877 convecto
381 1836 421 1877 ex
441 1814 625 1898 propinquis
649 1837 686 1878 ac
708 1815 862 1880 fertilibus
880 1816 1026 1881 Etruriae
1048 1818 1131 1882 arvis

97 1915 279 1972 commeatu
293 1907 444 1972 Romanis
463 1909 545 1973 dono
564 1909 703 1986 dedisse,
722 1909 808 1996 inopi
826 1919 893 1974 tum
910 1910 988 1975 urbe
1007 1910 1047 1976 ab
1064 1910 1133 1975 lon-

99 2003 221 2088 ginqua
243 1999 419 2078 obsidione,
449 2023 487 2066 ea
507 2002 636 2079 deinde,
664 2025 703 2067 ne
724 2003 841 2088 populo
864 2004 995 2069 inmisso
1018 2003 1132 2089 diripe-
1150 2023 1166 2070 4

98 2107 208 2160 rentur
224 2094 386 2172 hostiliter,
406 2097 531 2160 venisse
544 2095 690 2179 bonaque
704 2095 858 2162 Porsinae
872 2098 1041 2184 appellata,
1060 2121 1133 2184 gra-

99 2189 175 2253 tiam
203 2187 343 2252 muneris
369 2189 471 2274 magis
499 2189 694 2276 significante
722 2190 810 2255 titulo
838 2213 932 2274 quam
955 2191 1132 2255 auctionem

98 2282 247 2348 fortunae
273 2281 393 2368 regiae,
424 2305 504 2366 quae
531 2305 571 2348 ne
597 2284 631 2347 in
657 2292 845 2368 potestatem
871 2285 998 2368 quidem
1023 2285 1134 2370 populi

98 2377 237 2443 Romani
256 2387 349 2441 esset.
931 2461 934 2464 ῃ

164 2471 299 2539 Omisso
316 2473 461 2538 Romano
482 2473 565 2537 bello
583 2472 730 2549 Porsina,
758 2494 797 2536 ne
820 2471 936 2536 frustra
957 2472 991 2535 in
1008 2495 1046 2536 ea
1062 2473 1132 2537 loca
1151 2495 1167 2541 5

99 2568 257 2631 exercitus
280 2566 434 2631 adductus
457 2566 626 2644 videretur,
655 2588 727 2631 cum
749 2576 837 2651 parte
855 2567 1015 2651 copiarum
1033 2565 1133 2630 filium

99 2660 274 2726 Arruntem
300 2660 441 2726 Ariciam
468 2670 684 2748 oppugnatum
709 2661 813 2724 mittit.
857 2661 958 2746 primo
984 2659 1166 2730 Aricinosc

97 2778 147 2820 res
175 2755 366 2840 necopinata
390 2754 573 2840 perculerat.
611 2755 761 2820 arcessita
787 2754 900 2819 deinde
922 2754 1039 2820 auxilia
1061 2764 1092 2820 et
1114 2779 1133 2820 a

98 2850 227 2914 Latinis
249 2849 374 2935 populis
396 2859 429 2914 et
450 2873 470 2914 a
493 2849 604 2919 Cumis
627 2860 748 2913 tantum
771 2849 840 2934 spei
865 2849 982 2928 fecere,
1004 2858 1040 2914 ut
1066 2850 1132 2915 acie

99 2945 270 3009 decernere
293 2944 454 3008 auderent.
494 2944 613 3030 proeho
634 2944 711 3008 inito
733 2945 813 3008 adeo
835 2945 990 3009 concitato
1012 2944 1133 3029 impetu

103 3056 138 3102 se
154 3039 323 3102 intulerant
339 3037 482 3116 Etrusci,
506 3048 541 3103 ut
558 3039 725 3103 funderent
742 3038 812 3123 ipso
829 3038 957 3102 incursu
974 3036 1131 3102 Aricinos.

106 3130 266 3197 Cumanae
291 3132 449 3211 cohortes,
477 3143 543 3197 arte
566 3133 716 3197 adversus
735 3134 800 3196 vim
819 3154 908 3209 usae,
936 3132 1132 3195 declinavere
1152 3154 1166 3200 7

101 3225 264 3311 paululum
288 3226 450 3310 effuseque
471 3227 627 3313 praelatos
649 3227 756 3292 hostes
780 3225 939 3290 conversis
967 3224 1064 3310 signis
1092 3224 1132 3289 ab

101 3329 190 3407 tergo
209 3323 337 3387 adortae
357 3333 443 3386 sunt:
469 3323 514 3387 ita
530 3324 563 3387 in
580 3324 683 3388 medio
701 3345 798 3408 prope
815 3322 879 3384 iam
896 3320 1030 3384 victores
1049 3321 1133 3386 caesi

102 3413 239 3480 Etrusci.
276 3439 349 3500 pars
368 3416 540 3502 perexigua
563 3418 642 3481 duce
664 3417 795 3493 amisso,
823 3413 1040 3498 quianullum
1061 3437 1133 3498 pro·
1151 3429 1166 3476 8

102 3509 171 3594 pius
191 3510 375 3597 perfugium
392 3521 471 3588 erat,
491 3510 626 3575 Romam
640 3511 774 3574 inermes
788 3519 819 3574 et
837 3509 962 3573 fortuna
980 3518 1011 3572 et
1029 3508 1133 3592 specie

103 3603 282 3688 supplicum
305 3603 401 3668 delati
423 3615 510 3682 sunt,
537 3605 582 3670 ibi
607 3604 744 3690 benigne
772 3603 894 3689 excepti
920 3602 1074 3686 divisique
1100 3603 1134 3665 in

101 3695 248 3782 hospitia.
290 3699 404 3763 curatis
431 3698 612 3763 volneribus
659 3698 711 3762 alii
738 3697 870 3782 profecti
896 3697 1005 3760 domos
1032 3695 1165 3760 nuntiia

100 3790 306 3876 hospitalium
323 3791 559 3870 beneficiorum,
582 3792 697 3857 multos
715 3792 835 3857 Romae
853 3793 1013 3876 hospitum
1030 3790 1134 3854 urbis-

101 3905 162 3967 que
182 3887 296 3951 caritas
315 3887 422 3951 tenuit.
458 3887 507 3953 his
526 3887 613 3952 locus
633 3887 673 3950 ad
690 3885 893 3951 habitandum
912 3887 1018 3961 datus,
1038 3904 1133 3967 quem

103 3976 216 4044 deinde
235 3981 377 4046 Tuscum
394 3981 500 4046 vicum
517 3981 720 4068 appellarunt.
