2566 4524
339 287 645 360 arcessamus.
665 289 818 363 [acceo]
1031 285 1094 352 331

84 443 119 511 ll
129 444 258 510 Furium
271 467 352 511 csse.
379 444 562 514 introductis
576 448 610 513 in
622 458 766 515 senatum
779 450 911 539 captivis
925 476 998 520 cum
1012 453 1095 524 bello
1113 478 1130 528 5

82 539 297 626 persequendos
322 539 521 608 Tusculanos
546 553 652 628 patres
678 545 875 611 censuissent
897 546 1095 634 Camilloque
1157 580 1164 588 ⁸

80 634 106 698 id
118 633 230 700 bellum
247 635 464 715 mandassent,
492 637 666 703 adiutorem
684 638 745 705 sibi
763 640 804 705 ad
821 662 892 706 eam
912 666 980 708 rem
996 668 1096 712 unum

79 728 150 814 petit,
167 729 393 816 permissoque,
412 739 448 796 ut
460 753 500 797 ex
514 730 644 819 collegis
658 742 780 820 optaret
790 739 1001 819 quemvellet,
1021 763 1096 806 con·

80 832 116 890 tra
134 847 221 912 spem
242 825 383 891 omnium
403 826 445 891 L.
468 825 600 892 Fmium
623 828 751 914 optavit.
792 851 856 914 qua
882 833 1128 906 moderationes

78 918 158 986 animi
174 943 247 987 cum
265 920 404 1009 collegae
421 922 538 988 levavit
554 921 727 1003 infamiam,
746 933 812 989 tum
827 926 888 992 sibi
900 927 1032 1014 gloriam
1046 931 1095 995 in-

77 1025 186 1101 gentem
207 1017 339 1104 peperit.
375 1039 434 1082 nee
459 1016 520 1082 fuit
546 1040 617 1083 cum
640 1018 829 1086 Tusculanis
856 1020 988 1088 bellum:
1015 1047 1094 1111 pace

77 1111 215 1177 constanti
232 1112 298 1177 vim
309 1112 486 1177 Romanam
504 1123 678 1192 arcuerunt,
698 1136 793 1199 quam
812 1116 906 1182 armis
924 1140 987 1183 non
1005 1128 1094 1205 pote-

77 1215 139 1271 rant.
172 1205 360 1273 intrantibus
378 1206 456 1272 fines
475 1206 627 1274 Romanis
645 1231 710 1274 non
727 1209 935 1296 demigratum
958 1235 999 1278 ex
1019 1236 1092 1299 pro·
1111 1236 1125 1282 7

77 1298 185 1384 pinquis
213 1301 333 1366 itineris
359 1300 450 1379 locis,
482 1324 547 1367 non
573 1303 675 1368 cultus
706 1326 854 1390 agrorum
883 1305 1090 1387 intermissus,

77 1395 238 1478 patentibus
256 1397 354 1483 portis
377 1395 464 1462 mbis
487 1397 587 1484 togati
608 1397 734 1463 obviam
756 1397 936 1483 frequentes
958 1400 1093 1488 impera
1162 1397 1164 1401 ’

77 1489 178 1557 toribus
196 1513 391 1579 processere,
411 1502 604 1558 commeatus
623 1493 774 1559 exercitui
791 1495 922 1561 comiter
938 1496 971 1561 in
989 1506 1093 1565 eastra

77 1605 107 1650 ex
120 1585 193 1652 urbe
212 1596 300 1652 etex
318 1587 401 1674 agris
420 1585 593 1652 devehitur.
622 1586 785 1667 Camillus,
805 1590 916 1656 castris
934 1600 1006 1656 ante
1020 1614 1093 1678 por·
1109 1612 1125 1660 8

77 1687 113 1746 tas
127 1682 245 1767 positis,
265 1682 416 1748 eademne
434 1680 536 1748 forma
551 1682 650 1769 pacis,
669 1684 801 1767 quaein
820 1685 904 1772 agris
919 1696 1092 1752 ostentare·

77 1782 122 1853 tur,
138 1776 231 1841 etiam
247 1775 329 1842 intra
347 1777 470 1842 moenia
488 1787 582 1856 esset,
602 1776 680 1842 scire
699 1777 839 1870 cupiens,
857 1779 1020 1868 ingressus
1039 1804 1092 1845 ur·
1109 1801 1123 1849 9
1153 1839 1156 1842 ,
1253 1826 1257 1835 .

77 1865 132 1934 bem
144 1870 197 1937 ubi
210 1880 353 1957 patentes
365 1872 476 1938 ianuas
491 1881 523 1938 et
536 1870 673 1938 tabernis
683 1872 799 1958 apertis
813 1873 975 1960 proposita
984 1874 1091 1939 omnia

77 1959 211 2031 inmedio
229 1965 308 2031 vidit
324 1967 523 2052 intentosque
546 1966 674 2054 opifices
698 1988 755 2032 suo
779 1989 935 2053 quemque
954 1969 1041 2054 operi
1060 1977 1091 2034 et

77 2053 149 2125 ludos
170 2061 342 2126 litterarum
365 2070 501 2148 strepere
524 2061 710 2127 discentium
730 2061 864 2128 ¹vocibus
891 2084 928 2128 ac
953 2062 1090 2149 repletas
1173 2124 1180 2134 ,

77 2155 186 2220 semitas
211 2156 292 2220 inter
316 2155 432 2242 vulgus
461 2155 547 2221 aliud
571 2178 740 2242 puerorum
768 2165 799 2220 et
829 2156 996 2222 mulierum
1026 2157 1090 2223 huo

77 2256 151 2332 atque
167 2250 243 2316 illuc
261 2251 415 2330 euntium,
439 2272 502 2335 qua
519 2273 675 2337 quemque
694 2272 823 2316 suorum
840 2272 956 2314 usuum
975 2272 1089 2317 causae

77 2339 186 2423 trent,
210 2344 288 2409 nihil
305 2368 440 2430 usquam
457 2368 521 2411 non
537 2345 660 2431 pavidis
679 2343 788 2421 modo,
812 2342 869 2409 sed
890 2365 930 2408 ne
949 2343 1088 2409 miranti·
1107 2365 1140 2415 lo

77 2460 119 2503 rus
136 2440 263 2524 quidem
281 2439 395 2518 simile,
423 2439 694 2526 circmnspieiebat
711 2437 817 2504 omnia
833 2437 995 2522 inquirens
1014 2461 1089 2503 ocu-

78 2532 113 2611 is,
136 2533 265 2600 ubinam
282 2532 400 2599 bellum
418 2533 545 2613 fuisset3
573 2534 652 2600 adeo
670 2555 729 2599 nec
746 2541 869 2598 amotae
886 2531 932 2596 rei
953 2553 1088 2615 usquam
1107 2554 1139 2601 11

77 2650 118 2694 rec
133 2630 255 2697 oblatae
273 2629 313 2694 ad
331 2638 455 2715 tempus
475 2630 643 2716 vestigium
660 2628 760 2693 ullum
778 2636 857 2707 erat,
882 2627 938 2694 sed
959 2627 1004 2693 ita
1021 2650 1088 2691 om-

77 2723 109 2789 u'a
125 2724 281 2791 constanti
298 2724 465 2810 tranquilla
482 2721 570 2811 pace,
589 2733 624 2788 ut
642 2746 679 2789 eo
697 2723 752 2789 vix
769 2722 855 2788 sama
876 2720 951 2787 belli
968 2721 1089 2808 perlata

77 2818 154 2884 ideri
171 2828 288 2905 posset.

117 2913 251 2979 XXVI.
284 2912 396 2978 Victus
418 2912 515 3000 igitur
535 2912 686 3000 patientia
706 2912 846 2979 hostium
868 2922 1012 2978 senatum
1035 2933 1120 2980 eo-1

77 3033 124 3074 rm
145 3008 252 3074 vocari
273 3007 375 3073 iussit.
412 3007 485 3074 ‘soli
507 3006 635 3086 adhuc,'
660 3007 763 3092 inquit
781 3007 985 3085 ‘Tusculani
1012 3029 1088 3072 vcra

77 3126 143 3167 rma
157 3124 312 3187 verasque
329 3101 422 3180 vires,
442 3101 556 3187 quibus
575 3100 616 3168 ab
629 3101 677 3166 ira
689 3101 905 3166 Romanorum
918 3108 1024 3166 vestra
1038 3112 1087 3164 tu-

77 3195 206 3277 tremini,
225 3197 399 3263 invenistis.
429 3196 473 3262 ite
485 3196 622 3263 Romam
639 3196 681 3261 ad
699 3204 857 3273 senatum3
876 3193 1086 3259 aestimabunt
1104 3215 1119 3262 2

77 3303 168 3371 atres,
187 3301 292 3357 utrum
310 3291 381 3378 plus
396 3300 468 3357 ante
480 3311 600 3377 poenae
614 3314 654 3356 an
668 3312 752 3355 nuno
765 3288 876 3363 veniae
889 3286 991 3354 meriti
1006 3286 1084 3352 sitis.

77 3409 115 3453 on
131 3385 324 3474 praecipiam
340 3385 475 3474 gratiam
492 3385 611 3473 publici
632 3384 790 3451 beneficii:
817 3381 1007 3471 deprecandi
1028 3404 1086 3468 po-

77 3490 198 3548 statem
216 3504 236 3545 a
252 3503 303 3546 me
320 3479 507 3560 habueritis3
528 3478 675 3566 precibus
693 3488 841 3545 eventum
863 3477 977 3545 vestris
995 3499 1086 3542 sena—

77 3601 111 3658 rs,
130 3599 229 3663 quem
246 3576 412 3656 videbitur,
431 3576 538 3644 dabit?
571 3586 740 3663 postquam
756 3576 893 3642 Romam
912 3571 1118 3643 Tusculanis

77 3681 204 3740 {nerunt
226 3682 416 3757 senatusque
438 3671 533 3758 paulo
555 3681 627 3738 ante
653 3670 794 3736 fidelium
817 3670 974 3737 sociorum
999 3689 1085 3732 mae-

77 3791 118 3833 us
135 3766 172 3832 in
188 3767 343 3834 vestibulo
362 3767 467 3833 curiae
485 3776 534 3833 est
551 3775 748 3854 conspectus,
767 3765 845 3831 moti
858 3763 1015 3850 extemplo
1027 3785 1084 3848 pa-

77 3883 112 3927 es
131 3859 240 3928 vocari
257 3855 311 3928 eos
328 3862 392 3928 iam
410 3872 478 3927 tum
494 3861 690 3950 hospitaliter
702 3860 804 3948 magis
822 3883 917 3945 quam
930 3855 1084 3922 hostiliter

77 3977 183 4023 ssere.
652 4018 654 4024 .

113 4050 262 4119 Dictator
285 4051 484 4119 Tusculanus
506 4052 551 4118 ita
571 4050 670 4118 verba
690 4051 779 4117 fecit:
808 4047 935 4134 ‘quibus
962 4041 1116 4110 bellumt
