2566 4524
145 255 210 320 406
408 261 527 320 LIBER
543 261 629 332 VIII,
647 261 672 316 8.
686 260 711 316 9.
730 262 768 330 [a.
777 276 806 314 ιι.
818 275 843 315 c.
852 256 918 330 414]

146 424 272 492 milibus
294 422 450 510 peditum,
478 418 634 504 equitibus
657 419 691 482 in
713 417 854 504 singulas
872 417 1015 504 legiones
1032 416 1151 484 trecenis

147 521 279 587 alterum
305 526 427 583 tantum
454 536 493 580 ex
518 513 636 578 Latino
663 512 780 578 dilectu
809 511 1018 591 adiciebatur,
1053 512 1103 596 qui
1126 533 1152 577 ea

146 621 333 700 tempestate
358 611 466 677 hostes
493 617 582 674 erant
603 607 769 685 Romanis,
798 606 974 690 eodemque
998 607 1098 672 ordine
1119 607 1153 671 in·

97 731 129 779 15
148 715 326 775 struxerant
347 705 456 771 aciem.
499 724 559 767 nec
580 701 695 766 vexilla
718 723 790 767 cum
807 701 932 766 vexillis
950 709 1082 780 tantum,
1100 700 1153 766 uni·

146 803 230 868 versi
246 800 362 867 hastati
379 821 452 872 cum
469 797 615 876 hastatis,
633 796 791 884 principes
804 818 878 862 cum
891 796 1095 883 principibus,
1112 794 1154 863 sed

147 896 287 962 centurio
309 916 435 979 quoque
457 915 530 958 cum
552 892 747 970 centurione,
775 891 803 955 si
826 890 954 957 ordines
978 890 1084 958 turbati
1102 911 1153 956 non

97 1011 129 1060 ιι
148 1000 267 1070 essent,
287 988 535 1056 concurrendum
553 986 614 1053 sibi
631 1008 702 1052 esse
721 985 848 1052 sciebat.
880 987 945 1052 duo
960 987 1052 1073 primi
1061 984 1109 1072 pili
1122 1006 1154 1050 ex

147 1097 278 1171 utraque
300 1085 367 1151 acie
384 1085 465 1150 inter
483 1082 604 1148 triarios
623 1089 724 1158 erant,
746 1080 911 1146 Romanus
930 1102 1062 1167 corpore
1076 1079 1154 1145 haud·

147 1201 305 1264 quaquam
328 1178 403 1244 satis
426 1176 563 1254 validus,
591 1185 730 1242 ceterrun
753 1185 898 1241 strenuus
922 1176 972 1240 vir
998 1175 1154 1262 peritusque

98 1296 129 1343 ιι
148 1275 290 1353 militiae,
309 1273 445 1339 Latinus
458 1271 578 1337 viribus
591 1271 704 1359 ingens
718 1269 913 1354 bellatorque
925 1271 1062 1355 primus,
1079 1269 1154 1335 notis-

97 1387 129 1437 18
149 1370 220 1434 simi
236 1369 319 1434 inter
337 1390 386 1447 se,
410 1367 483 1451 quia
500 1387 592 1451 pares
616 1387 740 1452 semper
761 1364 886 1430 ordines
909 1366 1073 1431 duxerant
1107 1363 1155 1430 Ra

147 1486 241 1530 mano
266 1463 345 1529 haut
371 1461 447 1528 satis
472 1459 582 1526 fidenti
607 1459 726 1525 viribus
753 1461 817 1525 iam
838 1458 962 1526 Romae
989 1459 1154 1547 permissum
1195 1490 1198 1494 ·

148 1567 215 1623 erat
236 1556 277 1622 ab
299 1554 495 1632 consulibus,
523 1563 559 1621 ut
582 1553 856 1621 subcenturionem
879 1553 940 1619 sibi
963 1576 1060 1639 quem
1083 1553 1154 1620 velet
1194 1583 1198 1621 :

79 1725 81 1732 ,
147 1652 278 1740 legeret,
301 1651 357 1737 qui
374 1659 526 1716 tutaretur
543 1672 616 1716 eum
634 1649 673 1716 ab
691 1673 755 1717 uno
773 1650 930 1716 destinato
947 1649 1050 1716 hoste.
1086 1650 1154 1733 isque
1194 1731 1198 1737 Ι

146 1747 269 1812 iuvenis
294 1747 329 1810 in
355 1745 420 1812 acie
447 1744 571 1819 oblatus
598 1767 638 1810 ex
664 1745 844 1810 centurione
869 1744 991 1811 Latino
1018 1743 1155 1810 victoriam
1193 1773 1198 1781 ·

97 1860 129 1908 19
149 1841 227 1906 tulit.
271 1849 447 1928 pugnatum
465 1849 514 1906 est
529 1839 616 1906 haud
632 1839 743 1925 procul
759 1838 918 1905 radicibus
936 1837 1074 1906 Vesuvii
1088 1859 1154 1903 mou
1192 1846 1198 1907 ἱ

148 1936 202 2012 tis,
222 1957 285 2017 qua
301 1935 354 1998 via
371 1934 412 1999 ad
430 1933 576 1999 Veserim
593 1932 723 2000 ferebat.
1193 1994 1198 2000 .

115 2046 129 2092 1
213 2026 325 2091 VIIII.
347 2026 483 2091 Romani
496 2027 640 2093 consules
653 2028 837 2114 priusquam
849 2028 1022 2094 educerent
1034 2026 1154 2093 inaeieu
1193 2060 1198 2091 ς

148 2121 397 2186 immolaverunt.
441 2119 544 2188 Decio
576 2132 671 2210 caput
699 2123 844 2190 iocineris
871 2145 891 2189 a
917 2123 1067 2188 familiari
1089 2129 1155 2208 parts
1191 2149 1198 2189 ι

148 2238 276 2281 caesum
293 2215 452 2303 haruspex
469 2216 582 2281 dicitur
599 2215 789 2282 ostendisse:
813 2216 931 2301 alioqui
949 2226 1108 2303 acceptam
1121 2213 1155 2278 ds
1190 2242 1198 2302 ς

102 2361 104 2367 s
148 2311 285 2376 hostiam
298 2333 382 2390 esse,
402 2309 560 2377 Manlium
573 2312 699 2399 egregie
712 2311 828 2377 litasse.
853 2312 957 2396 ‘atqui
970 2311 1053 2379 bene
1065 2304 1155 2383 habet'

115 2423 129 2470 2
148 2405 249 2490 inquit
266 2405 387 2472 Decius
408 2407 450 2472 ‘si
468 2405 508 2471 ab
527 2406 648 2492 collega
664 2406 788 2471 litatum
806 2406 872 2472 est!
902 2407 1079 2484 instructis,
1097 2406 1155 2470 sicut

149 2508 221 2565 ante
239 2500 357 2566 dictum
375 2510 436 2579 est,
461 2499 621 2565 ordinibus
639 2523 820 2586 processere
838 2501 871 2565 in
889 2501 1001 2566 aciem.
1038 2499 1154 2566 Manlia
1189 2528 1198 2569 :

114 2609 129 2657 3
148 2595 272 2673 dextro,
291 2595 412 2661 Decius
430 2595 522 2660 laevo
540 2617 636 2660 cornu
653 2605 804 2681 praeerat.
831 2595 933 2680 primo
952 2596 1107 2680 utrimque
1121 2613 1154 2658 aa·
1191 2624 1198 2643 ι

148 2690 219 2772 quis
250 2688 384 2767 viribus,
421 2690 532 2755 eodem
558 2689 668 2755 ardore
694 2691 871 2755 animorum
896 2690 1087 2776 gerebantur
1109 2708 1153 2761 req
1189 2719 1198 2760 ;

148 2784 261 2846 deinde
280 2782 319 2847 ab
342 2783 433 2848 laevo
457 2805 554 2848 cornu
575 2783 690 2850 hastati
707 2784 857 2862 Romani,
883 2806 950 2850 non
972 2782 1154 2850 ferentesir
1189 2813 1197 2855 2

114 2875 343 2961 spressionem
360 2877 562 2956 Latinorum,
586 2901 620 2943 se
639 2879 679 2944 ad
695 2879 853 2964 principes
870 2901 1029 2966 recepere.
1069 2881 1101 2944 in
1114 2877 1153 2942 ha
1189 2910 1198 2951 t

149 2969 355 3054 trepidatione
372 2968 493 3037 Decius
516 2972 627 3038 consul
643 2973 691 3038 M.
711 2973 873 3040 Valerium
895 2997 1016 3061 magna
1035 2995 1109 3040 voce
1123 2971 1153 3035 iu·
1189 2985 1198 3044 ζ

148 3063 275 3129 clamat:
300 3065 456 3132 ‘deorum'
473 3068 574 3151 inquit
592 3073 679 3154 ‘ope,
699 3067 819 3146 Valeri,
844 3091 924 3155 opus
943 3079 1008 3134 est:
1032 3067 1152 3157 agedum
1190 3103 1198 3138 ι

147 3168 223 3244 pont
211 3158 291 3224 tifex
307 3158 453 3247 publicus
470 3161 579 3247 populi
592 3162 741 3240 Romani,
758 3184 846 3248 praer
835 3161 975 3242 verba,
996 3163 1107 3248 quibus
1120 3175 1152 3224 ιιι
1192 3167 1198 3227 3

114 3270 204 3338 apro
225 3252 403 3364 legionibus
426 3255 618 3321 devoveam'
652 3267 728 3342 pont
717 3256 795 3322 tifex
817 3279 890 3322 eum
908 3265 1020 3344 togam
1036 3264 1153 3345 praeter·
1190 3285 1198 3327 ε

147 3355 213 3411 tam
231 3369 354 3414 sumere
371 3349 464 3414 iussit
482 3358 512 3414 et
530 3350 632 3415 velato
600 3352 765 3436 tcapite,
784 3374 880 3416 manu
894 3351 1006 3418 subter
1019 3341 1152 3439 togamd
1189 3381 1196 3423 ι

4 3458 7 3463 ·
42 3527 44 3530 v
147 3448 289 3504 mentum
311 3452 434 3508 exserta
456 3452 585 3529 supert
572 3445 669 3510 telum
692 3444 812 3510 subiect
800 3453 867 3509 tum
884 3445 1024 3532 pedibus
1044 3453 1152 3512 stantem
1190 3436 1198 3519 ὲ,

118 3533 199 3597 asic
216 3533 332 3599 dicere.
353 3535 456 3615 ‘Iane,
475 3537 626 3623 Iuppiter,
645 3536 845 3624 Marstpater,
866 3537 1018 3621 Quirine,
1036 3539 1151 3606 Bellona
1190 3568 1198 3613 ι,

149 3627 266 3706 Lares,
286 3628 350 3694 divi
363 3629 563 3712 Novensiles,
583 3633 615 3698 di
628 3633 804 3721 Indigetes,
823 3635 888 3699 divi
902 3658 1040 3720 quorum
1057 3644 1101 3701 est
1113 3650 1152 3716 ptr
1191 3662 1198 3709 t

147 3730 245 3788 testas
268 3733 445 3792 nostrorum
466 3726 547 3793 host
526 3737 680 3812 t,1umque
704 3729 810 3814 diique
827 3752 952 3809 manes,
978 3753 1036 3796 vos
1058 3743 1151 3833 pretor
1191 3755 1198 3815 ι

115 3835 129 3880 ι
147 3838 287 3897 veneror,
305 3820 431 3886 veniam
447 3831 521 3908 peto
539 3822 682 3908 feroque,
706 3823 753 3888 uti
769 3823 888 3909 populo
906 3779 1054 3891 Rdmano
1071 3813 1152 3904 Quiri·
1192 3852 1198 3896 τ,

67 3983 69 3986 ,
146 3912 227 3978 tium
244 3914 323 3992 vim,
342 3915 505 3983 victoriam
521 3919 711 4004 prosperetis
728 3918 900 4003 hostesque
917 3921 1029 4006 populi
1042 3905 1152 3985 mmm
1196 3946 1198 3984 ;

113 4004 318 4088 sQuiritium
344 4018 472 4090 terrore,
504 4012 671 4080 formidine
698 4021 858 4098 morteque
885 4015 1052 4081 adficiatis.
1092 4008 1152 4074 aaut
1196 4039 1198 4097 ς
