2566 4524
392 215 509 272 LIBER
524 213 553 285 1,
572 214 665 268 ra1s.
686 210 836 282 [acuo]
1085 193 1126 259 21

91 386 203 446 carent
221 374 439 459 iuberentque,
457 380 492 437 ut
511 380 638 436 senatus
657 371 846 447 decerneret,
869 367 924 451 qui
940 366 1062 431 Romae
1078 387 1129 431 re-

139 481 218 538 aret.

93 497 138 561 gn
158 562 292 630 XVIIL
328 562 442 627 Inclita
464 561 583 624 iustitia
604 559 777 644 religioque
800 579 838 621 ea
860 564 1045 641 tempestate
1061 553 1162 621 Nu-1

95 682 166 724 mae
182 657 324 743 Pompili
343 665 418 720 erat.
452 653 590 720 Curibus
610 651 738 718 Sabinis
755 651 918 716 habitabat
936 649 1131 715 consultissi-

96 777 165 818 mus
184 753 249 830 vir,
278 760 312 815 nt
332 750 367 814 in
387 749 441 814 illa
463 749 630 832 quisquam
654 767 723 810 esse
742 756 843 809 aetate
865 754 1000 831 poterat,
1028 744 1132 810 omnis

95 847 195 913 divini
214 856 309 929 atque
325 844 456 909 humani
473 844 559 907 iuris.
596 851 754 906 auctorem
774 840 932 905 doctrinae
951 841 1033 919 eius,
1056 841 1131 924 quia
1149 858 1164 905 2

93 964 158 1007 non
177 949 266 1004 extat
283 938 377 1016 alius,
403 936 486 1002 falso
505 935 649 1002 Samium
666 934 882 1021 Pythagoram
901 937 1009 1015 edunt,
1037 958 1132 1020 quem

96 1034 212 1102 Servio
235 1033 341 1097 Tullio
362 1041 514 1118 regnante
531 1031 654 1096 Romae
676 1039 803 1094 centum
825 1031 959 1115 amplius
982 1043 1055 1116 post
1076 1053 1132 1095 an·

94 1152 154 1194 nos
172 1128 207 1192 in
224 1126 335 1190 ultima
351 1125 462 1190 Italiae
480 1148 535 1190 ora
553 1126 636 1189 circa
648 1124 869 1209 Metapontum
879 1124 1131 1208 Heracleamque

96 1233 127 1288 et
146 1220 320 1286 Crotonem
336 1219 486 1283 iuvenum
504 1219 729 1283 aemulantium
744 1219 848 1282 studia
861 1228 968 1283 coetus
981 1217 1132 1284 habuisse

98 1324 230 1381 constat
275 1336 316 1377 ex
342 1313 456 1397 quibus
482 1313 573 1390 locis,
607 1314 666 1377 etsi
698 1313 839 1377 eiusdem
866 1313 977 1378 aetatis
1008 1313 1165 1392 fuissete

96 1431 177 1493 quae
195 1408 284 1473 fama
299 1408 334 1471 in
348 1405 505 1474 Sabinos?
521 1417 576 1473 aut
589 1430 652 1491 quo
669 1407 797 1493 linguae
815 1408 1004 1472 commercio
1022 1430 1133 1492 quem-

97 1525 193 1587 quam
210 1502 253 1566 ad
272 1501 474 1586 cupiditatem
496 1502 637 1567 discendi
660 1501 828 1566 excivisset
850 1524 953 1586 quove
975 1501 1133 1588 praesidio

96 1620 179 1661 unus
196 1617 255 1681 per
272 1604 318 1660 tot
335 1607 445 1682 gentes
464 1597 608 1661 dissonas
632 1617 775 1660 sermone
797 1597 1000 1681 moribusque
1021 1620 1133 1683 perve-

96 1691 215 1756 nisset?
243 1701 354 1776 suopte
371 1691 467 1776 igitur
483 1690 610 1778 ingenio
628 1700 836 1775 temperatum
854 1691 993 1756 animum
1011 1693 1132 1758 virtuti-
1149 1711 1167 1756 4

97 1784 156 1850 bus
176 1784 277 1849 fuisse
295 1784 406 1870 opinor
426 1785 529 1870 magis
552 1785 801 1868 instructumque
823 1807 888 1849 non
910 1795 975 1850 tam
993 1789 1132 1874 peregri-

96 1879 145 1944 nis
164 1877 300 1955 artibus,
327 1901 422 1963 quam
439 1879 605 1964 disciplina
622 1879 731 1945 tetrica
752 1902 790 1945 ac
808 1878 889 1944 tristi
910 1891 1052 1945 veterum
1072 1881 1134 1948 Sa-

97 1973 254 2050 binorum,
273 1995 336 2057 quo
353 1996 468 2060 genere
485 1973 607 2039 nullum
625 1975 783 2058 quondam
801 1974 1010 2060 incorruptius
1028 1977 1098 2043 fuit.

159 2066 284 2131 Audito
301 2067 427 2132 nomine
443 2067 567 2132 Numae
584 2079 689 2153 patres
707 2068 853 2148 Romani,
873 2093 1064 2156 quamquam
1081 2074 1129 2138 in-
1148 2090 1169 2140 5·

97 2160 207 2225 clinari
233 2182 310 2246 opes
337 2161 378 2226 ad
404 2159 541 2228 Sabinos
572 2184 647 2248 rege
674 2162 746 2227 inde
775 2175 901 2251 sumpto
933 2167 1129 2249 videbantur,

97 2264 203 2320 tamen
225 2277 328 2339 neque
351 2278 386 2322 se
407 2252 575 2342 quisquam
601 2278 660 2322 nec
685 2257 831 2324 factionis
854 2282 930 2325 suae
953 2262 1049 2326 alium
1071 2285 1130 2327 nec

97 2349 233 2434 denique
251 2362 376 2436 patrum
393 2361 447 2417 aut
465 2352 581 2416 civium
603 2373 793 2436 quemquam
814 2353 972 2438 praeferre
994 2357 1040 2420 illi
1061 2356 1129 2420 viro

96 2445 181 2523 ausi,
210 2445 251 2510 ad
269 2468 366 2511 unum
384 2468 494 2511 omnes
512 2445 635 2511 Numae
652 2445 810 2531 Pompilio
831 2470 965 2534 regnum
987 2450 1131 2514 deferen-

96 2538 174 2605 dnm
201 2541 381 2606 decernunt.
421 2541 554 2620 accitus,
583 2542 664 2607 sicut
689 2541 845 2607 Romulus
872 2553 1025 2629 augurato
1053 2542 1163 2610 urbes

97 2635 263 2701 condenda
283 2659 416 2723 regnum
438 2638 570 2723 adeptus
594 2647 655 2714 est,
684 2637 781 2708 dese
808 2660 934 2722 quoque
956 2639 1032 2706 deos
1056 2663 1130 2706 con-

97 2731 156 2795 soli
174 2731 279 2796 iussit.
310 2731 383 2798 inde
400 2730 441 2798 ab
463 2754 597 2819 augure,
625 2732 676 2796 cui
697 2732 810 2798 deinde
828 2733 955 2799 honoris
978 2757 1053 2822 ergo
1071 2759 1130 2822 pu-

45 2876 50 2903 ,
97 2815 215 2882 blisum
240 2817 275 2882 id
299 2828 548 2904 perpetuumque
576 2818 784 2884 sacerdotium
809 2819 883 2897 fuit,
915 2821 1070 2887 deductus
1096 2824 1130 2887 in

45 2980 49 3007 f
99 2934 217 2990 arcem,
239 2911 274 2976 in
289 2911 395 2998 lapide
412 2914 454 2979 ad
471 2913 633 2979 meridiem
650 2936 760 2979 versus
780 2915 931 2980 consedit.
967 2939 1070 3003 augur
1087 2919 1162 2989 adr

97 3005 221 3072 laevam
238 3007 307 3074 eius
325 3008 427 3094 capite
444 3008 548 3074 velato
571 3010 679 3075 sedem
701 3010 796 3095 oepit,
825 3010 935 3075 dextra
956 3034 1052 3076 manu
1073 3011 1130 3077 ba

45 3128 53 3187 q
99 3105 205 3168 culum
222 3103 290 3168 sine
307 3104 392 3168 nodo
414 3104 572 3169 aduncum
593 3116 717 3182 tenens,
745 3127 840 3188 quem
857 3105 969 3169 lituum
992 3106 1131 3191 appella

98 3207 179 3263 runt.
215 3197 290 3264 inde
307 3197 363 3264 ubi
389 3209 558 3285 prospectu
574 3199 608 3263 in
625 3199 736 3265 urbem
754 3221 928 3286 agrumque
946 3214 1037 3285 capto
1052 3201 1129 3266 deos

45 3298 47 3361 J
99 3303 243 3378 precatus
283 3293 430 3380 regiones
452 3293 493 3359 ab
519 3293 637 3358 oriente
663 3295 704 3358 ad
726 3316 874 3358 occasum
901 3294 1128 3374 determinavit,

45 3396 48 3403 '
100 3387 224 3454 dextras
251 3388 294 3454 ad
320 3388 483 3454 meridiem
508 3400 629 3476 partes,
665 3389 771 3454 laevas
802 3390 843 3455 ad
874 3390 1129 3475 septemtrionem

45 3486 47 3497 '
102 3504 167 3550 esse
184 3485 281 3566 dixit,
309 3485 436 3572 signum
454 3495 574 3563 contra,
602 3484 706 3569 quoad
722 3484 906 3570 longissime
925 3497 1128 3571 conspectum
1146 3506 1162 3557 8

100 3579 178 3646 oculi
195 3578 351 3658 serebant,
370 3580 474 3658 animo
492 3580 606 3656 finivit3
625 3590 701 3656 tum,
720 3579 796 3643 lituo
813 3579 847 3643 in
863 3579 986 3644 laevam
1000 3603 1130 3645 manum

100 3676 264 3754 translat0,
291 3675 403 3742 dextra
423 3675 457 3741 in
478 3684 573 3762 caput
589 3673 712 3739 Numae
734 3674 895 3759 imposita,
922 3686 1067 3760 precatus
1085 3675 1131 3739 ita

99 3780 158 3835 cst:
182 3769 343 3856 ‘Iuppiter
359 3778 462 3856 poter,
486 3770 514 3834 si
536 3781 584 3834 est
600 3769 650 3833 fas
672 3768 756 3833 bunc
773 3767 910 3833 Numam
926 3768 1128 3855 Pompilium,
1148 3787 1163 3836 9

98 3864 186 3930 ouius
205 3885 268 3952 ego
287 3872 383 3950 caput
404 3874 510 3943 teneo,
537 3885 645 3950 regem
662 3862 784 3928 Romae
807 3885 890 3942 esse,
917 3864 964 3928 uti
986 3874 1020 3927 tu
1039 3863 1131 3948 signa

98 3957 188 4026 nobis
216 3967 304 4025 certa
330 3957 516 4025 adclarassis
542 3959 623 4025 inter
645 3980 699 4024 eos
721 3958 814 4037 fines,
842 3980 921 4040 quos
943 3956 1024 4022 feci!
1060 3965 1129 4023 tum
