2566 4524
212 264 274 329 132
449 272 566 327 arana
583 270 640 341 111,
660 271 685 325 ι
699 270 725 325 a
744 274 782 340 [a.
791 288 819 326 u.
829 287 852 325 ι.
862 271 921 325 ιιι
935 269 999 339 aas]

209 433 318 521 ignota
340 431 507 517 capitat
463 429 525 494 late
508 438 663 519 evagata
686 438 734 495 est
755 428 804 492 via
822 426 949 492 morbi
940 448 1097 513 inopsque
1115 436 1224 493 senatus

210 528 320 593 auxilii
336 524 466 589 humani
484 524 524 588 ad
542 524 619 587 daos
637 520 789 608 populum
806 542 843 585 ao
860 531 935 586 vota
952 522 1060 586 vertit.
1078 521 1157 588 iussi
1170 544 1227 587 cum

211 621 398 708 coniugibus
417 642 454 683 ac
472 618 577 683 liberis
597 616 832 702 supplicatum
823 638 868 680 ire
881 638 1056 701 pacemque
1072 638 1229 703 exposcere

176 737 193 784 s
211 719 315 782 deum.
348 715 388 779 ad
401 715 448 792 id,
467 713 552 796 quod
570 735 628 775 sua
645 733 801 818 quemque
819 709 903 775 mala
920 709 1091 796 cogebant,
1111 711 1230 777 auctori

211 821 275 877 tate
293 808 419 894 publica
437 806 571 883 evocati,
597 805 702 870 omnia
720 804 851 869 delubra
867 803 996 890 inplent.
1033 814 1153 871 stratae
1173 820 1273 892 pas·
1269 850 1273 883 ,

174 904 272 970 sim
298 914 428 980 matres,
460 900 642 966 crinibust
629 899 746 985 templa
771 908 944 978 verrentes,
975 899 1103 965 veniam
1130 900 1233 967 iram
1269 886 1273 993 1

212 998 394 1064 caelestium
411 997 570 1079 finemque
587 994 668 1080 pesti
687 1002 870 1079 exposcunt.

179 1113 193 1160 1
276 1089 371 1155 VIII.
411 1090 490 1153 Inde
512 1088 676 1197 paulatim,
704 1110 761 1152 seu
783 1109 861 1173 pace
883 1088 978 1152 deum
999 1087 1169 1174 impetrata
1188 1108 1273 1157 seu
1268 1032 1273 1129 l

211 1185 357 1272 graviore
379 1193 518 1269 tempore
542 1183 615 1248 anni
636 1183 700 1247 iam
723 1182 891 1246 oircumaot
893 1204 926 1260 ο,
879 1181 1102 1248 tdefuncta
1130 1181 1236 1249 morbis

212 1302 343 1365 corpora
362 1279 535 1344 salubriora
553 1300 623 1342 esse
641 1277 791 1362 incipere,
810 1276 974 1361 versisque
992 1277 1107 1342 animis
1125 1277 1188 1344 iam
1203 1276 1237 1342 ad

179 1395 194 1441 ι
211 1372 370 1461 publicam
390 1396 510 1451 curam,
530 1395 603 1437 cum
621 1371 740 1455 aliquot
755 1372 935 1458 interregna
952 1371 1110 1450 exissent,
1129 1371 1169 1437 P.
1181 1370 1237 1436 Va·

211 1468 308 1532 larius
325 1466 491 1531 Publicola
513 1467 603 1531 tertio
626 1467 676 1530 die
698 1488 794 1549 quam
811 1466 1024 1553 interregnum
1042 1465 1158 1531 inierat
1174 1487 1237 1531 mn·

214 1562 298 1626 sules
326 1571 410 1625 creat
436 1562 477 1625 L.
505 1561 690 1625 Lucretium
717 1559 936 1644 Tricipitinum
963 1569 994 1624 et
1016 1559 1056 1626 T.
1078 1558 1237 1625 Veturium

179 1678 195 1724 3
215 1653 399 1733 Gemiuum,
420 1654 486 1719 sive
504 1655 556 1718 ille
570 1653 722 1719 Vetusius
741 1654 810 1719 fuit.
838 1664 909 1720 ante
928 1655 1012 1719 diem
1028 1656 1160 1720 tertium
1174 1654 1236 1720 idus

215 1747 352 1816 Sextiles
379 1749 576 1814 consulatum
602 1749 711 1811 ineunt
731 1748 795 1813 iam
818 1749 894 1812 satis
916 1748 1021 1814 valida
1044 1749 1185 1828 civitate,
1208 1758 1237 1813 ut

213 1867 277 1909 non
300 1844 401 1909 solum
425 1865 529 1909 arcere
552 1841 684 1920 bellum,
708 1843 765 1906 sed
782 1841 863 1907 ultro
882 1843 976 1907 etiam
992 1842 1112 1909 inferre
1128 1850 1234 1931 posset

180 1939 311 2023 «sigitur
332 1937 548 2003 nuntiantibus
571 1936 718 2002 Hernicis
745 1938 779 2001 in
804 1938 883 2003 fines
911 1960 986 2004 suos
1013 1940 1235 2006 transcendisse

213 2032 336 2109 hostes,
354 2033 477 2117 inpigre
495 2032 686 2117 promissum
703 2031 863 2098 auxilium.

277 2125 355 2190 Duo
373 2126 552 2190 consulares
571 2126 725 2190 exercitus
745 2127 861 2210 scripti.
901 2125 1052 2193 Veturius
1075 2128 1192 2194 missus
1208 2126 1234 2191 in

181 2241 197 2289 5
214 2219 349 2285 Volscos
369 2220 409 2284 ad
427 2220 545 2285 bellum
563 2220 643 2285 ultro
660 2221 867 2285 inferendum.
905 2218 1128 2307 Tricipitinus,
1146 2242 1234 2309 popu·

214 2315 382 2381 lationibus
410 2317 552 2381 arcendis
580 2317 736 2381 sociorum
762 2338 839 2402 agro
866 2316 1043 2402 oppositus,
1076 2316 1233 2383 nonnius

214 2431 310 2492 quam
329 2411 361 2474 in
376 2411 532 2475 Hernicos
546 2411 695 2496 procedit.
723 2410 873 2476 Veturius
888 2411 989 2496 primo
1001 2412 1123 2496 proelio
1141 2412 1232 2477 hostes

182 2525 196 2571 6
214 2503 318 2568 fundit
331 2504 493 2591 fugatque.
521 2505 721 2581 Lucretium,
741 2505 816 2567 dum
830 2505 862 2568 in
877 2505 1024 2569 Hernicis
1040 2506 1141 2583 sedet,
1157 2524 1232 2591 prae·

214 2597 331 2661 donum
350 2621 464 2683 agmen
482 2597 594 2661 fefellit
613 2620 708 2683 supra
725 2608 847 2662 montes
861 2598 1088 2662 Praenestinos
1105 2600 1229 2671 ductum,

213 2691 286 2754 inde
305 2692 478 2755 demissum
495 2693 528 2754 in
546 2714 684 2776 campos.
715 2702 879 2757 vastavere
898 2715 991 2779 agros
1004 2690 1229 2758 Praenestinus

215 2782 452 2866 Gabinumque,
472 2808 512 2848 ex
531 2783 656 2849 Gabino
674 2786 708 2849 in
726 2787 923 2852 Tusculanos
942 2787 1059 2851 flexere
1077 2788 1183 2852 colles.

181 2901 194 2945 ι
279 2877 362 2941 Urbi
380 2900 504 2961 quoque
518 2879 638 2944 Rornae
656 2881 767 2967 ingens
786 2881 945 2967 praebitus
964 2891 1074 2959 terror,
1093 2878 1228 2969 magisio

213 2995 248 3037 re
266 2971 370 3037 subita
383 2995 477 3056 quarn
492 2975 577 3056 quod
589 2976 630 3038 ad
643 2977 809 3040 arcendam
823 2976 887 3040 vim
899 2998 1012 3062 parum
1020 2976 1138 3040 virium
1151 2978 1227 3040 esset·
1265 3010 1273 3019 -

216 3064 317 3177 Quint
317 3090 355 3131 us
304 3066 397 3131 F
397 3066 487 3132 ablus
505 3080 647 3153 praeerat
635 3069 784 3133 turbi.
776 3093 803 3134 rs
822 3079 941 3134 armata
958 3070 1123 3135 iuventute
1141 3070 1228 3154 dispt
1267 3106 1273 3125 -·

180 3183 195 3230 8
215 3175 255 3225 s1
256 3163 346 3245 isque
367 3164 532 3248 praesidiis
556 3174 603 3227 tut
591 3176 623 3228 ta
645 3164 750 3228 omnia
771 3186 808 3228 ac
831 3163 997 3247 tranquilla
1018 3164 1106 3230 fecit.
1141 3164 1227 3247 tuqus

212 3257 286 3320 host
274 3267 321 3321 ets
349 3259 468 3365 praeda
482 3280 522 3321 ex
535 3258 687 3344 proximis
700 3257 777 3321 locis
791 3268 881 3343 rapta
909 3250 1229 3343 adpropinquarent
1265 3320 1270 3327 .

212 3373 277 3414 non
290 3351 373 3427 ausi,
393 3374 465 3415 oum
479 3352 667 3416 circumacto
682 3353 807 3438 agmine
820 3353 969 3429 redirent,
988 3363 1109 3464 quanto
1121 3350 1227 3439 longiffi

214 3441 254 3507 ab
271 3443 349 3507 urbe
366 3444 447 3507 host'
426 3454 504 3509 trum
522 3446 727 3510 abscederent
715 3456 740 3523 t,
760 3469 797 3510 eo
812 3445 959 3511 solutiore
973 3469 1064 3525 cura,
1083 3447 1117 3512 in
1126 3449 1241 3513 Lucre.

213 3537 293 3600 tium
304 3537 447 3601 incidunt
460 3541 635 3618 consulem,
654 3541 717 3604 iam
731 3551 802 3604 ante
817 3540 984 3626 exploratis
999 3541 1165 3608 itineribus
1177 3536 1227 3605 suit

180 3631 399 3696 sinstructum
425 3642 456 3696 et
482 3634 522 3697 ad
549 3645 705 3699 certarnen
731 3634 893 3699 intentum.
929 3634 1026 3720 igitur
1050 3630 1227 3722 praeparafit

214 3723 326 3788 animis
348 3727 510 3810 repentino
532 3750 648 3812 pavore
670 3729 831 3814 perculsos
850 3730 964 3807 adorti,
987 3729 1151 3813 aliquanto
1166 3744 1227 3815 pau·

214 3819 314 3884 ciores
336 3821 568 3887 multitudinem
585 3824 747 3910 ingentem
765 3824 901 3889 fundunt
918 3823 1096 3911 fugantque
1120 3835 1150 3891 et
1169 3840 1227 3887 eon·
1268 3818 1273 3827 ¹

213 3915 321 4001 pulsos
343 3916 377 3979 in
399 3939 493 3984 cavas
515 3918 627 3996 valles,
651 3942 723 3984 oum
745 3921 847 3984 exitus
869 3920 954 3984 haud
971 3921 1005 3984 in
1022 3920 1112 3985 facili
1129 3920 1226 3989 esseni
1267 3958 1273 3965 ·

164 4027 197 4075 ιο
215 4009 470 4080 circumveniunt.
510 4013 555 4079 ibi
577 4014 730 4081 Volscum
757 4038 871 4080 nomen
896 4037 994 4101 prope
1021 4015 1161 4080 deletum
1181 4014 1226 4077 esi·
