2566 4524
152 261 214 326 174
406 272 525 326 LIBER
541 271 599 341 III,
617 270 659 324 53.
672 268 714 324 54.
736 273 773 338 [ι.
782 287 811 324 ιι.
824 269 922 339 ι.305]

148 422 256 497 nostra
278 455 297 494 a
320 429 480 516 suppliciis
504 436 558 493 ιιιι
578 437 704 513 patrum
725 427 759 491 ln
780 426 906 513 plebem
928 424 1105 492 Romanam
1122 439 1167 491 aut

115 547 130 594 9
148 526 277 613 plebis
267 550 302 590 m
318 524 442 611 patres?
464 533 553 589 scuto
521 523 662 588 tvobis
680 523 782 632 mpgis
801 542 897 606 quam
910 522 1035 633 gladio
1033 518 1111 607 opus
1122 530 1167 586 est

150 629 199 685 sat
198 620 226 685 is
246 640 401 702 superque
419 606 612 709 humiliet
564 626 612 682 est
612 617 696 700 ,qui
712 617 779 681 iure
797 637 899 700 aequo
916 617 950 680 in
968 616 1094 681 civitate
1105 616 1206 681 vivit*
1202 650 1206 717 ι

99 735 131 783 10
149 736 208 778 nec
232 712 431 777 inferendo
422 710 568 776 miuriam
594 733 654 776 neo
679 711 838 797 patiendo·
881 710 977 775 etiam
1001 711 1032 777 si
1059 706 1206 794 qnando
1204 762 1206 767 .

149 802 334 873 metuendos
352 829 409 871 vos
428 806 600 892 praebituri
618 815 665 871 est
665 807 708 883 is,
730 829 802 870 cum
817 806 1001 892 reciperatis
1019 805 1167 893 magistra·

150 901 233 967 tibus
251 900 437 988 legibusque
455 899 568 965 vestris
585 899 702 964 iudicia
718 922 816 986 penes
834 921 892 964 vos
910 908 1004 965 erunt
991 900 1068 964 tde
1085 896 1163 1009 cupito

149 1007 256 1061 nostro
274 995 484 1078 fortunisque,
512 1004 587 1058 tunc
609 1003 644 1057 ut
667 1015 811 1077 quaeque
829 1015 926 1059 causa
947 994 1008 1058 erit
1026 990 1163 1058 statuoit·

148 1072 233 1155 ndric
249 1089 425 1157 libertatem
441 1089 541 1175 ¹repeti
560 1087 636 1153 satis
656 1087 722 1152 est’

115 1208 129 1254 1
212 1184 325 1249 LIIII.
352 1182 540 1249 Facerentu
542 1182 679 1247 tvtellcn
666 1182 819 1268 tpermitt
806 1181 943 1247 tentibus
959 1184 1084 1248 eunctis
1107 1196 1163 1248 no

114 1300 130 1348 2
147 1262 302 1344 redituros
321 1300 356 1343 se
372 1278 470 1364 legati
446 1276 581 1347 trebus
598 1276 746 1362 perfectis
761 1276 935 1341 adfirmant
962 1277 1100 1362 profecti
1110 1272 1164 1342 oin

147 1359 296 1438 n'iandata
304 1371 405 1457 plebis
414 1366 556 1457 patribus
567 1370 796 1456 exposuissent,
807 1371 859 1435 alii
869 1371 1050 1450 decemviri,
1060 1370 1165 1479 quando

149 1466 276 1561 quidem
298 1475 421 1550 praeter
444 1486 532 1550 spem
553 1464 695 1549 ipsorum
717 1464 862 1550 supplicii
885 1463 936 1528 sui
956 1464 1047 1529 nulla
1063 1462 1164 1531 mentio

115 1554 249 1636 atteret,
276 1558 361 1649 haud
384 1560 552 1643 quicquam
574 1558 726 1637 'abnuere3
753 1558 880 1645 Appius
902 1558 986 1623 truci
1006 1559 1166 1669 ingenipet

148 1642 267 1718 ilfvidia
284 1654 452 1738 praecipua
470 1653 604 1719 odium
594 1677 627 1716 ιιι
645 1676 679 1718 se
698 1653 830 1717 aliorum
848 1660 906 1717 suo
923 1652 958 1717 in
975 1675 1033 1718 eos
1052 1652 1163 1719 mmm!

114 1736 221 1815 tudio
241 1747 390 1835 ‘haudig
369 1748 479 1813 ‹r’naro
496 1748 597 1831 inquit
615 1749 771 1812 ‘imminet
758 1747 922 1812 t.fortuna
958 1748 1066 1828 vide0,
1076 1750 1166 1813 'donet

149 1865 236 1906 arma
249 1842 436 1906 adversariis
452 1843 575 1906 tradant
563 1852 621 1918 tur,
641 1841 760 1905 differri
774 1842 925 1906 adversus
939 1864 999 1907 nos
1014 1848 1164 1909 certunm

150 1928 273 1999 dandus
291 1936 427 1999 invidiae
446 1945 494 2000 est
513 1936 651 2022 sanguis.
687 1935 765 1998 nihil
782 1956 822 2000 ne
840 1957 900 2021 ego
919 1936 1051 2018 quidem
1067 1938 1164 2013 moror,

114 2050 211 2113 oquo
233 2030 337 2093 minus
360 2029 571 2093 decemviratu
594 2029 725 2095 abeam?
760 2029 880 2094 factum
902 2040 1034 2096 senatus
1057 2028 1167 2098 consul·

148 2128 229 2200 tum,
256 2132 292 2187 ut
313 2122 482 2188 decemviri
504 2146 538 2188 sc
559 2124 661 2208 primo
683 2146 808 2208 quoque
831 2131 973 2209 tempore
995 2126 1164 2214 magistrati

148 2216 341 2307 abdicarent,
370 2216 411 2300 Q.
429 2217 545 2283 Furius
567 2218 709 2303 pontifex
731 2219 889 2283 maximus
911 2218 1060 2286 tribunos
1080 2218 1189 2307 plebis·

149 2300 265 2376 crearet
288 2321 319 2376 ct
340 2334 380 2377 ne
402 2334 454 2376 cur
443 2311 574 2376 fraudi
593 2322 677 2377 esset
695 2313 832 2378 secessio
849 2312 985 2378 militum
1006 2314 1161 2399 plebisque.

114 2426 129 2475 6
148 2405 197 2471 his
216 2416 343 2471 senatus
362 2407 494 2471 consult
473 2419 513 2471 trs
530 2406 693 2492 perfectis,
712 2407 844 2472 dimisso
862 2419 989 2485 senatu,
1013 2402 1180 2474 decemviri

146 2484 328 2585 pl'odeunt
318 2524 352 2565 ιιι
370 2501 547 2566 contionem
565 2501 772 2584 abdicantque
792 2524 826 2566 se
844 2501 1043 2588 magistratu,
1062 2498 1164 2591 ingeni

114 2594 309 2661 thominum
327 2596 398 2659 laet
377 2596 453 2660 ιιιὶι.
482 2594 625 2659 nuntiant
626 2619 663 2659 ur
612 2594 758 2659 haec
770 2595 864 2681 plcb1
891 2596 1015 2683 legatos
1029 2590 1178 2701 (ιιιιιιίιιιίιιΙ

146 2689 177 2751 in
197 2688 275 2754 urbe
292 2689 455 2752 hominum
474 2698 634 2774 supererat
650 2690 858 2774 prosequitur.
895 2691 969 2754 huic
987 2683 1163 2757 multitudini

146 2781 229 2845 laeta
246 2781 308 2845 alia
325 2781 417 2846 turba
440 2805 479 2847 ex
502 2785 611 2848 castris
634 2784 776 2848 occurrit.
813 2786 1074 2871 congratulantur
1089 2782 1163 2851 libi-

112 2895 128 2943 8
148 2880 244 2938 tatem
266 2876 526 2960 concordiamque
549 2878 667 2943 civitati
688 2880 874 2943 restitutam.
910 2880 1009 2966 legati
1031 2904 1090 2966 pro
1105 2890 1161 2945 ooll-

147 2966 245 3033 tibne.
278 2970 377 3053 ‘quod
404 2969 522 3035 bonum
547 2972 689 3037 faustum
714 2972 854 3056 felixque
882 2974 924 3038 sit
952 2975 1047 3039 vobis
1075 2972 1158 3055 ιιιιιὶθ

145 3058 304 3175 publicae,
331 3062 460 3130 redite
451 3090 485 3130 m
501 3067 634 3152 patriam
652 3067 693 3131 ad
711 3077 855 3153 penates,
879 3068 1032 3155 coniuges
1038 3070 1160 3134 liberet·

146 3164 211 3268 q'ue
220 3168 352 3225 vestros
376 3161 442 3238 sed,
461 3183 524 3245 qua
536 3160 588 3225 hic
603 3161 757 3225 modestia
777 3160 840 3225 fuis
842 3162 891 3238 tis,
910 3161 966 3227 ubi
977 3158 1160 3247 ntrllrusagtt
1201 3176 1203 3181 '

145 3252 179 3316 i'n
183 3248 243 3317 ἰοι
258 3276 364 3318 rerum
380 3276 441 3319 usu
456 3255 633 3319 necessario
647 3264 752 3318 tantae
764 3254 957 3319 multitudini
969 3266 1021 3320 est
1033 3256 1157 3325 uolatu
1199 3274 1206 3307 '-

146 3351 217 3425 eam
233 3336 419 3412 modestiam
440 3347 550 3414 ferte
541 3372 574 3411 m
596 3347 715 3412 urbem
751 3350 783 3412 in
800 3348 1026 3414 Aventinum
1015 3360 1073 3429 rte,
1094 3344 1168 3414 und!
1203 3400 1206 3437 :

113 3426 279 3523 sprofecti
296 3442 381 3505 estis.
418 3441 463 3506 ibi
484 3442 569 3506 felici
590 3442 675 3518 loco,
703 3442 759 3507 ubi
776 3443 878 3527 prima
894 3443 984 3507 initia
1003 3400 1156 3509 inoboastlt

146 3532 297 3600 libertatis
323 3528 460 3614 vestrae,
488 3537 629 3601 tribunos
656 3537 741 3622 plebi
768 3537 923 3602 creabitis.
963 3548 1090 3624 praesto
1113 3532 1156 3601 ιιι

96 3648 129 3696 10
146 3629 288 3712 pontifex
304 3631 475 3709 maximus,
504 3633 558 3716 qui
576 3632 702 3696 comitia
718 3631 853 3697 habeat?
887 3634 1001 3719 ingens
1024 3635 1172 3699 adsenstt.
1200 3684 1205 3689 .

147 3722 354 3808 alacritasque
376 3735 489 3790 cuncta
516 3725 756 3811 adprobantium
782 3727 852 3791 fuit.
892 3737 1079 3792 convertunt
1099 3720 1155 3789 into

147 3817 248 3905 signu,
268 3818 462 3905 profectique
475 3820 610 3884 Romam
628 3830 748 3886 certant
766 3843 840 3885 cum
857 3821 958 3887 obviis
972 3822 1096 3908 gaudio.
1107 3816 1155 3881 'bl‘
1196 3900 1206 3909 -

101 3928 132 3974 ιι
147 3912 223 3976 mati
239 3935 297 3998 per
312 3913 423 3978 urbem
441 3913 563 3977 silentio
581 3915 613 3978 in
626 3914 822 3980 Aventinum
838 3917 1034 4001 perveniunt.
1058 3913 1100 3981 ibi
1115 3930 1155 3975 ex·
1195 3986 1206 4001 .

147 4008 263 4092 templo
280 4008 427 4092 pontifice
445 4009 582 4074 maximo
600 4009 726 4074 comitia
743 4009 878 4075 habente
913 4010 1055 4076 tribunos
1072 4002 1153 4095 plebio
1197 4056 1206 4095 ἱ
