2566 4524
338 283 457 338 urana
474 283 517 354 Π,
536 283 579 339 aa.
591 282 634 338 aa
654 281 893 354 [aomar-492]
1092 273 1135 342 95

97 443 293 510 invasissent
302 442 475 524 eodemque
489 449 629 527 tempore
643 463 683 506 ex
697 443 811 527 oppido
827 443 1003 527 erupissent
1015 444 1133 524 hostes,

98 538 181 604 forte
202 537 238 602 in
263 536 397 602 statione
416 534 565 625 *Marcius
591 534 661 599 fuit.
701 536 728 599 is
756 559 828 600 cum
855 537 976 602 delecta
1001 539 1168 609 militumr

98 655 196 698 manu
217 653 284 696 non
304 630 400 695 modo
420 630 573 715 impetum
596 631 826 715 erumpentium
847 633 977 710 retudit,
1007 634 1063 698 sed
1079 657 1138 720 per

98 736 260 813 patentem
272 734 396 811 portam
412 723 502 788 ferox
519 723 646 809 inrupit,
662 725 824 807 caedeque
841 725 874 789 in
890 727 1034 812 proxima
1047 729 1135 794 urbis

97 822 184 888 facta
204 821 314 907 ignem
335 829 450 883 temere
473 817 639 904 abreptum
664 818 889 884 inminentibus
915 843 1006 886 muro
1028 822 1137 887 aedili-

97 916 154 982 ciis
178 914 297 979 iniecit.
337 912 455 978 clamor
475 913 548 976 inde
575 911 818 999 oppidanorum,
844 913 962 979 mixtus
988 916 1169 986 muliebris

95 1009 274 1097 puerilique
295 1007 433 1094 ploratu,
461 1008 503 1072 ad
523 1016 686 1086 terrorem,
714 1018 749 1072 ut
772 1008 864 1087 solet,
891 1010 992 1096 primo
1015 1021 1086 1078 ortu
1104 1023 1135 1078 et

95 1103 254 1171 Romanis
271 1103 360 1167 anxit
376 1103 516 1166 animum
534 1111 565 1167 et
583 1101 719 1167 turbavit
736 1101 886 1181 Volscos,
914 1114 1024 1191 utpote
1042 1115 1135 1192 capta

96 1198 192 1276 urbe,
222 1196 278 1281 qui
299 1197 340 1261 ad
361 1196 524 1261 ferendam
548 1218 641 1282 opem
662 1206 822 1261 venerant.
867 1198 912 1261 ita
937 1198 1002 1263 fusi
1024 1198 1134 1265 Volsci
1153 1221 1168 1268 9

98 1293 261 1368 Antiates,
290 1289 408 1356 Corioli
430 1290 581 1375 oppidum
604 1300 730 1376 captum
752 1300 936 1375 tantumque
960 1317 1018 1358 sua
1038 1293 1133 1358 laude

100 1386 221 1453 obstitit
240 1387 345 1452 famae
363 1384 501 1450 consulis
518 1383 674 1462 Marcius,
694 1395 742 1463 ut,
766 1386 828 1450 nisi
845 1386 957 1453 foedus
976 1411 1049 1453 cum
1065 1389 1133 1454 La

99 1482 190 1560 tinis,
217 1480 364 1546 columna
385 1502 484 1546 aenea
504 1480 710 1565 insculptum,
736 1491 940 1548 monumento
966 1493 1064 1562 esset,
1091 1482 1132 1549 ab

97 1576 156 1664 Sp.
178 1575 294 1642 Cassio
314 1599 389 1654 uno,
416 1576 492 1660 quia
508 1576 629 1662 collega
647 1575 782 1655 afuerat,
805 1577 917 1656 ictum,
943 1577 1134 1644 Postumum

97 1672 283 1740 Cominium
301 1672 417 1738 bellum
431 1671 570 1758 gessisse
584 1694 657 1736 cum
670 1670 796 1737 Volscis
810 1674 961 1738 memoria
975 1675 1132 1740 cessisset.

160 1767 290 1832 Eodem
307 1789 388 1832 anno
405 1765 551 1852 Agrippa
568 1765 736 1830 Menenius
755 1768 898 1844 moritur,
926 1767 975 1832 vir
992 1768 1133 1834 omnium
1152 1785 1185 1835 10

94 1863 162 1927 vita
175 1861 293 1947 pariter
305 1860 446 1947 patribus
461 1883 498 1925 ac
510 1860 595 1946 plebi
610 1882 711 1938 carus,
729 1870 802 1946 post
812 1862 1022 1927 secessionem
1032 1863 1133 1926 carior

94 1955 183 2042 plebi
202 1955 316 2020 factus.
342 1955 416 2019 huic
433 1955 593 2040 interpreti
607 1955 784 2039 arbitroque
803 1957 986 2021 concordiae
1004 1957 1130 2034 civium,
1152 1975 1182 2023 11

97 2050 205 2137 legato
225 2059 351 2136 patrum
373 2050 415 2113 ad
435 2049 575 2134 plebem,
602 2050 760 2115 reductori
784 2051 886 2135 plebis
908 2052 1071 2117 Romanae
1098 2052 1132 2116 in

99 2144 224 2223 urbem,
249 2153 393 2231 sumptus
411 2143 515 2208 funeri
532 2143 641 2208 defuit.
678 2145 788 2209 extulit
807 2168 879 2209 eum
896 2146 986 2232 plebs
1006 2157 1132 2212 sextan-

98 2238 184 2304 tibus
198 2238 325 2304 conlatis
343 2239 377 2303 in
394 2239 507 2325 capita.

161 2333 356 2399 XXXHH.
394 2331 548 2399 Consules
572 2333 684 2398 deinde
704 2332 742 2397 Τ.
763 2330 939 2420 Geganius,
967 2335 1005 2398 P.
1024 2335 1164 2407 Minu-1

97 2430 165 2494 cius
184 2428 272 2493 facti.
308 2450 346 2493 eo
364 2450 445 2493 anno
464 2450 536 2492 cum
555 2437 585 2492 et
603 2427 679 2491 foris
698 2426 804 2510 quieta
822 2428 927 2492 omnia
944 2451 963 2493 a
981 2428 1064 2494 bello
1082 2453 1132 2496 es·

98 2533 168 2589 sent
187 2531 219 2587 et
237 2522 322 2586 domi
341 2532 450 2586 sanata
467 2522 632 2598 discordia,
652 2521 738 2585 aliud
755 2520 853 2585 multo
871 2522 999 2607 gravim
1013 2523 1131 2588 malum

98 2617 260 2682 civitatem
276 2616 405 2694 invasit,
429 2617 541 2681 caritas
559 2616 695 2701 primum
714 2637 856 2679 annonae
874 2637 914 2680 ex
931 2615 1057 2681 incultis
1075 2640 1132 2703 per
1150 2643 1165 2688 2

98 2710 312 2777 secessionem
328 2709 428 2795 plebis
448 2710 542 2797 agris,
560 2710 662 2774 fames
682 2710 804 2786 deinde,
824 2710 926 2793 qualis
946 2710 1061 2776 clausis
1081 2736 1132 2778 so-

97 2805 153 2884 let,
182 2814 374 2888 ventumque
392 2805 433 2869 ad
449 2805 608 2868 interitum
631 2804 829 2869 servitiorum
846 2804 953 2887 utique
976 2816 1007 2870 et
1028 2806 1130 2891 plebis
1150 2827 1165 2874 3

51 2914 53 2921 '
98 2910 192 2979 esset,
211 2900 246 2964 ni
263 2900 407 2964 consules
426 2899 636 2985 providissent
653 2899 791 2963 dimissis
805 2899 924 2984 passim
939 2900 980 2964 ad
993 2899 1132 2966 frumen-

98 3006 166 3059 tum
184 2994 401 3072 coemendum,
419 2994 533 3058 nonin
551 2993 711 3058 Etruriam
729 2994 822 3057 modo
841 2994 958 3057 dextris
977 2993 1017 3059 ab
1038 2993 1132 3060 Ostia

99 3088 241 3155 litoribus
259 3089 413 3173 laevoque
429 3111 487 3174 per
499 3088 635 3154 Volscos
654 3088 732 3152 mari
749 3110 851 3170 usque
870 3089 911 3152 ad
925 3087 1054 3167 Cumas,
1075 3090 1132 3154 sed

99 3184 277 3270 quaesitum
294 3184 328 3248 in
343 3181 484 3250 Siciliam
502 3205 641 3267 quoque:
661 3184 740 3247 adeo
757 3182 960 3246 finitimorum
979 3183 1051 3246 odia
1063 3182 1131 3246 lon-

98 3280 225 3366 ginquis
236 3288 404 3366 coegerant
412 3279 553 3364 indigere
567 3277 700 3342 auxiliis.
728 3276 921 3341 frumentum
932 3275 1043 3342 Cumis
1058 3299 1131 3342 cum
1147 3298 1165 3344 4

97 3384 278 3460 coemptum
301 3382 398 3451 esset,
423 3395 520 3438 naves
542 3395 599 3457 pro
621 3372 713 3437 bonis
733 3370 975 3454 Tarquiniorum
997 3370 1037 3436 ub
1055 3371 1131 3436 Ari-

98 3472 242 3535 stodemo
261 3478 402 3555 tyranno,
421 3469 476 3552 qui
493 3468 584 3532 heres
600 3475 674 3545 erat,
694 3477 832 3531 retentae
852 3475 934 3530 sunt.
956 3467 990 3530 in
1003 3465 1129 3532 Volscis

95 3564 331 3651 Pomptinoque
347 3585 387 3628 ne
406 3563 467 3628 emi
485 3563 613 3646 quidem
630 3560 739 3647 potuit,
758 3560 931 3645 periculum
950 3583 1074 3645 quoque
1089 3560 1129 3626 ab

95 3660 216 3746 impetu
229 3659 394 3723 hominum
405 3658 483 3744 ipsis
498 3655 774 3722 frumentatoribus
788 3655 863 3734 fuit;
882 3678 922 3721 ex
936 3654 1050 3721 Tuscis
1063 3656 1131 3720 sru-
1148 3678 1164 3723 5

94 3765 239 3819 mentum
259 3753 368 3818 Tiberi
385 3753 483 3818 venit:
512 3775 550 3817 eo
568 3760 709 3817 sustenta
727 3759 775 3815 est
791 3749 893 3835 plebs.
929 3749 1129 3817 incommodo

95 3845 178 3914 bello
196 3849 231 3913 in
249 3856 316 3913 tam
333 3848 407 3913 artis
427 3847 653 3913 commeatibus
671 3844 777 3910 vexati
798 3845 914 3922 forent,
942 3845 975 3907 ni
992 3844 1128 3908 Volscos

95 3941 158 4008 iam
176 3952 342 4009 moventes
361 3967 447 4009 arma
464 3942 641 4030 pestilentia
658 3942 770 4027 ingens
787 3939 965 4005 invasisset.
989 3960 1026 4001 ea
1040 3936 1128 4001 clade
1147 3957 1162 4005 t

96 4038 273 4105 conterritis
295 4038 432 4104 hostium
455 4038 581 4116 animis,
608 4046 644 4101 ut
666 4037 774 4114 etiam,
801 4035 856 4101 ubi
883 4057 920 4099 ea
944 4029 1127 4108 remisisset,
