2566 4524
146 229 212 297 312
419 234 538 291 LIBER
553 234 610 305 VI,
628 234 704 289 6-8.
725 237 762 304 [a
771 233 909 306 ua368]

147 422 243 486 quam
261 397 441 485 opinionem
458 396 499 461 de
516 394 609 460 unico
626 394 827 480 imperatore,
846 417 916 461 eam
935 417 1026 484 spem
1044 396 1085 466 de
1097 396 1204 481 bell<

147 493 308 560 haberent.
345 515 379 558 se
401 512 477 557 vero
498 489 579 556 hene
602 511 727 575 sperare
748 498 854 576 patres
876 499 908 555 et
929 491 969 557 de
990 490 1076 561 bello
1093 504 1125 561 et
1140 497 1204 572 de

98 611 130 663 18
147 612 226 679 pace
247 588 458 671 universaque
480 606 514 651 re
539 583 666 671 publica
693 585 788 650 erecti
812 586 930 672 gaudio
956 585 1098 654 fremunt
1122 613 1197 664 neo

148 686 300 752 dictatore
316 703 467 766 umquam
485 702 565 767 opus
583 679 651 744 fore
668 680 715 745 rei
726 679 886 765 publicae,
906 681 1027 749 sitales
1045 683 1129 750 viros
1145 687 1185 755 iu

148 781 336 866 magistratu
347 775 471 855 habeat,
491 789 556 840 tam
569 775 777 842 concordibus
790 776 913 843 iunctos
927 777 1053 858 animis,
1071 802 1177 867 parere

147 884 243 961 atque
263 875 418 960 imperare
439 872 527 937 iuxta
548 880 675 958 paratos
697 871 886 957 laudemque
908 872 1106 942 conferentes
1119 898 1169 964 po-

148 971 212 1037 tius
229 970 263 1035 in
282 969 421 1034 medium
438 989 534 1052 quam
552 989 593 1032 ex
609 967 769 1032 communi
786 968 827 1033 ad
845 991 880 1034 se
897 968 1069 1037 trahentes.
1116 1000 1119 1005 ·

114 1086 129 1137 1
212 1063 290 1130 vn.
326 1061 587 1131 Iustitioindicto
605 1062 783 1147 dilectuque
799 1062 908 1128 habito
924 1062 1043 1132 Furius
1061 1087 1098 1132 ao
1111 1063 1161 1132 Va·

147 1159 244 1228 letius
270 1160 312 1225 ad
335 1156 493 1225 Satricum
519 1157 666 1244 profecti,
694 1179 758 1242 quo
783 1180 848 1223 non
869 1156 1062 1225 Volscorum
1085 1161 1161 1226 modo

148 1255 343 1323 iuventutem
352 1253 500 1321 Antiates
514 1276 554 1319 ex
567 1275 651 1319 nova
669 1252 779 1319 subole
797 1252 925 1332 lectam,
945 1255 1004 1319 sed
1020 1255 1160 1343 ingentem
1202 1312 1204 1319 .

147 1349 337 1418 Latinorum
367 1348 642 1432 Hernicorumque
673 1347 871 1414 conciverant
900 1371 941 1413 ex
971 1349 1160 1437 integerrimis

148 1446 270 1512 diutina
291 1467 370 1532 pace
391 1444 527 1532 populis.
562 1443 668 1527 itaque
689 1465 791 1508 novus
813 1443 913 1510 hostis
936 1445 1036 1510 veteri
1053 1445 1161 1510 adiunc-

113 1562 130 1613 s
149 1550 201 1607 tus
220 1539 390 1606 commovit
407 1540 529 1604 animos
543 1538 650 1603 militis
663 1537 809 1603 Romani.
837 1538 923 1623 quod
936 1538 991 1604 ubi
1004 1540 1103 1605 aciem
1113 1539 1161 1605 ian

147 1635 315 1702 instruenti
325 1631 460 1700 Camillo
473 1633 671 1699 centuriones
684 1633 949 1713 renuntiaverunt,
968 1632 1108 1700 turbatas
1118 1633 1162 1699 mi·
1202 1692 1204 1711 ,

147 1729 238 1796 litum
261 1738 383 1796 mentes
402 1750 487 1808 esse,
510 1729 649 1816 segniter
665 1751 753 1794 arma
770 1738 862 1815 capta
879 1727 1162 1815 cunctabundosque
1202 1722 1204 1775 ἶ

148 1834 181 1891 et
205 1825 389 1892 resistentes
416 1847 561 1912 egressos
585 1824 695 1890 castris
718 1847 802 1904 esse,
830 1825 907 1910 quin
932 1847 1029 1892 voces
1055 1847 1164 1912 quoque
1201 1818 1204 1831 '

148 1920 288 1999 auditas,
320 1942 393 1985 cum
419 1919 560 1985 centenis
586 1919 730 1986 hostibus
758 1920 900 2008 singulos
925 1930 1120 2008 pugnaturos
1140 1928 1165 1985 et

147 2035 243 2100 aegre
269 2014 422 2080 inermem
447 2022 567 2079 tantam
596 2014 843 2094 multitudinem,
879 2016 997 2080 nedum
1027 2026 1166 2082 armaten

113 2127 130 2180 8
150 2108 298 2175 sustineri
309 2131 419 2195 posse,
437 2109 471 2175 in
484 2131 600 2195 equum
612 2109 710 2176 insilit
727 2120 759 2176 et
775 2119 848 2178 ante
866 2111 958 2199 signa
975 2110 1127 2179 obversus
1140 2111 1167 2176 in

50 2262 53 2267 .
148 2204 262 2284 aciem,
281 2205 406 2271 ordines
419 2205 657 2290 interequitans:
678 2211 773 2290 ‘quae
786 2206 923 2285 tristitia,
942 2206 1072 2286 milites,
1090 2207 1167 2284 hacc,

148 2321 230 2385 quae
246 2299 374 2385 insolita
391 2300 548 2366 cunctatio
566 2300 634 2366 est?
654 2300 779 2366 hostem
791 2324 833 2368 an
849 2322 960 2366 mean
978 2323 1036 2368 vos
1055 2302 1167 2390 ignora·

146 2395 208 2461 tis?
232 2396 333 2462 hostis
356 2405 404 2462 est
425 2394 503 2480 quid
524 2395 610 2461 aliud
626 2418 723 2480 quam
739 2410 890 2482 perpetua
907 2397 1038 2462 materia
1056 2396 1167 2462 virtutis

112 2510 130 2558 4
146 2491 329 2579 gloriaeque
342 2490 485 2557 vestrae?
501 2514 559 2556 vos
575 2505 683 2556 contra
696 2513 747 2555 me
761 2491 851 2570 duce,
869 2501 905 2556 ut
913 2490 1057 2557 Falerios
1066 2490 1168 2558 Veios·

147 2608 208 2672 que
236 2596 346 2673 captos
373 2596 405 2652 et
425 2585 460 2650 in
482 2595 574 2671 capta
594 2587 697 2671 patria
720 2583 883 2652 Gallorum
905 2585 1048 2673 legiones
1071 2608 1167 2653 caesas

146 2691 283 2760 taceam,
310 2682 405 2747 modo
429 2681 613 2767 trigeminae
635 2680 784 2746 victoriae
806 2681 959 2767 triplicem
986 2681 1168 2769 triumphurn

111 2792 188 2844 tex
209 2775 259 2840 his
281 2774 361 2860 ipsis
379 2773 505 2840 Volscis
529 2784 560 2839 et
576 2773 700 2859 Aequis
723 2783 755 2840 et
776 2797 816 2840 ex
832 2775 961 2841 Etruria
983 2776 1104 2863 egistis.
1135 2797 1169 2841 an

144 2891 212 2947 me,
236 2868 322 2952 quod
343 2890 408 2933 non
429 2868 562 2934 dictator
583 2868 689 2948 vobis,
714 2870 770 2934 sed
788 2870 932 2934 tribunus
951 2870 1079 2957 signum
1096 2868 1168 2946 dedi,

148 2984 214 3028 non
232 2961 405 3049 agnoscitis
419 2962 551 3030 ducem?
567 2985 671 3047 neque
689 2985 749 3050 ego
767 2964 905 3029 maxima
921 2965 1056 3051 imperia
1071 2965 1167 3031 invoa

146 3057 292 3124 desidero
314 3067 346 3124 et
367 3081 424 3126 vos
446 3058 479 3123 in
496 3081 548 3124 me
566 3058 644 3123 nihil
660 3067 784 3144 praeter
800 3081 851 3124 me
869 3060 974 3145 ipsum
992 3059 1108 3127 intueri
1123 3060 1167 3125 de·

146 3163 211 3234 cet3
233 3176 337 3239 neque
356 3153 440 3219 enim
457 3154 612 3220 dictatura
629 3154 706 3218 mihi
723 3177 873 3238 umquam
892 3155 1014 3221 animos
1032 3154 1120 3235 fecit,
1138 3161 1167 3218 ut

111 3267 127 3318 6
144 3270 186 3315 ne
203 3249 333 3314 exilium
352 3249 480 3333 quidem
498 3249 623 3314 ademit.
651 3249 748 3314 iidem
760 3249 858 3337 igitur
875 3271 984 3315 omnes
1003 3272 1126 3329 sumus,
1142 3261 1165 3313 et

146 3365 220 3409 cum
247 3344 358 3409 eadem
384 3343 490 3409 omnia
514 3344 548 3409 in
573 3344 635 3409 hoc
660 3342 778 3410 bellum
804 3344 1001 3423 adferamus,
1038 3341 1165 3430 quaein

145 3437 250 3527 priora
267 3438 444 3516 attulimus,
468 3437 603 3505 eundem
621 3447 769 3504 eventum
786 3437 860 3505 belli
878 3448 1108 3525 exspectemus.
1132 3435 1165 3503 si·

146 3531 213 3597 mul
235 3533 467 3610 concurreritis,
490 3533 575 3618 quod
592 3533 726 3618 quisque
744 3533 852 3598 didicit
870 3555 907 3599 ac
929 3535 1108 3615 consuevit,
1127 3531 1164 3598 h·

146 3626 221 3692 ciet:
244 3649 302 3691 vos
319 3626 468 3707 vincetis,
485 3628 531 3692 illi
548 3628 691 3715 fugient'

111 3742 126 3791 1
210 3719 305 3787 VIII.
331 3721 418 3787 Dato
432 3723 545 3788 deinde
564 3725 654 3810 signo
672 3746 712 3788 ex
730 3746 811 3808 equo
829 3723 933 3789 desilit
950 3733 983 3789 et
999 3723 1162 3811 proximum

145 3815 332 3905 signiferum
352 3840 450 3883 manu
470 3826 629 3905 arreptum
650 3839 759 3884 secum
780 3819 814 3884 in
830 3818 954 3884 hostem
970 3818 1055 3905 rapit
1072 3814 1160 3889 ‘infert
1202 3836 1204 3867 ⁵

109 3931 127 3982 a
144 3913 235 3979 miles
240 3910 260 3992 ,'
278 3912 442 3978 clamitans
462 3912 622 4000 ‘signum’
648 3914 734 3998 quod
751 3913 807 3980 ubi
819 3913 925 3979 videre
938 3913 1045 3999 ipsum
1059 3905 1161 3978 Camil·

143 4005 211 4073 lum
226 4007 290 4073 iarn
309 4007 350 4073 ad
366 4029 499 4074 munera
516 4008 655 4096 corporis
674 4018 802 4074 senecta
817 4008 992 4074 invahdum
1009 4007 1158 4073 vadentem
