2566 4524
149 273 211 340 196
415 280 530 335 LIBER
548 281 620 351 1111,
638 281 663 336 2.
677 280 702 334 3.
722 284 798 349 [au.
811 282 909 351 atos]

145 443 252 509 hostes
271 451 392 507 tantum
409 461 473 504 non
491 437 701 516 arcessierint‚
721 439 876 502 exercitus
895 437 1051 504 conscribi
1067 438 1157 504 adver·

97 561 129 610 13
148 561 202 604 sus
220 537 328 602 hostes
346 557 410 600 non
426 534 594 621 patiantur,
619 534 675 598 sed
693 533 807 598 audeat
826 531 1001 599 Canuleius
1018 534 1051 598 in
1067 545 1156 599 senatu

145 632 303 721 proloqui,
327 653 376 708 se,
399 629 459 693 nisi
478 652 554 694 suas
569 628 656 714 leges
675 637 836 711 tamquam
854 629 982 694 victoris
1000 642 1102 714 patres
1121 650 1157 693 ac

147 728 209 813 cipi
227 728 344 803 sinant,
363 724 512 789 dilectum
529 721 638 787 haberi
655 721 903 807 prohibiturum?
920 723 998 806 quid
1012 746 1081 788 esse
1093 721 1157 788 aliud

146 846 242 908 quam
255 820 376 898 minari,
396 842 430 884 se
443 819 639 905 proditurum
651 818 792 903 patriam,
813 819 990 904 oppugnari
1004 830 1095 903 atque
1107 818 1159 900 capi

148 915 338 1004 passurum?
364 913 440 996 quid
463 935 531 977 eam
554 935 663 977 vocem
686 912 861 976 animorum
879 935 943 978 non
960 912 1046 998 plebi
1064 913 1160 978 Roma·

147 1032 227 1088 nae,
264 1009 320 1075 sed
351 1006 477 1072 Volscis
509 1016 540 1070 et
565 1004 689 1090 Aequis
721 1016 753 1070 et
778 1005 965 1071 Veientibus
998 1004 1160 1072 allaturam?

99 1127 131 1175 14
148 1126 252 1171 nonne
263 1101 415 1169 Canuleio
429 1101 510 1166 duce
524 1123 558 1165 se
572 1111 750 1187 speraturos
761 1099 953 1185 Capitolium
968 1113 1063 1186 atque
1077 1123 1160 1166 arcem

148 1199 298 1266 scandere
315 1217 424 1284 posse,
449 1195 477 1259 si
493 1194 635 1280 patribus
653 1194 769 1260 tribuni
787 1218 859 1261 cum
877 1197 944 1261 inre
963 1219 1001 1261 ac
1018 1199 1160 1261 maiestate

146 1295 294 1378 adempta
319 1292 440 1356 animos
463 1289 557 1354 etiam
580 1290 767 1375 eripuerint?
793 1291 938 1356 consides
960 1305 1087 1377 paratos
1109 1311 1160 1357 esse

147 1389 245 1453 duces
267 1386 354 1473 prius
377 1385 529 1450 adversus
553 1384 656 1449 scelus
679 1384 796 1450 civium
822 1407 917 1470 qnam
944 1386 1097 1451 adversus
1122 1385 1162 1449 ho

148 1484 243 1549 stium
262 1505 358 1548 arma.

115 1601 127 1648 1
210 1577 274 1643 III.
312 1576 395 1642 Cum
417 1598 564 1642 maxume
586 1575 665 1640 haec
686 1575 720 1639 in
738 1585 849 1640 senatu
867 1587 1051 1662 agerentur,
1076 1575 1162 1642 Caun-

148 1671 228 1739 leius
250 1693 308 1759 pro
329 1670 454 1758 legibus
478 1670 543 1736 suis
566 1679 598 1734 et
619 1670 770 1735 adversus
792 1669 938 1736 consules
956 1670 1002 1736 ita
1020 1669 1162 1736 disseruit:
1200 1714 1202 1721 .

119 1789 133 1838 a
153 1773 285 1852 ‘quanto
304 1788 398 1853 opere
415 1789 488 1845 vos,
514 1764 668 1848 Quirites,
691 1776 925 1831 contemnerent
941 1778 1064 1852 patres,
1087 1786 1162 1850 quam
1200 1822 1202 1831 .

146 1863 294 1974 indignos
313 1862 475 1939 ducerent,
494 1860 548 1944 qui
567 1883 629 1924 una
648 1882 756 1925 secum
772 1861 877 1926 urbe
867 1872 949 1925 mtra
967 1861 1078 1926 eadem
1096 1870 1202 1924 moe*
1199 1854 1202 1947 j

146 1958 201 2021 nia
223 1957 340 2020 viveret
340 1956 383 2032 is,
410 1977 505 2042 saepe
527 1955 727 2038 equidemet
752 1966 825 2022 ante
851 1956 960 2020 videor
985 1957 1163 2021 animadver·
1199 1956 1202 2047 l

148 2052 239 2127 tisse,
270 2072 354 2114 nunc
381 2059 486 2114 tamen
511 2050 662 2128 maxime,
694 2051 780 2134 quod
805 2051 884 2115 adeo
912 2062 1034 2116 atroces
1061 2052 1093 2115 in
1120 2050 1202 2114 has
1200 2082 1202 2119 ÷

117 2144 331 2232 erogationes
353 2154 477 2209 nostras
501 2145 599 2209 coorti
622 2156 708 2222 sunt,
737 2144 852 2230 quibus
875 2145 952 2229 quid
974 2147 1061 2210 aliud
1087 2166 1163 2230 quam

149 2239 399 2305 admonemus
372 2261 472 2318 emes,
491 2262 549 2304 nos
568 2262 677 2304 eorum
695 2263 765 2304 esse
780 2251 825 2318 et,
846 2240 872 2305 si
885 2264 950 2305 non
963 2242 1092 2306 easdem
1103 2258 1161 2325 opes

115 2355 132 2402 4
150 2333 280 2411 habere,
301 2335 433 2399 eandem
451 2345 556 2398 tamen
569 2335 704 2419 patriam
720 2335 875 2399 incolere?
897 2335 995 2400 altera
1012 2335 1162 2401 conubium

148 2429 298 2517 petimus,
331 2431 416 2514 quod
441 2429 591 2495 finitumis
619 2431 819 2514 externisque
846 2431 913 2495 dari
941 2431 1035 2496 solet:
1067 2445 1097 2495 et
1121 2448 1162 2492 nos

149 2524 277 2608 quidem
290 2525 463 2602 civitatem,
483 2547 564 2608 quae
578 2526 649 2611 plus
665 2547 760 2609 quam
774 2525 943 2590 conubium
957 2537 1019 2604 est,
1040 2523 1163 2591 hostibus

115 2641 131 2688 5
150 2618 244 2684 etiam
261 2619 353 2683 victis
372 2619 516 2683 dedimus
535 2657 590 2696 -,
611 2619 708 2684 altera
725 2619 803 2684 nihil
820 2621 894 2684 novi
911 2620 1057 2698 ferimus,
1078 2620 1128 2684 secl
1141 2613 1161 2679 id

150 2714 236 2798 quod
261 2713 370 2799 populi
398 2723 446 2776 est
467 2714 638 2798 repetimus
661 2726 755 2798 atque
778 2738 982 2800 usmpamus,
1011 2729 1045 2780 ut
1069 2714 1162 2799 quibus

117 2830 131 2876 6
149 2807 226 2871 velit
243 2806 379 2891 populus
393 2805 556 2871 Romanus
575 2808 709 2873 honores
727 2811 863 2873 mandet.
896 2810 972 2893 quid
990 2811 1114 2875 tandem
1131 2818 1163 2870 est

152 2925 208 2967 cur
231 2902 353 2966 caelum
376 2925 413 2966 ac
436 2913 533 2968 terras
552 2904 717 2983 misceant,
741 2927 797 2970 cur
814 2905 847 2970 in
865 2928 915 2969 me
933 2904 1071 2992 impetus
1089 2901 1164 2969 modo

149 3018 250 3083 paene
272 2997 305 3060 iu
328 3006 439 3061 senatu
462 2997 503 3062 sit
524 2998 641 3076 factus,
669 3010 785 3085 negent
808 3021 842 3063 se
865 2999 1011 3064 manibus
1031 3012 1164 3085 tempera·

150 3101 236 3156 turos
259 3090 493 3176 violaturosque
516 3093 699 3156 denuntient
722 3105 953 3158 sacrosanctam
976 3087 1164 3180 potestatem?

117 3207 131 3252 7
151 3185 178 3250 si
199 3185 316 3272 populo
338 3186 482 3251 Romano
508 3187 642 3251 liberum
669 3188 855 3274 suffragium
878 3189 984 3267 datur,
1012 3188 1165 3272 atquibus

149 3280 225 3345 velit
246 3282 444 3346 consulatum
467 3281 608 3359 mandet,
632 3291 663 3346 et
680 3305 743 3346 non
760 3283 950 3368 praeciditur
969 3307 1042 3369 spes
1061 3279 1167 3370 plebeio

150 3395 290 3457 quoque,
319 3374 346 3439 si
369 3376 483 3460 dignus
507 3394 639 3440 summo·
652 3375 771 3440 honore
790 3378 861 3454 erit,
890 3378 1051 3462 apiscendi
1070 3372 1166 3442 summi

150 3466 292 3544 honoris,
317 3477 398 3532 stare
416 3468 492 3534 urbs
511 3469 590 3534 haec
611 3493 675 3534 non
696 3472 829 3555 poterit?
864 3472 902 3535 de
924 3472 1057 3558 imperio
1079 3486 1167 3538 actum

151 3562 218 3626 est?
244 3570 276 3626 et
297 3562 425 3647 perinde
447 3563 508 3628 hoc
530 3564 614 3628 valet
637 3564 846 3650 “plebeiusne
868 3567 978 3631 consul
1001 3567 1079 3631 fiat”
1104 3582 1169 3630 tarn·

151 3678 247 3740 quam
274 3679 400 3722 servum
427 3668 481 3723 aut
505 3658 684 3724 libertinum
713 3662 826 3744 aliquis
854 3663 1016 3728 consulem
1042 3664 1168 3728 futurum

115 3767 132 3815 8
151 3750 253 3815 dicat?
274 3752 388 3836 ecquid
405 3753 540 3831 sentitis,
560 3754 593 3818 in
611 3766 728 3838 quanto
747 3769 930 3842 contemptu
947 3759 1083 3823 vivatis?
1103 3755 1169 3822 lucis

148 3845 239 3912 vobis
266 3846 360 3913 huius
386 3860 521 3935 partem,
554 3849 581 3914 si
608 3850 713 3929 liceat,
746 3853 893 3916 adimant.
935 3855 1021 3937 quod
1048 3850 1169 3939 spiratis

149 3943 235 4026 quod
251 3966 362 4008 vocem
379 3946 516 4022 mittitis,
540 3947 625 4029 quod
647 3947 764 4011 formas
788 3948 952 4012 hominum
974 3948 1110 4025 habetis,
1131 3948 1169 4010 in·

149 4035 327 4122 dignantur,
346 4040 544 4125 quinetiam,
565 4041 654 4106 sidia
668 4043 784 4127 placet,
804 4043 895 4108 nefas
913 4045 1001 4109 aiunt
1019 4067 1089 4110 esse
1106 4063 1169 4108 con·
