2566 4524
129 262 172 329 52
358 273 477 328 amaa
493 273 522 343 1,
540 272 581 327 aa.
595 273 639 328 50.
657 276 731 342 [au.
742 273 925 345 arao-ars]

94 455 190 518 aque
218 431 397 496 auctoribus
423 430 565 516 patribus
592 440 747 516 regnaret.
788 453 827 497 co
853 432 1040 513 accedebat,
1064 445 1101 501 ut
1121 438 1173 521 iu,

128 527 256 593 cantate
279 525 395 590 civium
417 524 494 589 nihil
517 524 585 609 spei
605 525 770 609 reponenti
791 535 878 593 metu
898 548 1036 613 regnum
1056 539 1149 599 tutan-

128 623 205 687 dum
223 629 316 685 esset.
351 641 447 703 quem
464 628 499 683 ut
515 618 658 703 pluribus
677 620 843 696 incuteret,
862 621 1059 706 cognitiones
1076 626 1150 713 capi.

95 715 238 783 statium
255 735 361 779 rernm
380 713 448 777 sine
466 713 604 777 consiliis
617 735 675 797 per
689 736 723 778 se
741 713 828 779 solus
847 713 1024 793 exercebat,
1043 738 1150 802 perque

129 831 200 873 eam
223 829 352 872 causam
373 806 530 884 occidere,
556 807 589 871 in
616 807 746 871 exilium
772 829 881 893 agere,
908 806 1000 875 bonis
1028 811 1150 875 multare

128 910 250 987 poterat
270 922 334 965 non
357 910 519 984 suspectos
542 901 637 965 modo
660 916 714 965 aut
734 901 870 979 invisos,
896 901 954 969 sed
976 903 1063 971 unde
1084 902 1151 971 utut

129 995 216 1059 aliud
232 1016 328 1079 quam
344 995 495 1078 praedam
512 1016 638 1078 sperare
655 1003 773 1079 posset.

97 1110 112 1157 6
193 1088 368 1173 Praecipue
385 1088 430 1152 ita
446 1098 570 1172 patrum
593 1111 724 1153 numero
745 1089 900 1155 inminuto
921 1091 1033 1157 statuit
1058 1091 1150 1157 nullos

128 1183 163 1247 in
178 1192 284 1267 patres
302 1183 416 1268 legere,
435 1204 498 1265 quo
513 1183 719 1266 contemptior
731 1183 888 1266 paucitate
900 1182 972 1268 ipsa
985 1185 1065 1251 ordo
1077 1193 1150 1253 eard

96 1298 111 1343 r
129 1277 296 1359 minusque
312 1298 370 1361 per
388 1299 422 1341 se
440 1276 519 1341 nihil
536 1276 588 1361 agi
606 1275 850 1362 indignarentur.
881 1275 934 1341 bic
951 1279 1038 1344 enim
1050 1300 1150 1367 Qun

128 1371 248 1457 primus
267 1371 416 1437 traditum
433 1371 626 1455 aptioribus
650 1392 769 1436 morem
786 1371 826 1435 de
848 1371 994 1437 omnibus
1018 1385 1150 1441 senatun

129 1464 313 1529 consulendi
336 1465 443 1542 solvit,
471 1465 652 1531 domesticis
674 1464 811 1531 consiliis
834 1465 1086 1549 rempublicam
1105 1466 1152 1531 ad·

129 1558 326 1635 ministravit,
345 1557 472 1636 bellum,
492 1582 612 1643 pacem,
631 1560 769 1635 foedera,
788 1559 952 1623 societates
970 1559 1151 1645 perscipue

130 1673 203 1715 cum
229 1650 344 1734 quibus
370 1651 470 1716 voluit
490 1653 613 1718 iniussu
639 1653 747 1737 populi
769 1673 806 1717 ac
833 1663 960 1717 senatus
983 1653 1062 1719 fecit
1083 1653 1153 1719 dire·

130 1744 261 1827 mitque.

96 1857 111 1905 8
193 1839 382 1905 Latinorum
404 1839 465 1904 sibi
487 1839 622 1903 maxime
643 1849 771 1925 gentem
794 1838 994 1917 conciliabat,
1020 1850 1059 1905 ut
1075 1860 1155 1927 pere-

129 1932 363 2018 grinisqnoque
372 1931 485 2016 opibus
499 1933 593 1997 tutior
604 1933 685 1997 inter
698 1933 784 1998 cives
797 1943 891 2010 esset,
909 1954 1012 2016 neque
1026 1934 1155 2022 hospitis

129 2026 225 2090 modo
243 2048 314 2090 cum
332 2025 521 2110 primoribus
543 2049 659 2102 corum,
679 2029 734 2092 sed
747 2027 922 2093 adfinitates
945 2049 1075 2112 quoque
1094 2030 1155 2095 iun-

97 2141 112 2188 9
130 2119 235 2206 gebat.
273 2117 408 2187 Octauio
426 2119 569 2185 Mamilio
588 2120 768 2185 Tusculano
786 2159 828 2171 --
849 2121 879 2185 is
899 2121 994 2208 longe
1016 2125 1153 2209 princepe

129 2214 240 2281 Latini
257 2214 392 2279 nominis
410 2227 489 2291 erat,
509 2215 536 2279 si
554 2215 657 2279 famae
676 2216 845 2292 oredimus,
869 2215 909 2280 ab
927 2215 1023 2283 Vlixe
1041 2219 1154 2303 deaque

132 2306 227 2375 Circa
244 2308 393 2373 oriundus
411 2347 464 2387 -,
486 2310 516 2373 ei
532 2309 676 2373 Mamilio
698 2309 795 2374 filiam
817 2324 951 2394 nuptum
971 2311 1027 2375 dat
1046 2331 1155 2397 perque

131 2425 185 2469 eas
203 2404 328 2489 nuptias
347 2404 462 2468 multos
482 2403 542 2468 sibi
560 2415 709 2488 cognatos
729 2405 909 2487 amicosque
923 2405 991 2469 eius
1007 2406 1155 2471 conciliat.

99 2520 111 2565 1
194 2500 235 2564 L.
271 2499 341 2564 Iam
363 2522 481 2585 magna
502 2498 654 2580 Tarquini
681 2499 849 2563 auctoritas
872 2499 952 2563 inter
973 2500 1155 2567 Latinorum

130 2615 275 2679 proceres
294 2607 373 2671 erat,
401 2616 474 2657 cum
491 2593 524 2656 in
541 2593 625 2657 diem
643 2603 760 2657 certam
782 2604 817 2656 ut
834 2594 873 2657 ad
896 2594 1002 2659 lucum
1021 2592 1156 2661 Ferenti·

130 2709 190 2752 nae
217 2687 404 2751 conveniant
430 2687 553 2763 indicit3
580 2708 650 2750 esse
673 2709 754 2769 quac
776 2710 869 2774 agere
894 2688 934 2751 de
959 2688 1056 2754 rebus
1079 2710 1155 2754 eom-

98 2779 280 2846 amunibus
302 2779 386 2843 velit.
424 2779 613 2845 conveniunt
639 2779 820 2864 frequentes
845 2782 947 2866 prima
972 2782 1054 2849 luce.
1094 2785 1153 2869 ipa

132 2874 323 2957 Tarquinius
346 2875 430 2939 diem
452 2875 580 2958 quidem
602 2877 751 2953 servavit,
780 2877 835 2941 sed
857 2877 953 2962 paulo
975 2888 1048 2943 ante
1067 2896 1152 2962 quant

133 2968 181 3033 sol
203 2968 359 3034 occideret
379 2970 474 3034 venit.
511 2971 609 3034 muita
630 2970 674 3036 ibi
696 2982 762 3035 toto
783 2973 834 3036 dic
855 2973 889 3036 in
910 2973 1045 3039 concilio
1066 2970 1150 3039 variis

99 3063 246 3129 aiactata
268 3065 465 3131 sermonibus
488 3077 583 3131 erant.
630 3067 756 3132 Turnus
779 3067 962 3133 Herdonius
989 3068 1033 3135 ab
1053 3066 1151 3135 Artes

130 3158 275 3225 ferociter
290 3160 324 3225 in
342 3160 504 3225 absentem
518 3161 725 3245 Tarquinium
742 3174 808 3225 erat
825 3163 982 3227 invectus:
1001 3161 1089 3228 haud
1103 3158 1150 3227 mi·

129 3277 200 3318 rum
218 3276 302 3332 esse,
322 3253 467 3340 Superbo
486 3257 515 3320 ei
531 3256 665 3320 inditum
682 3278 858 3341 cognomen
876 3295 917 3305 -
934 3256 998 3321 iam
1017 3258 1099 3321 enim
1114 3255 1149 3319 ite

130 3347 212 3411 clam
238 3348 366 3430 quidem
396 3351 613 3426 mussitantes,
646 3350 741 3435 volgo
768 3361 887 3428 tamen,
919 3372 991 3414 eum
1024 3348 1149 3437 appella·

130 3439 208 3504 bant
224 3466 279 3518 -3
303 3460 344 3505 an
362 3443 529 3525 quicquam
548 3442 713 3526 superbius
732 3466 801 3508 esse
824 3465 920 3527 quam
943 3444 1097 3511 ludificari
1113 3440 1149 3507 sia

97 3555 113 3599 4
131 3555 223 3598 omne
241 3557 356 3599 nomen
373 3536 543 3600 Latinum?
564 3537 756 3622 principibus
779 3538 873 3624 longe
890 3538 1023 3613 adorno
1041 3536 1149 3611 excitis

130 3627 244 3711 ipsum,
264 3629 318 3711 qui
337 3630 503 3694 concilium
519 3631 675 3709 indixerit,
694 3656 756 3696 non
775 3633 896 3696 adesse.
931 3634 1079 3718 temptari
1091 3651 1151 3718 pro·

130 3721 213 3785 fecto
222 3722 413 3805 patientiam,
432 3734 475 3801 ut,
496 3725 523 3788 si
535 3726 645 3811 iugum
654 3727 841 3810 acceperint,
861 3725 1015 3791 obnoxios
1030 3732 1152 3813 premat·

131 3815 182 3879 cui
200 3816 283 3879 enim
300 3839 364 3882 non
381 3841 545 3902 apparere,
570 3820 727 3885 adfectare
746 3843 817 3884 eum
835 3821 1003 3905 imperium
1020 3822 1056 3887 in
1072 3818 1155 3889 Lati-

98 3931 113 3978 5
131 3911 208 3976 nos?
234 3913 319 3994 quod
341 3914 368 3977 si
391 3915 440 3978 sui
462 3915 540 3981 bene
563 3917 749 3981 crediderint
771 3918 856 3981 cives
879 3926 934 3981 aut
956 3917 984 3984 si
1007 3920 1157 3985 creditum

131 4003 222 4082 illud,
250 4016 280 4069 et
306 4030 368 4072 non
394 4019 517 4094 raptum
543 4012 708 4096 parricidio
732 4012 785 4089 sit,
813 4011 939 4076 credere
961 4022 994 4076 et
1014 4012 1157 4093 Latinos,
