2566 4524
143 240 209 308 504
375 249 495 306 LIBER
511 248 556 319 X,
574 247 669 304 9-11.
688 250 761 317 [au
772 243 867 302 olid.
879 244 945 316 456]

144 410 342 488 censoribus,
366 408 529 493 tribusque
551 407 676 473 additae
697 407 797 472 duae:
824 403 980 472 Aniensis
1002 425 1041 472 ac
1060 405 1164 473 'leren-

145 508 220 577 una
256 507 336 574 haec
352 504 474 571 Romae
491 515 592 591 gesta.

112 626 126 674 1
209 602 257 670 X.
291 601 442 669 Ceterum
459 599 500 665 ad
516 597 698 683 Nequinum
720 596 872 685 oppidum
891 619 966 663 cum
985 597 1075 686 segni
1093 596 1166 665 obsi·

144 700 239 768 dione
261 708 385 783 tempus
407 704 572 773 tereretur,
594 693 658 760 duo
675 715 717 759 ex
733 692 916 779 oppidanis,
940 715 1076 779 quorum
1090 702 1166 761 erant

145 793 288 862 aedificia
304 791 412 858 iuncta
428 812 533 868 muro,
557 810 654 876 specu
675 787 761 854 facto
783 787 825 854 ad
846 788 1003 855 stationes
1020 789 1168 871 Romanas

111 889 256 959 aitinere
269 883 392 952 occulto
408 884 595 971 perveniunt
600 908 610 963 3
627 883 701 950 inde
715 882 756 948 ad
769 882 932 949 consulem
951 883 1081 951 deducti
1092 905 1170 971 prae·
1215 912 1218 977 !

146 983 263 1051 sidium
279 988 435 1047 armatum
453 1001 488 1045 se
504 979 587 1045 intra
599 978 725 1044 moenia
736 988 768 1043 et
780 987 1095 1066 murosaccepturos
1107 1000 1169 1045 con·
1215 994 1218 1061 ἧ

112 1077 280 1150 afirmant.
310 1097 370 1141 nec
387 1074 585 1162 aspernanda
599 1096 651 1141 res
664 1073 734 1140 visa
750 1096 853 1159 neque
869 1073 999 1141 meante
1016 1075 1169 1143 credenda.
1215 1094 1218 1179 ἰ

147 1195 221 1240 cum
247 1170 345 1238 altero
371 1191 481 1237 eorum
497 1207 540 1219 —
561 1192 637 1235 nam
662 1168 741 1235 alter
767 1168 861 1236 obses
888 1179 1032 1238 retentus
1055 1206 1098 1219 -
1118 1171 1171 1236 duo
1215 1188 1218 1231 ÷

112 1290 130 1338 4
147 1267 362 1355 exploratores
379 1286 437 1351 per
453 1261 633 1331 cuniculum
651 1263 755 1344 missi3
772 1286 830 1351 per
842 1286 924 1350 quos
941 1264 1021 1332 satis
1035 1274 1172 1353 conperta
1215 1284 1218 1317 τ

146 1385 181 1430 re
199 1360 330 1428 trecenti
346 1359 458 1425 armati
475 1359 639 1446 uansfuga
656 1359 736 1426 duce
753 1360 787 1425 in
804 1358 916 1426 urbem
933 1358 1075 1448 ingressi
1091 1370 1171 1427 nocte
1216 1384 1218 1393 ·

147 1466 284 1544 portam,
307 1476 389 1540 quae
406 1453 550 1542 proxima
567 1462 648 1532 erat,
670 1475 791 1542 cepere.
827 1477 891 1540 qua
912 1456 1052 1523 refracta
1073 1453 1171 1524 consul

113 1571 129 1622 c
148 1551 365 1635 exercitusque
374 1549 538 1616 Romanus
557 1550 624 1616 sine
642 1549 811 1616 certamine
828 1548 939 1616 urbem
956 1551 1112 1620 invasere
1135 1551 1172 1616 ita

146 1645 327 1731 Nequinum
352 1645 386 1710 in
407 1643 557 1713 ditionem
577 1645 688 1732 populi
707 1645 845 1712 Romani
865 1645 962 1713 venit.
999 1647 1123 1715 colonia
1141 1668 1172 1713 eo

148 1742 300 1808 adverws
313 1738 456 1807 Umbros
473 1738 573 1806 missa
589 1763 610 1806 a
625 1739 754 1806 flumine
766 1737 885 1806 Narnia
902 1741 1078 1828 appellata:
1096 1764 1172 1808 exer·

149 1837 230 1903 citus
248 1857 322 1901 cum
339 1857 456 1922 magna
471 1835 592 1922 praeda
607 1833 745 1901 Romam
761 1835 921 1902 reductus.

115 1950 130 2001 6
212 1930 338 1996 Eodem
360 1952 444 1995 anno
465 1928 507 1996 ab
528 1927 675 1995 Etruscis
697 1929 850 1995 adversus
870 1929 1013 1996 indutias
1040 1939 1173 2019 paratum

148 2024 276 2091 bellum.
310 2023 366 2088 sed
384 2044 439 2088 eos
457 2021 519 2088 alia
536 2022 692 2090 molientis
712 2019 877 2090 Gallorum
892 2023 1009 2111 ingens
1027 2024 1174 2092 exercitus
1216 2058 1218 2067 ·

116 2119 228 2187 tfines
258 2117 421 2204 ingressus
451 2111 612 2204 paulisper
642 2141 662 2184 a
691 2118 853 2205 proposito
882 2119 1006 2184 avertit.
1052 2119 1175 2207 pecunia

149 2212 277 2292 deinde,
304 2234 368 2297 qua
392 2211 528 2278 multum
554 2222 712 2299 poterant,
740 2212 813 2278 freti
840 2213 944 2279 socios
972 2236 1013 2280 ex
1038 2213 1175 2282 hostibus

148 2309 253 2377 facere
271 2305 382 2376 Gallos
401 2317 566 2386 conantur,
588 2317 678 2374 uteo
696 2308 843 2374 adiuncto
865 2307 1008 2374 exercitu
1029 2331 1106 2377 cum
1120 2309 1176 2375 Ro

114 2405 250 2475 8manis
272 2403 432 2471 bellarent.
472 2403 513 2469 de
534 2402 684 2468 societate
705 2403 783 2469 haut
807 2401 950 2469 abnuunt
976 2403 1120 2483 barbari,
1144 2404 1176 2468 de

149 2500 293 2567 mercede
310 2498 423 2586 agitur.
459 2520 523 2584 qua
539 2509 633 2584 pacta
650 2508 840 2585 acceptaque
859 2520 932 2563 cum
949 2509 1066 2585 parata
1083 2511 1176 2567 cetera

149 2595 190 2663 ad
206 2593 325 2662 bellum
343 2604 450 2661 essent
468 2593 620 2678 sequique
637 2592 794 2661 Etruscus
811 2592 942 2671 iuberet,
961 2594 1083 2661 infitias
1101 2605 1175 2671 eunt,

115 2690 327 2758 emercedem
354 2711 388 2755 se
414 2688 489 2755 belli
510 2688 662 2754 Romanis
688 2687 843 2754 inferendi
867 2697 991 2773 pactos.
1032 2687 1176 2775 quidquid

149 2783 340 2869 acceperint,
364 2781 540 2867 accepisse,
562 2804 602 2849 ne
624 2805 738 2869 agrum
754 2781 929 2847 Etruscum
950 2793 1117 2850 vastarent
1136 2807 1176 2849 ar-

99 2895 132 2944 10
150 2879 273 2962 misque
290 2876 481 2943 lacesserent
498 2877 644 2944 cultores.
680 2877 866 2944 militaturos
884 2887 994 2943 tamen
1012 2901 1063 2958 se,
1083 2880 1111 2945 si
1127 2878 1177 2944 uti-

150 2991 212 3055 que
233 2970 363 3038 Etrusci
390 2970 501 3050 velint,
529 2972 586 3038 sed
611 2971 699 3038 nulla
725 2971 787 3036 alia
807 2972 952 3038 mercede
976 2995 1077 3057 quam
1099 2973 1177 3040 utin

147 3073 268 3153 partem
286 3066 355 3153 agri
372 3066 564 3152 accipiantur
581 3066 770 3150 tandemque
789 3065 893 3150 aliqua
912 3066 989 3131 sede
1008 3077 1098 3133 certa
1115 3090 1177 3133 con·

99 3177 131 3229 11
151 3159 272 3227 sistant
309 3159 409 3227 multa
426 3160 466 3226 de
484 3182 523 3226 eo
541 3160 673 3227 concilia
693 3159 882 3247 populorum
898 3158 1052 3227 Etruriae
1070 3161 1178 3237 habita

148 3278 207 3323 nec
224 3256 334 3343 perfici
350 3255 518 3341 quicquam
534 3255 646 3342 potuit,
663 3277 730 3322 non
745 3264 811 3321 tam
828 3254 904 3339 quia
920 3254 1059 3322 inminui
1077 3275 1179 3345 agrum

149 3373 245 3436 quam
267 3352 343 3435 quia
364 3350 487 3417 accolas
510 3349 572 3417 sibi
593 3351 728 3436 quisque
750 3350 923 3435 adiungere
945 3359 1015 3415 tam
1037 3352 1178 3418 efferatae

98 3445 253 3533 tegentis
275 3443 418 3512 homines
440 3444 596 3512 horrebat.
631 3445 677 3511 ita
697 3444 820 3510 dimissi
839 3440 925 3510 Galli
945 3446 1121 3529 pecuniam
1138 3445 1179 3509 in-

148 3548 277 3627 gentem
296 3539 364 3606 sine
380 3539 488 3607 labore
505 3561 543 3606 ac
559 3539 699 3627 periculo
721 3547 864 3625 paratam
884 3538 1088 3606 rettulerunt
1122 3538 1178 3605 Rc-

148 3655 221 3698 mae
242 3642 391 3699 terrorem
412 3634 557 3720 praebuit
578 3635 664 3702 lama
687 3631 802 3700 Gallici
824 3632 981 3700 tumultus
1005 3635 1048 3701 ad
1070 3634 1178 3702 bellom

148 3726 322 3795 Etruscum
340 3728 466 3794 adiecti:
485 3751 523 3796 so
540 3730 645 3796 minus
663 3737 846 3795 cunctanter
863 3726 978 3795 foedus
997 3729 1099 3796 ictum
1115 3748 1178 3795 cunr

148 3822 273 3905 Picenti
290 3822 408 3910 populo
426 3833 483 3890 est.

116 3937 131 3987 1
213 3917 278 3985 XI.
315 3919 354 3985 Τ.
373 3918 496 3986 Manlio
514 3922 637 3988 consuli
653 3920 815 4008 provincia
831 3918 964 3986 Etmria
982 3932 1069 3989 sorte
1087 3917 1177 3993 vanis

148 4012 204 4099 qui
220 4013 352 4080 vixdum
369 4014 531 4102 ingressus
550 4015 688 4083 hostium
705 4015 778 4082 finis
796 4036 869 4082 oum
887 4026 1090 4084 exerceretur
1105 4015 1178 4080 inter
