2566 4524
148 223 214 292 224
403 233 523 289 LIBER
538 234 611 305 1111,
629 234 671 290 32.
680 235 722 291 33.
742 237 780 305 [a.
789 253 817 290 u.
828 234 926 307 etas]

147 396 211 464 bus
232 396 335 461 scelus
357 396 532 482 legatorum
555 404 663 461 contra
688 396 739 460 ius
764 395 906 482 gentium
932 395 1163 479 interfectum,

148 493 278 557 caedem
299 492 331 555 in
354 512 433 576 pace
454 489 655 555 Fidenatium
676 484 874 571 colonorum,
899 491 1040 559 indutias
1061 502 1164 580 ruptas,

113 589 314 675 seeptimam
339 586 500 651 infelicem
525 585 747 665 defectionem,
775 604 862 652 arma
888 597 1050 674 caperent.
1087 587 1164 657 simul

148 697 250 751 castra
268 683 380 749 castris
396 681 646 760 coniunxissent,
674 683 750 748 satis
769 682 939 762 confidere,
965 704 1028 747 neo
1049 683 1167 749 scelera·

148 779 278 845 tissimis
300 777 443 843 hostibus
466 776 648 842 diuturnum
674 800 714 843 ex
739 778 913 864 ignominia
938 777 1094 843 exercitus
1112 776 1165 843 Ro·

115 896 129 942 7
148 874 234 939 mani
254 872 406 959 gaudium
427 871 495 937 fore
512 881 544 937 et
564 872 718 957 populum
734 871 917 937 Romanum
936 872 1162 951 intellectarum,

147 979 264 1053 quanto
281 967 393 1032 melius
412 967 451 1030 de
468 988 502 1031 re
519 966 646 1051 publica
663 968 765 1031 meriti
783 967 854 1045 sint,
873 967 929 1051 qui
946 989 985 1033 sa
995 967 1164 1033 dictatam

148 1062 273 1126 tertium
290 1060 437 1139 dixerint,
457 1081 551 1144 quam
570 1059 654 1145 (eos)
671 1060 725 1144 qui
742 1060 783 1126 ob
802 1071 944 1147 ereptum
961 1080 1113 1128 censimus
1124 1081 1164 1125 re-

147 1179 247 1243 gnum
263 1155 367 1220 labem
386 1155 543 1220 secundae
561 1155 735 1220 dictaturae
752 1178 828 1221 suae
844 1156 1051 1240 inposuerint

112 1270 129 1319 8
212 1248 303 1314 Votis
329 1248 442 1313 deinde
463 1250 651 1333 nmmupatis
664 1249 824 1334 profectus
838 1249 924 1315 mille
941 1261 973 1314 ct
990 1251 1166 1338 quingentos

146 1366 260 1430 pessus
279 1344 357 1408 citra
373 1343 511 1409 Fidenas
530 1354 632 1408 castra
649 1343 744 1421 locat,
764 1344 875 1409 derna
891 1345 1070 1423 montibus,
1088 1344 1167 1411 laeve

1 1485 3 1490 ·
114 1463 128 1510 9
149 1439 257 1505 Tiberi
275 1460 368 1503 amne
385 1451 526 1523 saeptus.
548 1437 586 1502 Τ.
603 1436 787 1520 Quinctium
806 1438 951 1503 Pennum
968 1438 1108 1526 legatum
1122 1460 1167 1507 σου

147 1557 262 1618 cupane
281 1544 405 1597 montes
420 1532 508 1597 iubet
526 1532 744 1617 orcrdtumque
761 1533 795 1597 id
811 1534 922 1620 iugum
944 1555 1072 1619 capere,
1094 1532 1167 1619 quud

98 1649 130 1698 10
148 1629 187 1692 ab
202 1643 290 1714 tergo
304 1627 451 1692 hostibus
462 1627 552 1691 foret.
580 1628 647 1712 ipse
660 1638 788 1712 postero
796 1628 860 1706 die,
875 1651 947 1692 cum
955 1627 1164 1715 Etmseiqdeni

147 1725 323 1788 animorum
340 1722 381 1787 ab
398 1723 523 1808 pristini
540 1722 603 1786 diei
620 1722 748 1788 meliore
771 1725 935 1789 occasione
952 1746 1054 1809 quam
1072 1744 1167 1812 pugne

145 1818 179 1882 in
196 1818 296 1882 aciem
313 1817 551 1902 processissent,
570 1827 733 1882 cunctatus
746 1840 923 1904 parumper,
942 1820 1021 1884 dum
1038 1817 1165 1906 specula·

145 1921 229 1976 tores
247 1911 408 1988 referrent,
429 1909 613 1992 Quinctium
632 1912 773 1976 evasisse
789 1913 823 1975 in
839 1913 949 2000 iugum
966 1915 1165 2000 propinquum

147 2008 210 2072 arci
220 2007 419 2082 Fidenarum,
440 2007 532 2091 signa
539 2007 658 2091 profert
668 2007 871 2092 peditumque
880 2009 981 2073 aciem
993 2009 1166 2074 insuasum

97 2123 127 2169 11
147 2100 240 2186 pleno
249 2100 351 2186 gradu
363 2100 395 2164 in
409 2099 533 2164 hostem
545 2101 673 2165 inducit.
697 2102 848 2188 magistro
862 2103 1004 2187 equitum
1016 2101 1166 2190 praecipit,

148 2219 188 2259 ne
206 2195 328 2259 iniussu
345 2217 485 2281 pugnam
502 2195 644 2281 incipiat:
664 2220 708 2274 se,
728 2219 801 2262 cum
819 2221 898 2284 opus
918 2198 959 2264 sit
972 2200 1109 2283 equestn'
1120 2218 1166 2263 au·

145 2290 232 2366 xilio,
251 2291 377 2376 signum
395 2291 550 2368 daturum,
568 2300 637 2354 tum
654 2302 689 2356 ut
705 2315 826 2358 memor
838 2294 944 2380 regiae
957 2317 1097 2382 pugnae,
1111 2312 1166 2357 me·

146 2408 215 2450 mor
233 2386 329 2470 opimi
347 2386 420 2449 doni
438 2385 628 2468 Romulique
646 2409 684 2450 ac
701 2387 788 2452 Iovis
807 2387 939 2453 Feretrii
960 2411 1029 2454 rem
1047 2394 1163 2478 gereret·
1207 2474 1209 2479 Ι

98 2500 128 2546 12
147 2479 286 2566 legiones
304 2481 424 2566 impetu
442 2481 562 2567 ingenti
580 2481 762 2568 confligunt.
793 2483 958 2548 Romanus
977 2485 1052 2550 odio
1070 2505 1165 2550 accen·

147 2599 211 2651 sus,
230 2576 350 2661 inpium
367 2575 563 2651 Fidenatem,
581 2576 772 2661 praedonem
784 2576 951 2642 Veientem
970 2594 1112 2664 ruptores
1128 2578 1164 2641 in·

147 2670 317 2746 dutiarum,
346 2683 489 2734 cruentos
516 2670 692 2756 legatorum
718 2671 848 2735 infanda
874 2672 986 2750 caede,
1018 2690 1163 2760 respersos

148 2766 301 2849 sanguine
319 2763 500 2828 colonorum
520 2788 661 2842 suorum,
680 2766 817 2850 perfidos
836 2767 952 2844 socios,
972 2767 1106 2834 inbelles
1120 2766 1164 2831 bu·

148 2871 211 2921 stes
230 2856 431 2942 compellans,
450 2858 542 2923 factis
561 2859 654 2922 simul
673 2860 827 2943 dictisque
844 2861 954 2925 odium
973 2863 1093 2948 explet.

114 2971 128 3018 1
212 2950 385 3014 XXXIII.
411 2950 622 3018 Concusserat
634 2955 735 3038 primo
746 2955 850 3019 statim
860 2959 1162 3042 congressubostem

147 3068 219 3110 cum
228 3059 356 3131 repente
365 3047 531 3131 patefactis
540 3048 730 3112 Fidenarum
744 3051 841 3134 portis
851 3072 934 3115 nova
949 3052 1163 3140 emmpitacitt

113 3160 129 3207 2
147 3141 287 3205 inaudita
304 3153 376 3205 ante
394 3142 427 3204 id
445 3155 568 3226 tempus
587 3142 821 3226 invisitataque:
843 3144 971 3230 ignibus
995 3162 1118 3214 armata
1129 3148 1164 3211 iu·

145 3258 224 3321 gens
242 3236 409 3299 multitudo
428 3235 613 3319 facibusque
632 3237 811 3302 ardentibus
830 3249 895 3303 tota
909 3240 1084 3309 conlucens
1097 3240 1164 3307 vetut

146 3330 282 3395 fanatico
300 3331 447 3395 instincta
465 3353 558 3395 cursu
576 3332 609 3394 in
626 3331 750 3397 hostem
767 3334 830 3397 ruit
851 3334 1019 3420 formaque
1037 3337 1163 3403 Insolitat

113 3442 128 3488 3
147 3444 272 3508 pugnae
295 3425 454 3490 Romanos
477 3449 645 3511 parumper
667 3428 825 3492 exterruit.
866 3439 934 3492 tum
956 3431 1095 3497 dictator
1113 3450 1163 3495 ma·

144 3518 243 3602 gistro
266 3520 406 3600 equitum
429 3520 662 3604 equitibusque,
691 3532 757 3586 tum
780 3546 820 3587 ex
841 3523 1004 3590 montibus
1030 3523 1163 3610 erinrdt

145 3612 244 3675 accito
262 3614 414 3696 proelium
433 3616 535 3692 ciens,
562 3617 631 3701 ipse
649 3617 683 3680 in
702 3618 863 3682 sinistrum
886 3642 1000 3699 cornu,
1028 3621 1113 3705 quod
1126 3618 1162 3683 in·

145 3706 255 3769 cendio
279 3708 411 3774 similius
434 3733 529 3795 quem
551 3711 669 3795 proelio
696 3715 838 3777 territum
864 3728 1007 3780 cesserat
1033 3712 1160 3787 flammi&

110 3817 127 3863 4
144 3801 286 3878 accurrit,
306 3802 451 3887 claraque
461 3826 538 3868 voce
554 3805 696 3871 ‘fumone
710 3807 798 3871 victi’
811 3808 914 3891 inquit
928 3810 1032 3875 ‘velut
1047 3824 1160 3876 examfl

144 3895 264 3979 apium,
287 3896 356 3962 loco
374 3896 478 3962 vestro
496 3900 598 3963 exacti
616 3901 728 3965 inermi
746 3903 863 3967 cedetis
882 3903 987 3969 hosti?
1012 3928 1077 3971 non
1094 3904 1159 3967 fan

145 3990 325 4076 extinguitis
344 3992 454 4079 ignes?
480 4016 543 4058 non
561 3993 647 4061 faces
665 3996 723 4061 has
741 3997 827 4083 ipsas
844 4021 905 4085 pro
923 4021 959 4065 se
977 3988 1157 4085 quisquai
