2566 4524
284 242 404 298 LIBER
420 242 492 315 vn,
510 243 535 299 2.
548 243 573 299 a
594 247 632 314 [a
643 243 832 316 cass-um
1011 236 1076 304 353

63 426 108 481 or,
129 401 259 479 dicitur,
283 422 356 466 cum
374 401 501 487 saepius
519 409 698 491 revocatur,
722 424 834 468 vocem
852 404 1014 472 obtudisse
1033 418 1073 487 et,
1094 428 1109 478 o

63 496 137 563 ronia
162 495 263 582 petits
287 517 420 581 puerum
448 496 488 560 ad
515 497 692 562 canendum
718 507 790 562 ante
817 497 976 566 tibicinem
1003 525 1075 568 cum

64 591 220 669 latuisset,
239 589 395 655 canticum
413 590 518 677 egisse
536 590 694 676 aliquanto
712 591 815 678 magis
832 593 959 680 vigente
977 605 1075 677 motu,

63 687 118 771 ¹uia
133 684 213 750 nihil
230 684 318 750 vocis
336 706 414 750 usus
431 684 621 771 inpediebat.
657 685 730 750 inde
748 687 790 751 ad
806 710 935 754 manum
958 692 1077 757 cantui
1095 713 1128 760 10

63 779 249 847 istrionibus
281 788 429 866 coeptum
458 778 662 864 diverbiaque
688 790 812 846 tantum
836 783 978 869 ipsorum
1005 786 1077 852 voci

63 876 161 942 elicta.
196 882 367 960 postquam
387 873 460 960 lege
481 873 543 939 hac
564 873 743 941 fabularum
765 875 805 941 ab
822 877 890 943 risu
912 900 950 944 ao
972 879 1076 946 soluto
1095 901 1126 949 11

63 992 112 1036 >oo
133 989 187 1035 res
209 967 401 1034 avocabatur
423 977 455 1034 et
474 968 568 1034 ludus
590 969 623 1033 in
646 978 744 1035 artem
761 970 913 1055 paulatim
931 983 1076 1054 verterat,

63 1072 190 1129 iventus
208 1061 412 1127 histrionibus
430 1061 623 1128 fabellarum*
635 1072 708 1128 actu
724 1064 832 1129 relicto
850 1065 921 1149 ipsa
937 1066 1019 1132 inter
1041 1089 1077 1134 se

63 1181 131 1224 rore
161 1157 291 1241 antiquo
320 1156 453 1223 ridicula
477 1157 598 1222 intexta
623 1157 767 1223 versibus
794 1159 934 1225 iactitare
961 1161 1073 1247 coepit,

63 1274 128 1336 quae
144 1251 257 1317 exodia
273 1261 385 1337 postea
403 1251 560 1337 appellata
577 1261 783 1336 consertaque
800 1252 925 1318 fabellis
947 1255 1075 1340 potissi-

63 1368 135 1412 oum
149 1344 307 1412 Atellanis
330 1355 413 1411 sunt.
449 1347 535 1431 quod
556 1368 657 1434 genus
679 1345 826 1411 ludorum
848 1347 888 1413 ab
908 1345 1004 1415 Oscis
1022 1371 1075 1415 are
1094 1369 1127 1418 12

64 1450 171 1527 eptum
197 1440 298 1506 tenuit
322 1440 469 1506 iuventus
491 1463 550 1507 neo
572 1441 612 1507 ab
633 1441 838 1508 histrionibus
860 1442 959 1529 pollui
979 1466 1077 1530 passa

64 1545 103 1601 st
143 1557 182 1600 eo
207 1533 386 1600 institutum
412 1545 531 1614 manet,
562 1545 598 1600 ut
624 1544 745 1601 actores
771 1535 991 1603 Atellanarum
1016 1560 1078 1604 nec

63 1629 129 1695 ribu
145 1625 333 1695 moveantur
350 1638 381 1694 et
399 1629 568 1715 stipendia,
592 1639 753 1714 tamquam
771 1640 915 1716 expertes
934 1632 1009 1698 artis
1027 1632 1078 1698 lu·

63 1722 164 1800 torae,
183 1721 309 1789 faciant.
337 1723 418 1789 inter
430 1723 562 1789 aliarum
578 1746 676 1810 parva
693 1723 847 1811 principia
863 1748 968 1790 rerum
985 1725 1076 1792 ludo·
1096 1746 1128 1795 13

63 1841 114 1883 um
136 1840 263 1903 quoque
284 1819 386 1903 prima
408 1819 496 1906 origo
514 1819 660 1904 ponenda
677 1819 747 1883 visa
764 1832 826 1897 est,
849 1830 884 1884 ut
902 1830 1075 1906 appareret,

63 1935 140 1996 pram
162 1912 203 1978 ab
227 1936 304 1978 sano
326 1912 414 1978 initio
435 1936 486 1978 res
508 1913 542 1978 in
558 1913 641 1978 hanc
657 1913 712 1977 vix
730 1912 886 2000 opulentis
903 1914 1010 2002 regnis
1028 1923 1077 1980 to·

63 2006 207 2073 stabilem
224 2008 379 2074 insaniam
397 2009 526 2074 venerit.

97 2101 173 2166 m
205 2101 273 2167 Nec
290 2111 395 2169 tamen
411 2102 559 2169 ludorum
575 2103 712 2189 primum
729 2102 852 2168 initium
869 2104 1076 2188 procurandis
1096 2125 1110 2171 1

63 2194 249 2283 eligionibus
268 2196 377 2261 datum
394 2213 449 2262 aut
465 2197 617 2285 religione
634 2198 755 2262 animos
774 2206 828 2262 aut
846 2219 977 2283 corpora
993 2221 1078 2264 mor·

63 2289 248 2369 relevavit,
276 2291 353 2375 quin
375 2293 482 2370 etiam,
509 2313 583 2358 cum
603 2293 725 2358 medios
747 2290 829 2356 forte
854 2290 948 2357 ludos
976 2292 1077 2357 circus
1096 2311 1111 2358 2

63 2383 156 2453 liberi
174 2385 342 2470 superfuso
359 2386 513 2473 inrigatus
530 2386 717 2474 inpedisset,
740 2386 774 2449 id
791 2407 866 2451 vero
884 2384 971 2450 velut
989 2409 1079 2452 aver-

63 2478 169 2551 isiam
187 2479 247 2544 diis
265 2481 568 2566 aspernantibusque
585 2481 763 2567 placamina
779 2480 843 2545 irae
862 2489 1013 2550 terrorem
1029 2481 1078 2545 in-

63 2583 173 2658 ,entem
195 2575 280 2640 fecit.
315 2576 421 2660 itaque
445 2575 483 2642 Ο.
508 2572 665 2654 Genucio,
689 2574 730 2641 L.
749 2573 888 2640 Aemilio
910 2573 1074 2639 Mamerco
1094 2593 1109 2641 3

63 2677 159 2753 herrm
177 2669 360 2735 oonsulibus
380 2691 453 2735 cum
469 2669 666 2756 piaculorum
682 2670 786 2757 magis
804 2668 992 2753 conquisitio
1010 2667 1078 2733 ani-

63 2786 114 2831 ros
138 2786 236 2849 quam
258 2787 388 2851 corpora
405 2765 507 2830 morbi
524 2765 708 2844 adficerent,
731 2764 900 2851 repetitum
918 2786 957 2829 ex
976 2763 1079 2828 senio-

63 2882 115 2926 um
133 2860 286 2925 memoria
303 2860 425 2938 dicitur,
443 2860 654 2946 pestilentiam
672 2861 832 2945 quondam
850 2859 939 2926 clavo
958 2858 998 2925 ab
1012 2858 1079 2924 dic-

63 2964 146 3022 rtore
167 2954 233 3019 fixo
252 2955 402 3020 sedatam.
438 2976 477 3019 ea
492 2955 643 3041 religione
660 2955 815 3021 adductus
835 2964 962 3021 senatus
980 2953 1079 3018 dicta·
1095 2973 1113 3020 4

63 3071 147 3116 rrom
169 3048 251 3114 olavi
272 3049 391 3138 figendi
412 3072 510 3116 causa
531 3050 594 3116 dici
615 3051 717 3116 iussit
753 3051 856 3116 dictus
874 3052 916 3116 L.
935 3049 1076 3115 Manlius

63 3143 242 3230 mperiosus
258 3145 300 3209 L.
318 3143 482 3210 Pinarium
499 3146 687 3232 magistrum
705 3145 846 3228 equitum
864 3144 952 3210 dixit.

109 3237 186 3305 Lex
206 3247 332 3304 vetusta
354 3249 415 3318 est,
442 3241 554 3326 priscis
577 3240 676 3305 literis
693 3238 862 3323 verbisque
885 3237 1015 3324 scripta,
1043 3245 1079 3301 ut
1097 3257 1112 3305 5

63 3333 100 3415 ui
130 3343 257 3420 praetor
286 3335 443 3400 maximus
475 3335 518 3401 sit
545 3335 650 3400 idibus
683 3331 923 3420 Septembribus
955 3332 1079 3397 olavum

63 3436 176 3515 ungat.
211 3427 277 3493 fixa
292 3428 354 3493 fuit
370 3429 481 3494 dextro
498 3428 589 3495 lateri
606 3428 693 3506 aedis
706 3428 793 3494 Iovis
812 3426 922 3513 optimi
939 3426 1078 3504 maximi,

63 3541 87 3591 x
102 3541 169 3606 qua
190 3532 280 3606 parte
296 3520 462 3589 Minervae
483 3521 636 3608 templum
658 3532 716 3589 est.
752 3543 825 3586 eum
842 3520 982 3600 olavum,
1005 3519 1080 3605 quia
1098 3539 1113 3588 6

63 3636 136 3683 arae
152 3638 212 3702 per
229 3638 267 3681 ea
288 3626 430 3705 tempora
450 3617 559 3683 literae
580 3626 683 3696 erant,
709 3625 817 3682 notam
837 3616 961 3681 numeri
982 3636 1081 3680 anno·

63 3728 117 3789 um
134 3709 238 3777 fuisse
254 3710 374 3792 ferunt,
392 3733 493 3797 eoque
505 3710 672 3777 Minervae
685 3711 802 3798 templo
816 3710 951 3777 dicatam
964 3707 1077 3794 legem,
1098 3729 1112 3774 s

63 3804 123 3885 ‚uia
147 3826 299 3873 uumerus
321 3805 487 3874 Minervas
507 3806 671 3872 inventum
693 3806 742 3872 sit.
778 3803 931 3873 Volsiniis
954 3823 1079 3888 quoque

63 3893 157 3967 loros
182 3898 304 3967 indices
330 3901 453 3967 numeri
478 3923 632 3969 annorum
652 3900 734 3967 fixos
756 3900 790 3966 in
812 3899 930 3986 templo
950 3895 1079 3961 Nortiae

63 3984 206 4061 btrusose
226 3992 306 4063 deae
327 4017 497 4082 conparere
519 3995 653 4084 diligens
675 3994 785 4062 talium
806 3996 1080 4059 monumentorum

99 4111 151 4157 rm
165 4109 238 4158 aar.
873 4089 908 4146 23
