2550 4530
272 250 391 310 uranu
407 249 622 324 v1111‚19.20.
642 249 862 324 [sunaus]
1016 239 1081 308 463

54 423 81 482 tt
98 436 171 484 cum
189 411 316 480 feminis
335 408 396 478 sibi
411 408 531 478 bellum
548 408 648 476 fnisse
666 408 808 490 dixisset,
826 409 913 495 quod
923 407 1016 499 Epiri
1031 434 1081 477 re
1098 434 1129 480 11

54 533 120 597 gem
137 507 359 576 Alexandrum
381 503 543 574 mortifero
558 503 688 571 vulnere
709 504 807 571 ictum
829 504 947 573 dixisse
963 505 1079 588 femnt,

54 616 164 675 ortem
182 602 337 672 bellorum
348 600 473 670 inAsia
484 609 646 691 gestorum
659 599 700 668 ab
714 601 777 668 hoc
792 601 863 690 ipso
879 602 994 670 iuvene
1006 604 1088 670 cum'

54 722 101 770 na
125 698 353 768 conferentem.
393 697 554 785 equidem,
577 718 650 763 cum
675 717 733 785 per
754 717 854 764 annos
879 706 1027 783 quattuor
1048 708 1081 765 et
1100 715 1132 764 12

54 795 160 886 iglnti
177 793 283 882 primo
289 792 413 860 Punico
430 791 514 859 bello
532 790 688 858 elassibus
706 800 859 858 certatum
876 815 950 859 cum
961 791 1079 862 Poenis

54 891 209 969 ecordor,
232 889 287 955 vix
309 897 445 955 aetatem
461 885 637 954 Alexandri
659 885 863 953 suffecturam
883 887 984 956 fluisse
1008 912 1081 956 reor

54 988 207 1052 dunum
227 983 359 1050 bellum:
387 991 418 1049 et
435 982 582 1060 forsitan,
606 1003 679 1048 oum
696 989 728 1047 et
749 980 929 1050 foederibus
946 984 1079 1052 vetrutis
1099 1001 1132 1050 13

54 1090 155 1149 uncta
176 1101 229 1146 res
250 1079 374 1145 Punica
390 1077 553 1145 Romanae
575 1084 660 1143 esset
682 1085 714 1143 et
734 1076 828 1143 timor
848 1099 906 1164 par
927 1078 1079 1146 adversus

54 1196 252 1244 ommunem
269 1172 393 1239 hostem
411 1173 489 1239 duas
507 1170 742 1259 potentissimas
760 1171 856 1238 armis
873 1171 1011 1258 virisque
1028 1196 1081 1239 ur·

54 1295 101 1339 tes
121 1277 270 1348 armaret,
286 1267 380 1334 simul
387 1265 511 1333 Punico
519 1265 728 1351 Romanoque
740 1265 871 1333 obrutus
888 1264 971 1333 bello
985 1276 1078 1334 esset.

54 1389 107 1433 ron
127 1363 258 1450 quidem
276 1361 461 1428 Alexandro
477 1361 557 1426 duce
574 1380 633 1426 nec
649 1360 781 1448 integris
798 1359 1013 1428 Macedonum
1029 1385 1079 1430 re·
1097 1380 1131 1428 14

54 1483 119 1539 rus,
145 1458 205 1524 sed
223 1455 343 1545 experti
360 1465 466 1522 tamen
484 1464 557 1522 sunt
573 1455 711 1523 Romani
727 1455 938 1523 Macedonem
954 1457 1080 1526 hostem

54 1557 202 1624 adversus
219 1551 429 1630 Antiochum,
446 1551 644 1639 Philippum,
662 1549 794 1630 Persen,
812 1574 877 1619 non
893 1553 987 1620 modo
1005 1575 1079 1620 cum

54 1650 136 1718 lade
152 1647 230 1727 ulla,
249 1647 306 1714 sed
322 1668 363 1713 ne
377 1668 450 1712 cum
466 1645 605 1732 periculo
617 1645 745 1732 quidem
763 1668 831 1713 suo.
862 1645 945 1714 absit
960 1647 1080 1715 invidia
1099 1667 1132 1715 15

54 1744 144 1812 arbo
163 1752 196 1810 et
217 1741 321 1808 civilia
341 1740 425 1808 bella
448 1741 573 1821 sileant,
595 1762 767 1826 numquam
789 1740 830 1807 ab
853 1741 957 1826 equite
977 1741 1079 1822 hoste,

54 1860 222 1925 rumquam
235 1860 255 1904 a
266 1835 383 1923 pedite,
392 1859 566 1922 numquam
574 1846 683 1925 aperta
691 1837 767 1916 acie,
776 1858 950 1922 numquam
958 1838 1079 1924 aequis,

54 1935 156 2021 utique
173 1953 349 2018 numquam
365 1931 481 1998 nostris
499 1931 577 1999 locis
594 1931 816 1999 laboravimus.
852 1932 1004 2018 equitem,
1027 1957 1078 2000 sa·
1097 1949 1130 1998 16

54 2030 152 2120 gittas,
168 2026 268 2094 saltus
279 2025 447 2114 inpeditos,
456 2027 528 2093 avia
541 2026 768 2094 commeatibus
780 2026 852 2094 loca
863 2027 969 2116 gravis
982 2029 1078 2096 armis

54 2123 137 2191 niles
155 2121 267 2188 timere
283 2130 402 2208 potest:
418 2121 514 2188 mille
532 2121 616 2188 acies
633 2121 796 2208 graviores
814 2143 910 2206 quam
926 2120 1079 2192 Macedo·
1098 2140 1131 2189 1⁷

54 2240 124 2285 rum
139 2226 237 2302 atque
253 2214 429 2283 Alexandri
446 2215 559 2282 avertit
576 2224 770 2300 avertetque,
792 2215 888 2281 modo
906 2217 947 2281 sit
966 2238 1079 2304 perpe-

54 2334 120 2381 uus
137 2311 250 2390 huius,
273 2311 504 2396 quesivimus,
526 2309 614 2397 pacis
638 2330 726 2376 amor
744 2317 776 2376 et
793 2307 893 2376 civilis
912 2331 987 2376 cura
1005 2332 1080 2377 con-

54 2407 184 2475 cordiae.

109 2501 197 2569 XX.
227 2500 275 2568 M.
288 2501 416 2569 Foslius
433 2500 584 2568 Flaccina
600 2499 673 2565 inde
692 2508 723 2564 et
739 2498 781 2564 L.
799 2496 945 2564 Plautius
962 2497 1078 2567 Venox
1097 2519 1110 2566 1
1239 2553 1242 2557 .

54 2595 195 2665 ansulas
212 2596 298 2663 facti.
325 2619 363 2662 eo
381 2619 463 2663 anno
481 2595 521 2662 ab
539 2592 756 2680 frequentibus
771 2591 961 2660 Samnitium
977 2616 1079 2681 popu·
1097 2612 1113 2659 a

54 2691 146 2760 iada
164 2690 291 2758 foedere
307 2690 488 2757 renovando
505 2689 603 2778 legati
624 2709 697 2754 cum
719 2697 863 2755 senatum
879 2685 969 2754 humi
991 2689 1080 2754 strati
1214 2708 1216 2712 ’

54 2786 231 2864 πονίεεειιῐ,
250 2786 357 2852 reiecti
375 2785 416 2853 ad
431 2784 584 2874 populum
601 2785 838 2870 hautquaquam
855 2792 920 2850 tam
934 2781 1079 2851 efficaces

54 2881 208 2950 rubebant
219 2903 339 2968 preces.
366 2880 472 2966 itaque
482 2879 657 2947 defoedare
670 2889 830 2967 negatum,
839 2877 979 2948 indutiae
990 2878 1080 2946 bien·
1098 2900 1115 2949 a

54 2976 101 3056 nii,
114 2998 189 3043 cum
201 2996 259 3062 per
271 2974 390 3060 aliquot
403 2975 470 3042 dies
488 2975 677 3062 fatigassent
690 2973 832 3060 singulos
849 2971 1006 3060 precibus,
1020 2975 1080 3040 im-

54 3078 198 3159 petratae.
231 3080 262 3136 et
280 3091 320 3137 ex
333 3068 454 3157 Apulia
462 3069 644 3136 Teanenses
659 3065 885 3150 Canusinique,
902 3066 1080 3152 populatio·
1098 3081 1115 3128 s

54 3164 142 3233 nibus
161 3165 251 3245 fessi,
270 3164 434 3232 obsidibus
451 3164 494 3231 L.
512 3163 640 3231 Plautio
658 3160 780 3230 consuli
797 3159 879 3227 datis
897 3158 931 3225 in
948 3159 1080 3227 deditio-

54 3262 121 3327 hem
138 3270 302 3326 venerunt.

111 3353 241 3422 Eodem
258 3376 341 3421 auno
362 3354 500 3441 primum
520 3352 672 3441 praefecti
690 3350 836 3439 Capuam
858 3347 956 3417 creari
977 3349 1115 3437 coeptio

54 3444 174 3539 legibus
198 3449 239 3517 ab
261 3450 304 3516 L.
321 3449 420 3517 Furio
441 3459 585 3537 praetore
607 3447 704 3528 datis,
731 3469 805 3515 cum
825 3455 993 3532 utrumque
1018 3443 1081 3534 ipsi

54 3562 105 3633 μυ
120 3544 263 3613 remedio
280 3545 384 3632 aegris
400 3544 496 3612 rebus
514 3543 671 3611 discordia
690 3542 839 3609 intestina
855 3539 1017 3630 petissent.
1049 3550 1081 3608 et
1098 3558 1113 3608 a

54 3636 129 3709 hae
146 3640 272 3708 Romae
290 3640 415 3707 additae
433 3638 543 3718 tribus,
561 3636 717 3706 Ufentina
734 3658 772 3703 ac
787 3635 933 3704 Falerna.

109 3735 277 3804 Inclinatis
296 3734 396 3803 semel
411 3735 445 3801 in
457 3733 578 3822 Apulia
594 3732 689 3801 rebus
708 3731 824 3799 Teates
842 3753 968 3819 quoque
980 3728 1081 3817 Apuli
1099 3749 1114 3794 ⁷

55 3826 203 3899 unovos
218 3829 375 3910 consules,
387 3827 559 3896 O.lunium
567 3826 759 3907 Bubulcum,
770 3823 992 3912 QAemilium
1000 3823 1081 3889 Bar·

54 3910 171 4006 lutam,
194 3924 308 3992 foedus
325 3926 459 4014 petitum
475 3933 643 4003 venerunt,
665 3922 754 4012 pacis
770 3942 971 4010 peromnem
988 3917 1081 4003 Apu·

54 3998 119 4089 lam
141 4018 352 4110 praestandae
372 4020 490 4110 populo
512 4018 657 4089 Romano
680 4028 835 4088 auctores.
873 4016 908 4082 id
933 4011 1114 4080 audactera
