<?xml version="1.0" encoding="UTF-8"?>
<!DOCTYPE html PUBLIC "-//W3C//DTD XHTML 1.0 Transitional//EN"
    "http://www.w3.org/TR/xhtml1/DTD/xhtml1-transitional.dtd">
<html xmlns="http://www.w3.org/1999/xhtml" xml:lang="en" lang="en">
 <head>
  <title>
</title>
<meta http-equiv="Content-Type" content="text/html;charset=utf-8" />
  <meta name='ocr-system' content='tesseract 3.04.00' />
  <meta name='ocr-capabilities' content='ocr_page ocr_carea ocr_par ocr_line ocrx_word'/>
</head>
<body>
  <div class='ocr_page' id='page_1' title='image "./titiliviaburbec01weisgoog_0731.png"; bbox 0 0 2566 4524; ppageno 0'>
   <div class='ocr_carea' id='block_1_1' title="bbox 146 193 976 316">
    <p class='ocr_par' dir='ltr' id='par_1_1' title="bbox 146 193 976 316">
     <span class='ocr_line' id='line_1_1' title="bbox 146 193 976 316; baseline -0.001 -16"><span class='ocrx_word' id='word_1_1' title='bbox 146 231 213 300; x_wconf 79' lang='grc'><strong>476</strong></span> <span class='ocrx_word' id='word_1_2' title='bbox 304 241 425 311; x_wconf 82' lang='lat' dir='ltr'>LIBER</span> <span class='ocrx_word' id='word_1_3' title='bbox 441 241 543 315; x_wconf 87' lang='lat' dir='ltr'>VIIII,</span> <span class='ocrx_word' id='word_1_4' title='bbox 560 241 604 298; x_wconf 80' lang='lat'><strong>32.</strong></span> <span class='ocrx_word' id='word_1_5' title='bbox 615 241 661 300; x_wconf 82' lang='lat'><strong>33.</strong></span> <span class='ocrx_word' id='word_1_6' title='bbox 680 246 720 313; x_wconf 83' lang='lat' dir='ltr'><strong>[a.</strong></span> <span class='ocrx_word' id='word_1_7' title='bbox 728 259 758 300; x_wconf 89' lang='lat' dir='ltr'><strong>u.</strong></span> <span class='ocrx_word' id='word_1_8' title='bbox 770 193 868 299; x_wconf 65' lang='lat' dir='ltr'><strong>affl.</strong></span> <span class='ocrx_word' id='word_1_9' title='bbox 882 241 976 316; x_wconf 68' lang='lat' dir='ltr'><strong>mess]</strong></span> 
     </span>
    </p>
   </div>
   <div class='ocr_carea' id='block_1_2' title="bbox 113 401 1172 1344">
    <p class='ocr_par' dir='ltr' id='par_1_2' title="bbox 113 401 1172 1344">
     <span class='ocr_line' id='line_1_2' title="bbox 147 401 1166 491; baseline 0.002 -20"><span class='ocrx_word' id='word_1_10' title='bbox 147 402 325 475; x_wconf 85' lang='lat' dir='ltr'><strong>nuntiatum</strong></span> <span class='ocrx_word' id='word_1_11' title='bbox 344 411 406 479; x_wconf 87' lang='lat' dir='ltr'><strong>est,</strong></span> <span class='ocrx_word' id='word_1_12' title='bbox 425 401 583 487; x_wconf 85' lang='lat' dir='ltr'><strong>extemplo</strong></span> <span class='ocrx_word' id='word_1_13' title='bbox 600 410 753 468; x_wconf 78' lang='lat' dir='ltr'><strong>tesseram</strong></span> <span class='ocrx_word' id='word_1_14' title='bbox 771 401 840 467; x_wconf 84' lang='lat' dir='ltr'><strong>dari</strong></span> <span class='ocrx_word' id='word_1_15' title='bbox 855 401 960 482; x_wconf 89' lang='lat' dir='ltr'><strong>iubet,</strong></span> <span class='ocrx_word' id='word_1_16' title='bbox 978 411 1015 469; x_wconf 87' lang='lat' dir='ltr'><strong>ut</strong></span> <span class='ocrx_word' id='word_1_17' title='bbox 1031 405 1166 491; x_wconf 81' lang='lat' dir='ltr'><strong>prandeat</strong></span> 
     </span>
     <span class='ocr_line' id='line_1_3' title="bbox 147 494 1166 586; baseline 0.002 -21"><span class='ocrx_word' id='word_1_18' title='bbox 147 498 239 565; x_wconf 87' lang='lat' dir='ltr'><strong>miles</strong></span> <span class='ocrx_word' id='word_1_19' title='bbox 256 498 451 582; x_wconf 84' lang='lat' dir='ltr'><strong>firmatisque</strong></span> <span class='ocrx_word' id='word_1_20' title='bbox 468 494 539 563; x_wconf 91' lang='lat' dir='ltr'><strong>cibo</strong></span> <span class='ocrx_word' id='word_1_21' title='bbox 555 495 677 580; x_wconf 63' lang='lat' dir='ltr'><strong>uiribus</strong></span> <span class='ocrx_word' id='word_1_22' title='bbox 695 519 784 562; x_wconf 89' lang='lat' dir='ltr'><strong>arma</strong></span> <span class='ocrx_word' id='word_1_23' title='bbox 799 497 913 583; x_wconf 81' lang='lat' dir='ltr'><strong>capiat</strong></span> <span class='ocrx_word' id='word_1_24' title='bbox 942 497 1028 564; x_wconf 89' lang='lat' dir='ltr'><strong>dicto</strong></span> <span class='ocrx_word' id='word_1_25' title='bbox 1045 508 1166 586; x_wconf 86' lang='lat' dir='ltr'><strong>paretur.</strong></span> 
     </span>
     <span class='ocr_line' id='line_1_4' title="bbox 114 590 1168 679; baseline -0.002 -16"><span class='ocrx_word' id='word_1_26' title='bbox 114 614 131 664; x_wconf 83' lang='lat' dir='ltr'><strong>o</strong></span> <span class='ocrx_word' id='word_1_27' title='bbox 149 593 260 661; x_wconf 88' lang='lat' dir='ltr'><strong>consul</strong></span> <span class='ocrx_word' id='word_1_28' title='bbox 280 590 336 659; x_wconf 91' lang='lat' dir='ltr'><strong>ubi</strong></span> <span class='ocrx_word' id='word_1_29' title='bbox 358 599 494 656; x_wconf 88' lang='lat' dir='ltr'><strong>armatos</strong></span> <span class='ocrx_word' id='word_1_30' title='bbox 515 600 705 677; x_wconf 89' lang='lat' dir='ltr'><strong>paratosque</strong></span> <span class='ocrx_word' id='word_1_31' title='bbox 721 591 815 670; x_wconf 81' lang='lat' dir='ltr'><strong>vidit,</strong></span> <span class='ocrx_word' id='word_1_32' title='bbox 838 591 932 679; x_wconf 83' lang='lat' dir='ltr'><strong>sigua</strong></span> <span class='ocrx_word' id='word_1_33' title='bbox 953 601 1046 660; x_wconf 86' lang='lat' dir='ltr'><strong>extra</strong></span> <span class='ocrx_word' id='word_1_34' title='bbox 1065 593 1168 661; x_wconf 85' lang='lat' dir='ltr'><strong>vallum</strong></span> 
     </span>
     <span class='ocr_line' id='line_1_5' title="bbox 147 683 1167 776; baseline 0.002 -23"><span class='ocrx_word' id='word_1_35' title='bbox 147 686 281 776; x_wconf 84' lang='lat' dir='ltr'><strong>proferri</strong></span> <span class='ocrx_word' id='word_1_36' title='bbox 301 685 394 751; x_wconf 85' lang='lat' dir='ltr'><strong>iussit</strong></span> <span class='ocrx_word' id='word_1_37' title='bbox 415 694 446 750; x_wconf 89' lang='lat' dir='ltr'><strong>et</strong></span> <span class='ocrx_word' id='word_1_38' title='bbox 462 683 549 750; x_wconf 90' lang='lat' dir='ltr'><strong>haud</strong></span> <span class='ocrx_word' id='word_1_39' title='bbox 569 685 679 771; x_wconf 89' lang='lat' dir='ltr'><strong>procul</strong></span> <span class='ocrx_word' id='word_1_40' title='bbox 700 684 792 752; x_wconf 85' lang='lat' dir='ltr'><strong>hoste</strong></span> <span class='ocrx_word' id='word_1_41' title='bbox 813 685 965 752; x_wconf 83' lang='lat' dir='ltr'><strong>instruxit</strong></span> <span class='ocrx_word' id='word_1_42' title='bbox 981 688 1093 755; x_wconf 88' lang='lat' dir='ltr'><strong>aciem.</strong></span> <span class='ocrx_word' id='word_1_43' title='bbox 1123 687 1167 755; x_wconf 87' lang='lat' dir='ltr'><strong>ali-</strong></span> 
     </span>
     <span class='ocr_line' id='line_1_6' title="bbox 147 778 1166 868; baseline 0.002 -20"><span class='ocrx_word' id='word_1_44' title='bbox 147 780 299 868; x_wconf 78' lang='lat' dir='ltr'><strong>quamdiu</strong></span> <span class='ocrx_word' id='word_1_45' title='bbox 316 779 428 844; x_wconf 86' lang='lat' dir='ltr'><strong>intenti</strong></span> <span class='ocrx_word' id='word_1_46' title='bbox 444 778 601 863; x_wconf 86' lang='lat' dir='ltr'><strong>utrimque</strong></span> <span class='ocrx_word' id='word_1_47' title='bbox 620 787 774 846; x_wconf 87' lang='lat' dir='ltr'><strong>steterunt</strong></span> <span class='ocrx_word' id='word_1_48' title='bbox 786 790 1002 867; x_wconf 77' lang='lat' dir='ltr'>expectantes,</span> <span class='ocrx_word' id='word_1_49' title='bbox 1022 792 1060 849; x_wconf 90' lang='lat' dir='ltr'><strong>ut</strong></span> <span class='ocrx_word' id='word_1_50' title='bbox 1071 782 1110 850; x_wconf 89' lang='lat' dir='ltr'><strong>ab</strong></span> <span class='ocrx_word' id='word_1_51' title='bbox 1124 782 1166 850; x_wconf 83' lang='lat' dir='ltr'><strong>ad</strong></span> 
     </span>
     <span class='ocr_line' id='line_1_7' title="bbox 114 873 1170 961; baseline -0.001 -14"><span class='ocrx_word' id='word_1_52' title='bbox 114 897 130 948; x_wconf 83' lang='lat' dir='ltr'><strong>o</strong></span> <span class='ocrx_word' id='word_1_53' title='bbox 146 874 294 943; x_wconf 82' lang='lat' dir='ltr'><strong>versariis</strong></span> <span class='ocrx_word' id='word_1_54' title='bbox 313 873 431 940; x_wconf 86' lang='lat' dir='ltr'><strong>clamor</strong></span> <span class='ocrx_word' id='word_1_55' title='bbox 448 882 480 938; x_wconf 90' lang='lat' dir='ltr'><strong>et</strong></span> <span class='ocrx_word' id='word_1_56' title='bbox 495 895 604 960; x_wconf 87' lang='lat' dir='ltr'><strong>pugna</strong></span> <span class='ocrx_word' id='word_1_57' title='bbox 624 873 790 960; x_wconf 81' lang='lat' dir='ltr'><strong>inciperet3</strong></span> <span class='ocrx_word' id='word_1_58' title='bbox 818 885 849 940; x_wconf 88' lang='lat' dir='ltr'><strong>et</strong></span> <span class='ocrx_word' id='word_1_59' title='bbox 870 876 961 961; x_wconf 87' lang='lat' dir='ltr'><strong>prius</strong></span> <span class='ocrx_word' id='word_1_60' title='bbox 983 876 1035 943; x_wconf 92' lang='lat' dir='ltr'><strong>sol</strong></span> <span class='ocrx_word' id='word_1_61' title='bbox 1057 877 1170 946; x_wconf 84' lang='lat' dir='ltr'><strong>moridie</strong></span> 
     </span>
     <span class='ocr_line' id='line_1_8' title="bbox 148 967 1168 1054; baseline 0.001 -16"><span class='ocrx_word' id='word_1_62' title='bbox 148 992 183 1038; x_wconf 87' lang='lat' dir='ltr'><strong>se</strong></span> <span class='ocrx_word' id='word_1_63' title='bbox 197 968 359 1036; x_wconf 89' lang='lat' dir='ltr'><strong>inclinavit</strong></span> <span class='ocrx_word' id='word_1_64' title='bbox 372 990 468 1054; x_wconf 89' lang='lat' dir='ltr'><strong>quam</strong></span> <span class='ocrx_word' id='word_1_65' title='bbox 482 968 580 1033; x_wconf 86' lang='lat' dir='ltr'><strong>telum</strong></span> <span class='ocrx_word' id='word_1_66' title='bbox 592 967 666 1034; x_wconf 89' lang='lat' dir='ltr'><strong>hinc</strong></span> <span class='ocrx_word' id='word_1_67' title='bbox 683 982 738 1034; x_wconf 87' lang='lat' dir='ltr'><strong>aut</strong></span> <span class='ocrx_word' id='word_1_68' title='bbox 754 969 840 1036; x_wconf 90' lang='lat' dir='ltr'><strong>illinc</strong></span> <span class='ocrx_word' id='word_1_69' title='bbox 858 970 1014 1038; x_wconf 87' lang='lat' dir='ltr'><strong>emissum</strong></span> <span class='ocrx_word' id='word_1_70' title='bbox 1028 981 1088 1039; x_wconf 88' lang='lat' dir='ltr'><strong>est.</strong></span> <span class='ocrx_word' id='word_1_71' title='bbox 1109 971 1168 1039; x_wconf 85' lang='lat' dir='ltr'><strong>inde</strong></span> 
     </span>
     <span class='ocr_line' id='line_1_9' title="bbox 147 1061 1172 1142; baseline 0.002 -11"><span class='ocrx_word' id='word_1_72' title='bbox 147 1087 188 1132; x_wconf 89' lang='lat' dir='ltr'><strong>ne</strong></span> <span class='ocrx_word' id='word_1_73' title='bbox 214 1064 332 1131; x_wconf 85' lang='lat' dir='ltr'><strong>infecta</strong></span> <span class='ocrx_word' id='word_1_74' title='bbox 352 1086 387 1130; x_wconf 88' lang='lat' dir='ltr'><strong>re</strong></span> <span class='ocrx_word' id='word_1_75' title='bbox 410 1061 560 1142; x_wconf 90' lang='lat' dir='ltr'><strong>abiretur,</strong></span> <span class='ocrx_word' id='word_1_76' title='bbox 588 1062 706 1130; x_wconf 86' lang='lat' dir='ltr'><strong>clamor</strong></span> <span class='ocrx_word' id='word_1_77' title='bbox 727 1063 767 1131; x_wconf 91' lang='lat' dir='ltr'><strong>ab</strong></span> <span class='ocrx_word' id='word_1_78' title='bbox 789 1062 936 1131; x_wconf 78' lang='lat' dir='ltr'><strong>Etruscis</strong></span> <span class='ocrx_word' id='word_1_79' title='bbox 959 1066 1063 1134; x_wconf 86' lang='lat' dir='ltr'><strong>oritur</strong></span> <span class='ocrx_word' id='word_1_80' title='bbox 1084 1067 1172 1134; x_wconf 86' lang='lat' dir='ltr'><strong>couci·</strong></span> 
     </span>
     <span class='ocr_line' id='line_1_10' title="bbox 113 1157 1171 1248; baseline 0.003 -21"><span class='ocrx_word' id='word_1_81' title='bbox 113 1183 130 1233; x_wconf 75' lang='lat' dir='ltr'><strong>a</strong></span> <span class='ocrx_word' id='word_1_82' title='bbox 147 1171 288 1244; x_wconf 87' lang='lat' dir='ltr'><strong>nuntque</strong></span> <span class='ocrx_word' id='word_1_83' title='bbox 306 1157 401 1225; x_wconf 87' lang='lat' dir='ltr'><strong>tubae</strong></span> <span class='ocrx_word' id='word_1_84' title='bbox 414 1167 446 1224; x_wconf 87' lang='lat' dir='ltr'><strong>et</strong></span> <span class='ocrx_word' id='word_1_85' title='bbox 463 1158 556 1245; x_wconf 83' lang='lat' dir='ltr'><strong>signa</strong></span> <span class='ocrx_word' id='word_1_86' title='bbox 570 1157 756 1225; x_wconf 84' lang='lat' dir='ltr'><strong>inferuntur.</strong></span> <span class='ocrx_word' id='word_1_87' title='bbox 783 1180 843 1225; x_wconf 88' lang='lat' dir='ltr'><strong>uec</strong></span> <span class='ocrx_word' id='word_1_88' title='bbox 857 1159 988 1248; x_wconf 87' lang='lat' dir='ltr'><strong>segnius</strong></span> <span class='ocrx_word' id='word_1_89' title='bbox 1003 1161 1171 1230; x_wconf 86' lang='lat' dir='ltr'><strong>aRomanis</strong></span> 
     </span>
     <span class='ocr_line' id='line_1_11' title="bbox 147 1253 1171 1344; baseline 0.007 -26"><span class='ocrx_word' id='word_1_90' title='bbox 147 1270 257 1344; x_wconf 81' lang='lat' dir='ltr'><strong>pugna</strong></span> <span class='ocrx_word' id='word_1_91' title='bbox 272 1254 378 1320; x_wconf 86' lang='lat' dir='ltr'><strong>initur.</strong></span> <span class='ocrx_word' id='word_1_92' title='bbox 410 1264 598 1320; x_wconf 85' lang='lat' dir='ltr'><strong>concummt</strong></span> <span class='ocrx_word' id='word_1_93' title='bbox 614 1253 749 1320; x_wconf 87' lang='lat' dir='ltr'><strong>infensis</strong></span> <span class='ocrx_word' id='word_1_94' title='bbox 766 1255 889 1322; x_wconf 89' lang='lat' dir='ltr'><strong>animis.</strong></span> <span class='ocrx_word' id='word_1_95' title='bbox 920 1279 1059 1325; x_wconf 86' lang='lat' dir='ltr'><strong>numero</strong></span> <span class='ocrx_word' id='word_1_96' title='bbox 1075 1257 1171 1336; x_wconf 88' lang='lat' dir='ltr'><strong>hostis,</strong></span> 
     </span>
    </p>
   </div>
   <div class='ocr_carea' id='block_1_3' title="bbox 2 1349 1173 1438">
    <p class='ocr_par' dir='ltr' id='par_1_3' title="bbox 2 1349 1173 1438">
     <span class='ocr_line' id='line_1_12' title="bbox 2 1349 1173 1438; baseline -0.001 -17"><span class='ocrx_word' id='word_1_97' title='bbox 2 1434 4 1438; x_wconf 85' lang='lat'>.</span> <span class='ocrx_word' id='word_1_98' title='bbox 113 1350 264 1421; x_wconf 83' lang='lat' dir='ltr'><strong>svirtute</strong></span> <span class='ocrx_word' id='word_1_99' title='bbox 276 1349 441 1415; x_wconf 88' lang='lat' dir='ltr'><strong>Romanus</strong></span> <span class='ocrx_word' id='word_1_100' title='bbox 459 1358 596 1436; x_wconf 86' lang='lat' dir='ltr'><strong>superat.</strong></span> <span class='ocrx_word' id='word_1_101' title='bbox 632 1370 748 1437; x_wconf 87' lang='lat' dir='ltr'><strong>anceps</strong></span> <span class='ocrx_word' id='word_1_102' title='bbox 765 1349 920 1437; x_wconf 88' lang='lat' dir='ltr'><strong>proelium</strong></span> <span class='ocrx_word' id='word_1_103' title='bbox 938 1351 1060 1419; x_wconf 88' lang='lat' dir='ltr'><strong>multos</strong></span> <span class='ocrx_word' id='word_1_104' title='bbox 1077 1353 1173 1419; x_wconf 79' lang='lat' dir='ltr'><strong>uuiu-</strong></span> 
     </span>
    </p>
   </div>
   <div class='ocr_carea' id='block_1_4' title="bbox 5 1442 1176 4094">
    <p class='ocr_par' dir='ltr' id='par_1_4' title="bbox 5 1442 1175 2839">
     <span class='ocr_line' id='line_1_13' title="bbox 147 1442 1173 1531; baseline 0.002 -21"><span class='ocrx_word' id='word_1_105' title='bbox 147 1465 210 1529; x_wconf 88' lang='lat' dir='ltr'><strong>que</strong></span> <span class='ocrx_word' id='word_1_106' title='bbox 228 1454 261 1509; x_wconf 90' lang='lat' dir='ltr'><strong>et</strong></span> <span class='ocrx_word' id='word_1_107' title='bbox 276 1442 486 1510; x_wconf 83' lang='lat' dir='ltr'><strong>fortissimum</strong></span> <span class='ocrx_word' id='word_1_108' title='bbox 501 1465 661 1528; x_wconf 87' lang='lat' dir='ltr'><strong>quemque</strong></span> <span class='ocrx_word' id='word_1_109' title='bbox 679 1443 831 1524; x_wconf 80' lang='lat' dir='ltr'><strong>absumit,</strong></span> <span class='ocrx_word' id='word_1_110' title='bbox 849 1466 909 1510; x_wconf 89' lang='lat' dir='ltr'><strong>nec</strong></span> <span class='ocrx_word' id='word_1_111' title='bbox 925 1445 1017 1531; x_wconf 87' lang='lat' dir='ltr'><strong>prius</strong></span> <span class='ocrx_word' id='word_1_112' title='bbox 1036 1447 1173 1514; x_wconf 85' lang='lat' dir='ltr'><strong>inclinata</strong></span> 
     </span>
     <span class='ocr_line' id='line_1_14' title="bbox 146 1537 1173 1630; baseline 0.003 -25"><span class='ocrx_word' id='word_1_113' title='bbox 146 1560 199 1605; x_wconf 85' lang='lat' dir='ltr'><strong>res</strong></span> <span class='ocrx_word' id='word_1_114' title='bbox 222 1548 270 1605; x_wconf 87' lang='lat' dir='ltr'><strong>est</strong></span> <span class='ocrx_word' id='word_1_115' title='bbox 292 1560 389 1625; x_wconf 89' lang='lat' dir='ltr'><strong>quam</strong></span> <span class='ocrx_word' id='word_1_116' title='bbox 411 1538 551 1604; x_wconf 88' lang='lat' dir='ltr'><strong>secunda</strong></span> <span class='ocrx_word' id='word_1_117' title='bbox 567 1538 652 1604; x_wconf 91' lang='lat' dir='ltr'><strong>acies</strong></span> <span class='ocrx_word' id='word_1_118' title='bbox 666 1537 815 1605; x_wconf 81' lang='lat' dir='ltr'><strong>Romana</strong></span> <span class='ocrx_word' id='word_1_119' title='bbox 832 1539 872 1605; x_wconf 87' lang='lat' dir='ltr'><strong>ad</strong></span> <span class='ocrx_word' id='word_1_120' title='bbox 889 1539 994 1626; x_wconf 87' lang='lat' dir='ltr'><strong>prima</strong></span> <span class='ocrx_word' id='word_1_121' title='bbox 1013 1542 1118 1630; x_wconf 80' lang='lat' dir='ltr'><strong>signa,</strong></span> <span class='ocrx_word' id='word_1_122' title='bbox 1132 1542 1173 1607; x_wconf 88' lang='lat' dir='ltr'><strong>iu·</strong></span> 
     </span>
     <span class='ocr_line' id='line_1_15' title="bbox 114 1631 1172 1720; baseline 0 -17"><span class='ocrx_word' id='word_1_123' title='bbox 114 1653 130 1703; x_wconf 81' lang='lat' dir='ltr'><strong>e</strong></span> <span class='ocrx_word' id='word_1_124' title='bbox 149 1633 229 1720; x_wconf 80' lang='lat' dir='ltr'><strong>tegri</strong></span> <span class='ocrx_word' id='word_1_125' title='bbox 246 1633 351 1712; x_wconf 83' lang='lat' dir='ltr'><strong>fessis,</strong></span> <span class='ocrx_word' id='word_1_126' title='bbox 371 1643 599 1700; x_wconf 79' lang='lat' dir='ltr'><strong>successerunt.</strong></span> <span class='ocrx_word' id='word_1_127' title='bbox 634 1631 778 1712; x_wconf 84' lang='lat' dir='ltr'><strong>Etrusci,</strong></span> <span class='ocrx_word' id='word_1_128' title='bbox 797 1633 873 1718; x_wconf 89' lang='lat' dir='ltr'><strong>quia</strong></span> <span class='ocrx_word' id='word_1_129' title='bbox 888 1633 985 1701; x_wconf 90' lang='lat' dir='ltr'><strong>nullis</strong></span> <span class='ocrx_word' id='word_1_130' title='bbox 1003 1635 1172 1703; x_wconf 79' lang='lat' dir='ltr'><strong>recentibus</strong></span> 
     </span>
     <span class='ocr_line' id='line_1_16' title="bbox 148 1728 1172 1818; baseline 0.002 -21"><span class='ocrx_word' id='word_1_131' title='bbox 148 1729 297 1797; x_wconf 85' lang='lat' dir='ltr'><strong>subsidiis</strong></span> <span class='ocrx_word' id='word_1_132' title='bbox 314 1729 396 1796; x_wconf 84' lang='lat' dir='ltr'><strong>fulta</strong></span> <span class='ocrx_word' id='word_1_133' title='bbox 412 1730 513 1818; x_wconf 88' lang='lat' dir='ltr'><strong>prima</strong></span> <span class='ocrx_word' id='word_1_134' title='bbox 530 1729 614 1796; x_wconf 89' lang='lat' dir='ltr'><strong>acies</strong></span> <span class='ocrx_word' id='word_1_135' title='bbox 631 1728 702 1808; x_wconf 82' lang='lat' dir='ltr'><strong>fuit,</strong></span> <span class='ocrx_word' id='word_1_136' title='bbox 716 1741 789 1795; x_wconf 89' lang='lat' dir='ltr'><strong>ante</strong></span> <span class='ocrx_word' id='word_1_137' title='bbox 807 1729 899 1817; x_wconf 85' lang='lat' dir='ltr'><strong>signa</strong></span> <span class='ocrx_word' id='word_1_138' title='bbox 912 1729 1062 1816; x_wconf 75' lang='lat' dir='ltr'><strong>circaque</strong></span> <span class='ocrx_word' id='word_1_139' title='bbox 1074 1752 1172 1798; x_wconf 84' lang='lat' dir='ltr'><strong>omues</strong></span> 
     </span>
     <span class='ocr_line' id='line_1_17' title="bbox 148 1823 1172 1913; baseline -0.001 -21"><span class='ocrx_word' id='word_1_140' title='bbox 148 1826 336 1893; x_wconf 88' lang='lat' dir='ltr'><strong>oeciderunt.</strong></span> <span class='ocrx_word' id='word_1_141' title='bbox 372 1825 459 1892; x_wconf 91' lang='lat' dir='ltr'><strong>nullo</strong></span> <span class='ocrx_word' id='word_1_142' title='bbox 481 1847 632 1909; x_wconf 87' lang='lat' dir='ltr'><strong>umquam</strong></span> <span class='ocrx_word' id='word_1_143' title='bbox 652 1824 771 1910; x_wconf 84' lang='lat' dir='ltr'><strong>proelio</strong></span> <span class='ocrx_word' id='word_1_144' title='bbox 788 1823 887 1910; x_wconf 82' lang='lat' dir='ltr'><strong>fugae</strong></span> <span class='ocrx_word' id='word_1_145' title='bbox 908 1824 1017 1892; x_wconf 87' lang='lat' dir='ltr'><strong>minus</strong></span> <span class='ocrx_word' id='word_1_146' title='bbox 1035 1847 1096 1893; x_wconf 90' lang='lat' dir='ltr'><strong>nec</strong></span> <span class='ocrx_word' id='word_1_147' title='bbox 1109 1825 1172 1913; x_wconf 89' lang='lat' dir='ltr'><strong>plus</strong></span> 
     </span>
     <span class='ocr_line' id='line_1_18' title="bbox 5 1917 1173 2000; baseline 0.001 -14"><span class='ocrx_word' id='word_1_148' title='bbox 5 1986 9 1993; x_wconf 84' lang='grc'><strong>,</strong></span> <span class='ocrx_word' id='word_1_149' title='bbox 148 1920 255 1986; x_wconf 85' lang='lat' dir='ltr'><strong>caedis</strong></span> <span class='ocrx_word' id='word_1_150' title='bbox 272 1920 395 1999; x_wconf 83' lang='lat' dir='ltr'><strong>fuisset,</strong></span> <span class='ocrx_word' id='word_1_151' title='bbox 413 1920 447 1985; x_wconf 94' lang='lat' dir='ltr'><strong>ui</strong></span> <span class='ocrx_word' id='word_1_152' title='bbox 464 1919 639 1986; x_wconf 88' lang='lat' dir='ltr'><strong>obstinatos</strong></span> <span class='ocrx_word' id='word_1_153' title='bbox 657 1918 736 1984; x_wconf 87' lang='lat' dir='ltr'><strong>mori</strong></span> <span class='ocrx_word' id='word_1_154' title='bbox 754 1917 879 1986; x_wconf 81' lang='lat' dir='ltr'><strong>Tuscos</strong></span> <span class='ocrx_word' id='word_1_155' title='bbox 896 1939 962 1985; x_wconf 84' lang='lat' dir='ltr'><strong>nox</strong></span> <span class='ocrx_word' id='word_1_156' title='bbox 979 1920 1120 2000; x_wconf 82' lang='lat' dir='ltr'><strong>texisset,</strong></span> <span class='ocrx_word' id='word_1_157' title='bbox 1136 1921 1173 1986; x_wconf 80' lang='lat' dir='ltr'><strong>ita</strong></span> 
     </span>
     <span class='ocr_line' id='line_1_19' title="bbox 97 2013 1173 2102; baseline 0.001 -20"><span class='ocrx_word' id='word_1_158' title='bbox 97 2033 131 2082; x_wconf 89' lang='lat'><strong>10</strong></span> <span class='ocrx_word' id='word_1_159' title='bbox 148 2024 184 2079; x_wconf 89' lang='lat' dir='ltr'><strong>ut</strong></span> <span class='ocrx_word' id='word_1_160' title='bbox 196 2014 331 2080; x_wconf 88' lang='lat' dir='ltr'><strong>victores</strong></span> <span class='ocrx_word' id='word_1_161' title='bbox 343 2015 431 2100; x_wconf 88' lang='lat' dir='ltr'><strong>prius</strong></span> <span class='ocrx_word' id='word_1_162' title='bbox 445 2035 540 2097; x_wconf 85' lang='lat' dir='ltr'><strong>quam</strong></span> <span class='ocrx_word' id='word_1_163' title='bbox 554 2014 629 2079; x_wconf 86' lang='lat' dir='ltr'><strong>victi</strong></span> <span class='ocrx_word' id='word_1_164' title='bbox 645 2013 810 2101; x_wconf 83' lang='lat' dir='ltr'><strong>pugnandi</strong></span> <span class='ocrx_word' id='word_1_165' title='bbox 822 2013 918 2079; x_wconf 89' lang='lat' dir='ltr'><strong>finem</strong></span> <span class='ocrx_word' id='word_1_166' title='bbox 932 2014 1084 2082; x_wconf 81' lang='lat' dir='ltr'><strong>lacerent</strong></span> <span class='ocrx_word' id='word_1_167' title='bbox 1110 2023 1173 2102; x_wconf 81' lang='lat' dir='ltr'><strong>post</strong></span> 
     </span>
     <span class='ocr_line' id='line_1_20' title="bbox 150 2107 1174 2194; baseline 0.002 -19"><span class='ocrx_word' id='word_1_168' title='bbox 150 2130 299 2175; x_wconf 88' lang='lat' dir='ltr'><strong>occasum</strong></span> <span class='ocrx_word' id='word_1_169' title='bbox 317 2107 392 2174; x_wconf 91' lang='lat' dir='ltr'><strong>solis</strong></span> <span class='ocrx_word' id='word_1_170' title='bbox 411 2107 537 2194; x_wconf 85' lang='lat' dir='ltr'><strong>signum</strong></span> <span class='ocrx_word' id='word_1_171' title='bbox 554 2108 695 2194; x_wconf 89' lang='lat' dir='ltr'><strong>receptui</strong></span> <span class='ocrx_word' id='word_1_172' title='bbox 712 2108 821 2173; x_wconf 89' lang='lat' dir='ltr'><strong>datum</strong></span> <span class='ocrx_word' id='word_1_173' title='bbox 838 2117 901 2188; x_wconf 82' lang='lat' dir='ltr'><strong>est3</strong></span> <span class='ocrx_word' id='word_1_174' title='bbox 926 2118 1022 2176; x_wconf 85' lang='lat' dir='ltr'><strong>nocte</strong></span> <span class='ocrx_word' id='word_1_175' title='bbox 1040 2109 1080 2176; x_wconf 90' lang='lat' dir='ltr'><strong>ab</strong></span> <span class='ocrx_word' id='word_1_176' title='bbox 1098 2119 1174 2176; x_wconf 89' lang='lat' dir='ltr'><strong>utro-</strong></span> 
     </span>
     <span class='ocr_line' id='line_1_21' title="bbox 97 2202 1174 2289; baseline 0.002 -20"><span class='ocrx_word' id='word_1_177' title='bbox 97 2220 129 2270; x_wconf 85' lang='lat'><strong>11</strong></span> <span class='ocrx_word' id='word_1_178' title='bbox 148 2225 211 2289; x_wconf 89' lang='lat' dir='ltr'><strong>que</strong></span> <span class='ocrx_word' id='word_1_179' title='bbox 228 2203 262 2268; x_wconf 91' lang='lat' dir='ltr'><strong>in</strong></span> <span class='ocrx_word' id='word_1_180' title='bbox 279 2212 383 2270; x_wconf 85' lang='lat' dir='ltr'><strong>castra</strong></span> <span class='ocrx_word' id='word_1_181' title='bbox 403 2202 548 2268; x_wconf 89' lang='lat' dir='ltr'><strong>reditum.</strong></span> <span class='ocrx_word' id='word_1_182' title='bbox 583 2224 644 2268; x_wconf 89' lang='lat' dir='ltr'><strong>nec</strong></span> <span class='ocrx_word' id='word_1_183' title='bbox 660 2202 775 2269; x_wconf 90' lang='lat' dir='ltr'><strong>deinde</strong></span> <span class='ocrx_word' id='word_1_184' title='bbox 793 2202 962 2288; x_wconf 85' lang='lat' dir='ltr'><strong>quicquam</strong></span> <span class='ocrx_word' id='word_1_185' title='bbox 980 2226 1020 2271; x_wconf 91' lang='lat' dir='ltr'><strong>eo</strong></span> <span class='ocrx_word' id='word_1_186' title='bbox 1038 2226 1120 2271; x_wconf 90' lang='lat' dir='ltr'><strong>anno</strong></span> <span class='ocrx_word' id='word_1_187' title='bbox 1134 2202 1174 2270; x_wconf 88' lang='lat' dir='ltr'><strong>rei</strong></span> 
     </span>
     <span class='ocr_line' id='line_1_22' title="bbox 147 2296 1174 2384; baseline 0.002 -21"><span class='ocrx_word' id='word_1_188' title='bbox 147 2297 300 2364; x_wconf 89' lang='lat' dir='ltr'><strong>memoria</strong></span> <span class='ocrx_word' id='word_1_189' title='bbox 325 2296 440 2384; x_wconf 80' lang='lat' dir='ltr'><strong>dignae</strong></span> <span class='ocrx_word' id='word_1_190' title='bbox 466 2297 552 2382; x_wconf 90' lang='lat' dir='ltr'><strong>apud</strong></span> <span class='ocrx_word' id='word_1_191' title='bbox 576 2296 719 2363; x_wconf 89' lang='lat' dir='ltr'><strong>Sutrium</strong></span> <span class='ocrx_word' id='word_1_192' title='bbox 741 2306 867 2383; x_wconf 82' lang='lat' dir='ltr'><strong>gestum</strong></span> <span class='ocrx_word' id='word_1_193' title='bbox 893 2307 956 2376; x_wconf 90' lang='lat' dir='ltr'><strong>est,</strong></span> <span class='ocrx_word' id='word_1_194' title='bbox 983 2297 1061 2383; x_wconf 87' lang='lat' dir='ltr'><strong>quia</strong></span> <span class='ocrx_word' id='word_1_195' title='bbox 1086 2307 1174 2365; x_wconf 86' lang='lat' dir='ltr'><strong>etex</strong></span> 
     </span>
     <span class='ocr_line' id='line_1_23' title="bbox 88 2392 1174 2479; baseline 0 -20"><span class='ocrx_word' id='word_1_196' title='bbox 88 2407 91 2411; x_wconf 89' lang='grc'><strong>’</strong></span> <span class='ocrx_word' id='word_1_197' title='bbox 147 2392 287 2460; x_wconf 90' lang='lat' dir='ltr'><strong>hostium</strong></span> <span class='ocrx_word' id='word_1_198' title='bbox 305 2393 443 2458; x_wconf 86' lang='lat' dir='ltr'><strong>exercitu</strong></span> <span class='ocrx_word' id='word_1_199' title='bbox 465 2392 567 2478; x_wconf 91' lang='lat' dir='ltr'><strong>prima</strong></span> <span class='ocrx_word' id='word_1_200' title='bbox 583 2401 649 2457; x_wconf 89' lang='lat' dir='ltr'><strong>tota</strong></span> <span class='ocrx_word' id='word_1_201' title='bbox 667 2392 750 2458; x_wconf 85' lang='lat' dir='ltr'><strong>acies</strong></span> <span class='ocrx_word' id='word_1_202' title='bbox 769 2392 872 2458; x_wconf 88' lang='lat' dir='ltr'><strong>deleta</strong></span> <span class='ocrx_word' id='word_1_203' title='bbox 888 2414 953 2458; x_wconf 89' lang='lat' dir='ltr'><strong>uno</strong></span> <span class='ocrx_word' id='word_1_204' title='bbox 975 2394 1098 2479; x_wconf 89' lang='lat' dir='ltr'><strong>proelio</strong></span> <span class='ocrx_word' id='word_1_205' title='bbox 1114 2393 1174 2459; x_wconf 81' lang='lat' dir='ltr'><strong>fue-</strong></span> 
     </span>
     <span class='ocr_line' id='line_1_24' title="bbox 147 2486 1174 2572; baseline 0.002 -20"><span class='ocrx_word' id='word_1_206' title='bbox 147 2497 197 2552; x_wconf 87' lang='lat' dir='ltr'><strong>rat</strong></span> <span class='ocrx_word' id='word_1_207' title='bbox 222 2486 417 2553; x_wconf 76' lang='lat' dir='ltr'><strong>subsidiariis</strong></span> <span class='ocrx_word' id='word_1_208' title='bbox 446 2487 541 2553; x_wconf 89' lang='lat' dir='ltr'><strong>modo</strong></span> <span class='ocrx_word' id='word_1_209' title='bbox 566 2487 697 2565; x_wconf 89' lang='lat' dir='ltr'><strong>relictis,</strong></span> <span class='ocrx_word' id='word_1_210' title='bbox 729 2487 785 2552; x_wconf 87' lang='lat' dir='ltr'><strong>vix</strong></span> <span class='ocrx_word' id='word_1_211' title='bbox 810 2488 896 2572; x_wconf 90' lang='lat' dir='ltr'><strong>quod</strong></span> <span class='ocrx_word' id='word_1_212' title='bbox 923 2488 1002 2555; x_wconf 86' lang='lat' dir='ltr'><strong>satis</strong></span> <span class='ocrx_word' id='word_1_213' title='bbox 1031 2499 1116 2556; x_wconf 88' lang='lat' dir='ltr'><strong>esset</strong></span> <span class='ocrx_word' id='word_1_214' title='bbox 1140 2488 1174 2554; x_wconf 91' lang='lat' dir='ltr'><strong>ad</strong></span> 
     </span>
     <span class='ocr_line' id='line_1_25' title="bbox 97 2581 1175 2669; baseline 0.001 -20"><span class='ocrx_word' id='word_1_215' title='bbox 97 2598 129 2649; x_wconf 79' lang='lat'><strong>12</strong></span> <span class='ocrx_word' id='word_1_216' title='bbox 147 2593 321 2649; x_wconf 87' lang='lat' dir='ltr'><strong>castrorum</strong></span> <span class='ocrx_word' id='word_1_217' title='bbox 338 2583 540 2669; x_wconf 86' lang='lat' dir='ltr'><strong>praesidium,</strong></span> <span class='ocrx_word' id='word_1_218' title='bbox 556 2591 587 2647; x_wconf 86' lang='lat' dir='ltr'><strong>et</strong></span> <span class='ocrx_word' id='word_1_219' title='bbox 600 2583 685 2668; x_wconf 89' lang='lat' dir='ltr'><strong>apud</strong></span> <span class='ocrx_word' id='word_1_220' title='bbox 697 2581 859 2649; x_wconf 87' lang='lat' dir='ltr'><strong>Romanos</strong></span> <span class='ocrx_word' id='word_1_221' title='bbox 878 2592 1002 2648; x_wconf 89' lang='lat' dir='ltr'><strong>tantum</strong></span> <span class='ocrx_word' id='word_1_222' title='bbox 1016 2585 1175 2650; x_wconf 88' lang='lat' dir='ltr'><strong>vulnerum</strong></span> 
     </span>
     <span class='ocr_line' id='line_1_26' title="bbox 148 2676 1175 2765; baseline 0.002 -22"><span class='ocrx_word' id='word_1_223' title='bbox 148 2677 217 2758; x_wconf 87' lang='lat' dir='ltr'><strong>fuit,</strong></span> <span class='ocrx_word' id='word_1_224' title='bbox 231 2689 267 2744; x_wconf 88' lang='lat' dir='ltr'><strong>ut</strong></span> <span class='ocrx_word' id='word_1_225' title='bbox 283 2679 389 2764; x_wconf 92' lang='lat' dir='ltr'><strong>plures</strong></span> <span class='ocrx_word' id='word_1_226' title='bbox 407 2687 480 2764; x_wconf 91' lang='lat' dir='ltr'><strong>post</strong></span> <span class='ocrx_word' id='word_1_227' title='bbox 496 2676 651 2764; x_wconf 90' lang='lat' dir='ltr'><strong>proelium</strong></span> <span class='ocrx_word' id='word_1_228' title='bbox 669 2677 768 2742; x_wconf 87' lang='lat' dir='ltr'><strong>saucii</strong></span> <span class='ocrx_word' id='word_1_229' title='bbox 785 2678 978 2745; x_wconf 87' lang='lat' dir='ltr'><strong>decesserint</strong></span> <span class='ocrx_word' id='word_1_230' title='bbox 992 2702 1091 2765; x_wconf 89' lang='lat' dir='ltr'><strong>quam</strong></span> <span class='ocrx_word' id='word_1_231' title='bbox 1104 2679 1175 2746; x_wconf 86' lang='lat' dir='ltr'><strong>ceci·</strong></span> 
     </span>
     <span class='ocr_line' id='line_1_27' title="bbox 148 2773 402 2839; baseline -0.004 -1"><span class='ocrx_word' id='word_1_232' title='bbox 148 2773 258 2839; x_wconf 88' lang='lat' dir='ltr'><strong>derant</strong></span> <span class='ocrx_word' id='word_1_233' title='bbox 274 2774 308 2838; x_wconf 93' lang='lat' dir='ltr'><strong>in</strong></span> <span class='ocrx_word' id='word_1_234' title='bbox 326 2774 402 2838; x_wconf 89' lang='lat' dir='ltr'><strong>acie.</strong></span> 
     </span>
    </p>

    <p class='ocr_par' dir='ltr' id='par_1_5' title="bbox 113 2865 1176 3144">
     <span class='ocr_line' id='line_1_28' title="bbox 114 2865 1176 2950; baseline 0.001 -18"><span class='ocrx_word' id='word_1_235' title='bbox 114 2883 128 2932; x_wconf 91' lang='lat'>1</span> <span class='ocrx_word' id='word_1_236' title='bbox 212 2866 387 2931; x_wconf 88' lang='lat' dir='ltr'>XXXIII.</span> <span class='ocrx_word' id='word_1_237' title='bbox 415 2865 456 2948; x_wconf 83' lang='lat' dir='ltr'><strong>Q.</strong></span> <span class='ocrx_word' id='word_1_238' title='bbox 474 2867 594 2933; x_wconf 84' lang='lat' dir='ltr'><strong>Fabius</strong></span> <span class='ocrx_word' id='word_1_239' title='bbox 616 2867 811 2950; x_wconf 84' lang='lat' dir='ltr'><strong>insequentis</strong></span> <span class='ocrx_word' id='word_1_240' title='bbox 835 2867 909 2933; x_wconf 89' lang='lat' dir='ltr'><strong>anni</strong></span> <span class='ocrx_word' id='word_1_241' title='bbox 932 2870 1047 2937; x_wconf 87' lang='lat' dir='ltr'><strong>consul</strong></span> <span class='ocrx_word' id='word_1_242' title='bbox 1067 2868 1176 2936; x_wconf 89' lang='lat' dir='ltr'><strong>bellum</strong></span> 
     </span>
     <span class='ocr_line' id='line_1_29' title="bbox 147 2959 1174 3050; baseline 0.001 -23"><span class='ocrx_word' id='word_1_243' title='bbox 147 2961 189 3027; x_wconf 91' lang='lat' dir='ltr'><strong>ad</strong></span> <span class='ocrx_word' id='word_1_244' title='bbox 200 2959 342 3028; x_wconf 87' lang='lat' dir='ltr'><strong>Sutrium</strong></span> <span class='ocrx_word' id='word_1_245' title='bbox 356 2963 488 3048; x_wconf 88' lang='lat' dir='ltr'><strong>excepit,</strong></span> <span class='ocrx_word' id='word_1_246' title='bbox 503 2962 624 3050; x_wconf 85' lang='lat' dir='ltr'><strong>collega</strong></span> <span class='ocrx_word' id='word_1_247' title='bbox 632 2961 734 3028; x_wconf 83' lang='lat' dir='ltr'><strong>Fabio</strong></span> <span class='ocrx_word' id='word_1_248' title='bbox 745 2960 783 3029; x_wconf 84' lang='lat' dir='ltr'><strong>O.</strong></span> <span class='ocrx_word' id='word_1_249' title='bbox 793 2961 935 3028; x_wconf 87' lang='lat' dir='ltr'><strong>Marcius</strong></span> <span class='ocrx_word' id='word_1_250' title='bbox 945 2964 1077 3032; x_wconf 86' lang='lat' dir='ltr'><strong>Rutilus</strong></span> <span class='ocrx_word' id='word_1_251' title='bbox 1092 2966 1174 3031; x_wconf 86' lang='lat' dir='ltr'><strong>datus</strong></span> 
     </span>
     <span class='ocr_line' id='line_1_30' title="bbox 113 3039 1176 3144; baseline 0.001 -24"><span class='ocrx_word' id='word_1_252' title='bbox 113 3070 129 3120; x_wconf 81' lang='lat'><strong>2</strong></span> <span class='ocrx_word' id='word_1_253' title='bbox 148 3065 205 3123; x_wconf 87' lang='lat' dir='ltr'><strong>est.</strong></span> <span class='ocrx_word' id='word_1_254' title='bbox 243 3066 382 3123; x_wconf 88' lang='lat' dir='ltr'><strong>ceterum</strong></span> <span class='ocrx_word' id='word_1_255' title='bbox 406 3066 437 3123; x_wconf 85' lang='lat' dir='ltr'><strong>et</strong></span> <span class='ocrx_word' id='word_1_256' title='bbox 453 3057 573 3124; x_wconf 84' lang='lat' dir='ltr'><strong>Fabius</strong></span> <span class='ocrx_word' id='word_1_257' title='bbox 598 3056 852 3144; x_wconf 89' lang='lat' dir='ltr'><strong>supplementum</strong></span> <span class='ocrx_word' id='word_1_258' title='bbox 869 3056 909 3122; x_wconf 90' lang='lat' dir='ltr'><strong>ab</strong></span> <span class='ocrx_word' id='word_1_259' title='bbox 928 3056 1039 3126; x_wconf 88' lang='lat' dir='ltr'><strong>Roma</strong></span> <span class='ocrx_word' id='word_1_260' title='bbox 1056 3039 1176 3127; x_wconf 82' lang='lat' dir='ltr'><strong>adduxit</strong></span> 
     </span>
    </p>

    <p class='ocr_par' dir='ltr' id='par_1_6' title="bbox 30 3151 1176 4094">
     <span class='ocr_line' id='line_1_31' title="bbox 128 3151 1002 3220; baseline 0.001 -1"><span class='ocrx_word' id='word_1_261' title='bbox 128 3160 130 3164; x_wconf 81' lang='grc'>’</span> <span class='ocrx_word' id='word_1_262' title='bbox 147 3162 180 3219; x_wconf 87' lang='lat' dir='ltr'><strong>et</strong></span> <span class='ocrx_word' id='word_1_263' title='bbox 197 3175 299 3219; x_wconf 91' lang='lat' dir='ltr'><strong>novus</strong></span> <span class='ocrx_word' id='word_1_264' title='bbox 317 3153 473 3219; x_wconf 88' lang='lat' dir='ltr'><strong>exercitus</strong></span> <span class='ocrx_word' id='word_1_265' title='bbox 492 3153 586 3218; x_wconf 92' lang='lat' dir='ltr'><strong>domo</strong></span> <span class='ocrx_word' id='word_1_266' title='bbox 604 3153 723 3218; x_wconf 90' lang='lat' dir='ltr'><strong>accitus</strong></span> <span class='ocrx_word' id='word_1_267' title='bbox 740 3151 885 3218; x_wconf 83' lang='lat' dir='ltr'><strong>Etruscis</strong></span> <span class='ocrx_word' id='word_1_268' title='bbox 903 3153 1002 3220; x_wconf 83' lang='lat' dir='ltr'><strong>veuit</strong></span> 
     </span>
     <span class='ocr_line' id='line_1_32' title="bbox 113 3247 1176 3338; baseline 0.003 -26"><span class='ocrx_word' id='word_1_269' title='bbox 113 3262 129 3312; x_wconf 81' lang='lat'><em>8</em></span> <span class='ocrx_word' id='word_1_270' title='bbox 210 3247 365 3315; x_wconf 89' lang='lat' dir='ltr'><strong>Permulti</strong></span> <span class='ocrx_word' id='word_1_271' title='bbox 382 3248 456 3313; x_wconf 88' lang='lat' dir='ltr'><strong>anni</strong></span> <span class='ocrx_word' id='word_1_272' title='bbox 473 3248 537 3312; x_wconf 91' lang='lat' dir='ltr'><strong>iam</strong></span> <span class='ocrx_word' id='word_1_273' title='bbox 550 3255 647 3326; x_wconf 87' lang='lat' dir='ltr'><strong>erant,</strong></span> <span class='ocrx_word' id='word_1_274' title='bbox 662 3269 735 3312; x_wconf 91' lang='lat' dir='ltr'><strong>cum</strong></span> <span class='ocrx_word' id='word_1_275' title='bbox 751 3247 834 3314; x_wconf 87' lang='lat' dir='ltr'><strong>inter</strong></span> <span class='ocrx_word' id='word_1_276' title='bbox 849 3247 1002 3334; x_wconf 87' lang='lat' dir='ltr'><strong>patricios</strong></span> <span class='ocrx_word' id='word_1_277' title='bbox 1018 3250 1176 3338; x_wconf 86' lang='lat' dir='ltr'><strong>magistra·</strong></span> 
     </span>
     <span class='ocr_line' id='line_1_33' title="bbox 30 3341 1176 3427; baseline 0.003 -19"><span class='ocrx_word' id='word_1_278' title='bbox 30 3414 33 3420; x_wconf 57' lang='grc'><strong>,</strong></span> <span class='ocrx_word' id='word_1_279' title='bbox 147 3351 199 3408; x_wconf 90' lang='lat' dir='ltr'><strong>tus</strong></span> <span class='ocrx_word' id='word_1_280' title='bbox 217 3343 421 3427; x_wconf 83' lang='lat' dir='ltr'><strong>tribunosque</strong></span> <span class='ocrx_word' id='word_1_281' title='bbox 438 3343 526 3407; x_wconf 86' lang='lat' dir='ltr'><strong>nulla</strong></span> <span class='ocrx_word' id='word_1_282' title='bbox 543 3341 713 3408; x_wconf 64' lang='lat' dir='ltr'><strong>ceramina</strong></span> <span class='ocrx_word' id='word_1_283' title='bbox 730 3341 865 3419; x_wconf 85' lang='lat' dir='ltr'><strong>fuerant,</strong></span> <span class='ocrx_word' id='word_1_284' title='bbox 884 3363 959 3407; x_wconf 89' lang='lat' dir='ltr'><strong>cum</strong></span> <span class='ocrx_word' id='word_1_285' title='bbox 976 3365 1021 3409; x_wconf 87' lang='lat' dir='ltr'><strong>ex</strong></span> <span class='ocrx_word' id='word_1_286' title='bbox 1039 3368 1079 3411; x_wconf 87' lang='lat' dir='ltr'><strong>ea</strong></span> <span class='ocrx_word' id='word_1_287' title='bbox 1095 3342 1176 3410; x_wconf 81' lang='lat' dir='ltr'><strong>fami-</strong></span> 
     </span>
     <span class='ocr_line' id='line_1_34' title="bbox 147 3436 1176 3522; baseline 0.004 -21"><span class='ocrx_word' id='word_1_288' title='bbox 147 3436 204 3514; x_wconf 89' lang='lat' dir='ltr'><strong>lia,</strong></span> <span class='ocrx_word' id='word_1_289' title='bbox 223 3458 306 3520; x_wconf 87' lang='lat' dir='ltr'><strong>quae</strong></span> <span class='ocrx_word' id='word_1_290' title='bbox 322 3438 409 3503; x_wconf 86' lang='lat' dir='ltr'><strong>velut</strong></span> <span class='ocrx_word' id='word_1_291' title='bbox 426 3437 531 3503; x_wconf 84' lang='lat' dir='ltr'><strong>fatalis</strong></span> <span class='ocrx_word' id='word_1_292' title='bbox 550 3436 651 3522; x_wconf 92' lang='lat' dir='ltr'><strong>(cum)</strong></span> <span class='ocrx_word' id='word_1_293' title='bbox 670 3436 803 3503; x_wconf 87' lang='lat' dir='ltr'><strong>tribunis</strong></span> <span class='ocrx_word' id='word_1_294' title='bbox 822 3458 860 3502; x_wconf 90' lang='lat' dir='ltr'><strong>ao</strong></span> <span class='ocrx_word' id='word_1_295' title='bbox 877 3436 964 3522; x_wconf 90' lang='lat' dir='ltr'><strong>plebi</strong></span> <span class='ocrx_word' id='word_1_296' title='bbox 981 3449 1067 3519; x_wconf 86' lang='lat' dir='ltr'><strong>erat,</strong></span> <span class='ocrx_word' id='word_1_297' title='bbox 1086 3448 1176 3505; x_wconf 82' lang='lat' dir='ltr'><strong>certa·</strong></span> 
     </span>
     <span class='ocr_line' id='line_1_35' title="bbox 114 3530 1175 3618; baseline -0.001 -23"><span class='ocrx_word' id='word_1_298' title='bbox 114 3547 223 3595; x_wconf 76' lang='lat' dir='ltr'><strong>cmen</strong></span> <span class='ocrx_word' id='word_1_299' title='bbox 244 3530 351 3596; x_wconf 88' lang='lat' dir='ltr'><strong>oritur.</strong></span> <span class='ocrx_word' id='word_1_300' title='bbox 386 3530 451 3618; x_wconf 81' lang='lat' dir='ltr'><strong>Ap.</strong></span> <span class='ocrx_word' id='word_1_301' title='bbox 472 3530 625 3598; x_wconf 88' lang='lat' dir='ltr'><strong>Claudius</strong></span> <span class='ocrx_word' id='word_1_302' title='bbox 650 3553 762 3596; x_wconf 88' lang='lat' dir='ltr'><strong>censor</strong></span> <span class='ocrx_word' id='word_1_303' title='bbox 787 3531 986 3597; x_wconf 88' lang='lat' dir='ltr'><strong>circumactis</strong></span> <span class='ocrx_word' id='word_1_304' title='bbox 1016 3534 1175 3600; x_wconf 83' lang='lat' dir='ltr'><strong>decentet</strong></span> 
     </span>
     <span class='ocr_line' id='line_1_36' title="bbox 147 3625 1173 3716; baseline 0.001 -26"><span class='ocrx_word' id='word_1_305' title='bbox 147 3634 217 3690; x_wconf 92' lang='lat' dir='ltr'><strong>octo</strong></span> <span class='ocrx_word' id='word_1_306' title='bbox 230 3626 402 3705; x_wconf 84' lang='lat' dir='ltr'><strong>mensibus,</strong></span> <span class='ocrx_word' id='word_1_307' title='bbox 412 3628 497 3712; x_wconf 88' lang='lat' dir='ltr'><strong>quod</strong></span> <span class='ocrx_word' id='word_1_308' title='bbox 505 3625 644 3692; x_wconf 77' lang='lat' dir='ltr'><strong>Aemilia</strong></span> <span class='ocrx_word' id='word_1_309' title='bbox 655 3626 727 3713; x_wconf 85' lang='lat' dir='ltr'><strong>lege</strong></span> <span class='ocrx_word' id='word_1_310' title='bbox 739 3626 863 3691; x_wconf 86' lang='lat' dir='ltr'><strong>finitum</strong></span> <span class='ocrx_word' id='word_1_311' title='bbox 877 3648 1035 3695; x_wconf 85' lang='lat' dir='ltr'><strong>censurae</strong></span> <span class='ocrx_word' id='word_1_312' title='bbox 1049 3628 1173 3716; x_wconf 87' lang='lat' dir='ltr'><strong>spatium</strong></span> 
     </span>
     <span class='ocr_line' id='line_1_37' title="bbox 143 3719 1172 3810; baseline 0.001 -26"><span class='ocrx_word' id='word_1_313' title='bbox 143 3720 298 3807; x_wconf 83' lang='lat' dir='ltr'><strong>temporis</strong></span> <span class='ocrx_word' id='word_1_314' title='bbox 316 3731 391 3799; x_wconf 89' lang='lat' dir='ltr'><strong>erat,</strong></span> <span class='ocrx_word' id='word_1_315' title='bbox 411 3743 484 3786; x_wconf 90' lang='lat' dir='ltr'><strong>cum</strong></span> <span class='ocrx_word' id='word_1_316' title='bbox 498 3719 537 3787; x_wconf 83' lang='lat' dir='ltr'><strong>O.</strong></span> <span class='ocrx_word' id='word_1_317' title='bbox 550 3719 696 3788; x_wconf 87' lang='lat' dir='ltr'><strong>Plautius</strong></span> <span class='ocrx_word' id='word_1_318' title='bbox 713 3719 837 3807; x_wconf 83' lang='lat' dir='ltr'><strong>collega</strong></span> <span class='ocrx_word' id='word_1_319' title='bbox 853 3720 922 3786; x_wconf 88' lang='lat' dir='ltr'><strong>eius</strong></span> <span class='ocrx_word' id='word_1_320' title='bbox 941 3723 1131 3810; x_wconf 79' lang='lat' dir='ltr'><strong>magistratu</strong></span> <span class='ocrx_word' id='word_1_321' title='bbox 1145 3737 1172 3785; x_wconf 89' lang='lat' dir='ltr'><strong>se</strong></span> 
     </span>
     <span class='ocr_line' id='line_1_38' title="bbox 112 3812 1171 3902; baseline 0 -21"><span class='ocrx_word' id='word_1_322' title='bbox 112 3831 128 3881; x_wconf 82' lang='lat' dir='ltr'><strong>o</strong></span> <span class='ocrx_word' id='word_1_323' title='bbox 147 3814 335 3896; x_wconf 82' lang='lat' dir='ltr'><strong>abdicasset,</strong></span> <span class='ocrx_word' id='word_1_324' title='bbox 353 3815 441 3881; x_wconf 87' lang='lat' dir='ltr'><strong>nulla</strong></span> <span class='ocrx_word' id='word_1_325' title='bbox 457 3816 489 3880; x_wconf 90' lang='lat' dir='ltr'><strong>vi</strong></span> <span class='ocrx_word' id='word_1_326' title='bbox 508 3815 642 3901; x_wconf 84' lang='lat' dir='ltr'><strong>conpelli</strong></span> <span class='ocrx_word' id='word_1_327' title='bbox 659 3823 695 3879; x_wconf 88' lang='lat' dir='ltr'><strong>ut</strong></span> <span class='ocrx_word' id='word_1_328' title='bbox 712 3812 872 3880; x_wconf 89' lang='lat' dir='ltr'><strong>abdicaret</strong></span> <span class='ocrx_word' id='word_1_329' title='bbox 888 3816 1005 3902; x_wconf 88' lang='lat' dir='ltr'><strong>potuit.</strong></span> <span class='ocrx_word' id='word_1_330' title='bbox 1037 3814 1077 3883; x_wconf 91' lang='lat' dir='ltr'><strong>P.</strong></span> <span class='ocrx_word' id='word_1_331' title='bbox 1093 3814 1171 3883; x_wconf 86' lang='lat' dir='ltr'><strong>Sem·</strong></span> 
     </span>
     <span class='ocr_line' id='line_1_39' title="bbox 145 3908 1172 3996; baseline -0.002 -20"><span class='ocrx_word' id='word_1_332' title='bbox 145 3911 275 3996; x_wconf 90' lang='lat' dir='ltr'><strong>pronius</strong></span> <span class='ocrx_word' id='word_1_333' title='bbox 294 3920 361 3978; x_wconf 89' lang='lat' dir='ltr'><strong>erat</strong></span> <span class='ocrx_word' id='word_1_334' title='bbox 379 3910 523 3977; x_wconf 87' lang='lat' dir='ltr'><strong>tribunus</strong></span> <span class='ocrx_word' id='word_1_335' title='bbox 544 3908 660 3995; x_wconf 88' lang='lat' dir='ltr'><strong>plebis,</strong></span> <span class='ocrx_word' id='word_1_336' title='bbox 684 3908 739 3993; x_wconf 91' lang='lat' dir='ltr'><strong>qui</strong></span> <span class='ocrx_word' id='word_1_337' title='bbox 756 3909 912 3977; x_wconf 85' lang='lat' dir='ltr'><strong>liniendae</strong></span> <span class='ocrx_word' id='word_1_338' title='bbox 930 3932 1088 3979; x_wconf 86' lang='lat' dir='ltr'><strong>censurae</strong></span> <span class='ocrx_word' id='word_1_339' title='bbox 1103 3911 1172 3976; x_wconf 78' lang='lat' dir='ltr'><strong>inus</strong></span> 
     </span>
     <span class='ocr_line' id='line_1_40' title="bbox 144 4000 1170 4094; baseline 0.002 -27"><span class='ocrx_word' id='word_1_340' title='bbox 144 4000 322 4090; x_wconf 83' lang='lat' dir='ltr'><strong>legitimum</strong></span> <span class='ocrx_word' id='word_1_341' title='bbox 348 4014 472 4093; x_wconf 87' lang='lat' dir='ltr'><strong>tempus</strong></span> <span class='ocrx_word' id='word_1_342' title='bbox 499 4003 653 4070; x_wconf 86' lang='lat' dir='ltr'><strong>actionem</strong></span> <span class='ocrx_word' id='word_1_343' title='bbox 680 4013 876 4092; x_wconf 86' lang='lat' dir='ltr'><strong>susceperat,</strong></span> <span class='ocrx_word' id='word_1_344' title='bbox 903 4026 970 4073; x_wconf 92' lang='lat' dir='ltr'><strong>uou</strong></span> <span class='ocrx_word' id='word_1_345' title='bbox 996 4005 1170 4094; x_wconf 84' lang='lat' dir='ltr'><strong>popularem</strong></span> 
     </span>
    </p>
   </div>
   <div class='ocr_carea' id='block_1_5' title="bbox 0 0 1294 4524">
    <p class='ocr_par' dir='ltr' id='par_1_7' title="bbox 0 0 1294 4524">
     <span class='ocr_line' id='line_1_41' title="bbox 0 0 1294 4524; baseline 0 0"><span class='ocrx_word' id='word_1_346' title='bbox 0 0 1294 4524; x_wconf 95' lang='lat' dir='ltr'><strong> </strong></span> 
     </span>
    </p>
   </div>
  </div>
 </body>
</html>
