2566 4524
340 264 458 318 arnus
474 265 517 330 ιι,
534 263 576 318 40.
589 263 631 318 ιι.
652 263 888 337 [acuar-sac]
1067 257 1126 321 101

106 425 283 512 priusquam
306 422 493 507 conplexum
511 420 644 531 accipi0,
668 421 789 499 sciam,'
810 422 911 506 inquit
934 425 988 489 ‘ad
1005 425 1129 492 hostem

105 543 142 584 an
159 517 200 581 ad
217 517 316 580 filium
329 517 481 626 venerim,
500 516 624 602 captiva
641 527 779 581 materne
796 517 830 581 in
847 518 957 583 castris
976 519 1038 584 tuis
1058 520 1126 585 sim.

102 613 133 677 in
148 612 209 676 hoc
228 633 279 675 me
296 610 439 697 longa
409 623 474 676 vrta
492 622 523 676 et
539 610 649 676 infelix
673 621 799 676 senecta
819 612 972 693 buxito
974 614 1128 680 texulem
1147 639 1162 685 s

103 717 145 784 te,
103 705 278 770 tdeinde
292 704 365 770 host
352 714 416 769 tem
429 705 587 770 viderem?
603 706 721 791 potuist
721 730 732 769 1
723 706 889 792 populari
905 663 1016 772 lianct
1003 716 1127 788 terram,

100 822 179 884 quae
193 810 227 864 te
239 799 350 885 genuit
362 810 456 883 atque
471 800 547 865 aluit
552 800 566 863 Ρ
535 811 646 864 tnon
660 800 725 878 tibi,
745 802 889 884 quamvis
899 801 994 866 infest
983 803 1128 868 toanimo
1148 827 1162 877 r

98 905 128 960 et
150 894 270 959 minaci
290 917 494 980 perveneras,
521 895 709 981 ingredienti
730 895 808 961 fines
831 897 878 961 ira
900 896 1031 961 cecidit?
1055 921 1127 975 non,

97 1012 169 1054 cum
188 989 222 1053 in
241 997 410 1073 conspectu
427 988 531 1053 Roma
547 988 621 1066 fuit,
642 989 794 1053 succurrit
813 989 917 1069 “intra
934 991 988 1054 illa
1003 991 1129 1056 moenia
1196 1026 1202 1035 =

97 1085 212 1148 domus
232 1104 269 1146 ac
285 1092 415 1167 penates
437 1083 501 1147 mei
524 1092 610 1160 sunt,
637 1093 749 1160 mater,
777 1084 913 1149 coniunx
937 1084 1128 1168 liberique?”
1152 1080 1156 1085 ’

97 1201 173 1265 ergo
191 1200 253 1263 ego
271 1177 333 1240 nisi
354 1178 562 1263 peperissem,
584 1178 688 1244 Roma
708 1200 772 1242 non
794 1189 1040 1265 oppugnaretur,
1067 1180 1128 1245 nisi
1146 1200 1161 1248 8

99 1273 196 1336 filium
215 1271 378 1348 haberem,
397 1271 496 1336 libera
513 1273 546 1337 in
563 1272 662 1337 libera
678 1273 779 1358 patria
796 1282 918 1336 mortua
931 1295 1043 1338 essem.
1072 1274 1129 1338 sed

98 1388 156 1453 ego
175 1365 256 1429 nihil
273 1364 337 1431 iam
353 1366 419 1451 pati
437 1389 496 1432 nec
513 1366 569 1431 tibi
588 1367 722 1452 turpius,
747 1366 869 1451 (quam)
887 1367 964 1430 mihi
982 1367 1127 1433 miserius

96 1483 229 1546 possum
252 1482 323 1537 nec,
351 1468 386 1524 ut
408 1484 478 1526 sum
496 1461 684 1539 miserrima,
708 1461 762 1525 diu
779 1461 885 1526 futura
903 1484 987 1540 sum;
1015 1462 1054 1526 de
1076 1461 1160 1530 hise

99 1554 231 1632 videris,
250 1576 344 1637 quos,
364 1553 391 1618 si
403 1555 523 1642 pergis,
543 1565 597 1620 aut
614 1555 769 1620 inmatura
787 1577 871 1620 mors
886 1566 940 1620 aut
952 1555 1048 1643 longa
1063 1579 1128 1621 ser-

94 1649 180 1714 vitus
203 1647 329 1712 manet!
363 1671 443 1713 uxor
464 1649 576 1714 deinde
599 1672 637 1714 ac
653 1649 743 1714 liberi
760 1648 896 1735 amplexi
913 1650 1067 1735 fletusque
1086 1651 1126 1716 ab

95 1743 183 1807 omni
201 1741 295 1807 turba
312 1744 476 1807 mulierum
499 1753 585 1808 ortus
609 1753 640 1808 et
663 1743 853 1830 conploratio
876 1745 924 1808 sui
945 1746 1126 1829 patriaeque

93 1837 221 1923 fregere
240 1838 365 1901 tandem
384 1837 496 1903 virum.
524 1836 695 1923 conplexus
713 1839 786 1903 inde
805 1861 879 1903 suos
898 1839 1038 1915 dimittit,
1057 1839 1126 1924 ipse
1147 1861 1178 1907 ro

93 1941 178 1996 retro
197 1929 238 1996 ab
256 1930 333 1996 urbe
352 1924 454 1997 castra
471 1931 577 1998 movit.
609 1932 752 1997 abductis
766 1933 878 1997 deinde
890 1932 1067 2019 legionibus
1087 1956 1127 1997 ex

95 2048 172 2111 agro
190 2025 351 2103 Romano,
373 2026 493 2091 invidia
512 2026 558 2091 rei
581 2049 767 2113 oppressum
788 2027 908 2112 perisse
930 2028 1056 2091 tradunt
1074 2027 1127 2091 alii

97 2119 158 2184 alio
178 2119 256 2198 leto;
283 2120 367 2205 apud
387 2119 537 2199 Fabium,
564 2121 658 2208 longe
680 2121 933 2206 antiquissimum
955 2131 1124 2199 auctorem,

96 2235 196 2298 usque
215 2213 257 2278 ad
275 2223 466 2279 senectutem
484 2214 601 2280 vixisse
616 2215 751 2279 eundem
763 2215 903 2281 invenio:
920 2216 1018 2280 refert
1031 2225 1123 2293 certe,
1144 2237 1175 2284 11

92 2308 176 2374 hauc
195 2331 291 2395 saepe
313 2329 399 2387 eum,
423 2318 532 2374 exacta
554 2318 674 2388 aetate,
684 2305 863 2394 ¹usurpasse
879 2321 1003 2386 vocem,
1027 2310 1125 2375 multo

93 2401 242 2467 miserius
266 2403 333 2467 seni
356 2402 483 2468 exilium
506 2426 585 2469 esse.
626 2425 690 2468 non
710 2402 888 2467 inviderunt
913 2402 1022 2468 laudes
1051 2426 1124 2468 suas

92 2496 279 2561 mulieribus
301 2497 360 2562 viri
380 2497 530 2578 Romani,
558 2499 637 2563 adeo
664 2496 981 2580 sinehobtrectatione
1007 2494 1125 2582 gloriae

93 2591 215 2656 alienae
226 2591 403 2673 vivebatur3
422 2605 624 2658 monumento
634 2613 758 2677 quoque
767 2592 853 2676 quod
865 2601 958 2669 esset,
973 2591 1124 2677 templum
1143 2611 1171 2660 12

93 2684 255 2753 Fortunae
273 2686 417 2752 muliebri
434 2687 632 2752 aedificatum
650 2687 890 2770 dedicatumque
908 2694 966 2751 est.

156 2779 295 2844 Rediere
309 2780 421 2846 deinde
430 2781 542 2846 Volsci
571 2781 724 2846 adiunctis
738 2779 861 2864 Aequis
889 2779 922 2845 in
935 2803 1047 2868 agrum
1059 2779 1125 2846 Ro·

92 2898 232 2953 manum,
248 2875 305 2940 sed
314 2873 420 2959 Aequi
428 2875 697 2941 AttiumTullium
707 2876 792 2941 haud
801 2876 883 2941 ultra
891 2874 990 2941 tulere
999 2876 1121 2941 ducem.

92 2969 168 3034 hinc
186 2989 226 3034 ex
245 2970 426 3049 certamine,
445 2970 555 3036 Volsci
568 2969 713 3055 Aequine
727 2970 1124 3057 imperatoremconiuncto
1144 2985 1175 3034 13

96 3062 245 3128 exercitui
259 3064 382 3142 darent,
402 3065 528 3143 seditio,
547 3065 660 3131 deinde
673 3075 762 3130 atrox
775 3065 927 3150 proelium
942 3074 1053 3128 ortum.
1079 3063 1125 3129 ibi

91 3155 221 3222 fortuna
233 3158 343 3244 populi
351 3159 488 3224 Romani
501 3160 580 3225 duos
593 3160 730 3224 hostium
746 3158 899 3223 exercitus
917 3157 1003 3222 haud
1020 3157 1124 3222 minus

92 3251 269 3336 pernicioso
288 3274 383 3335 quam
401 3253 553 3340 pertinaci
570 3254 737 3318 certamine
756 3252 900 3317 confecit

157 3343 317 3412 Consules
331 3347 423 3411 Titus
439 3344 577 3413 Sicinius
591 3357 622 3412 et
637 3346 674 3413 C.
688 3346 847 3432 Aquilius.
875 3343 993 3411 Sicinio
1003 3342 1121 3422 Volsci,
1142 3364 1175 3411 14

91 3439 223 3524 Aquilio
238 3439 371 3507 Hernici
389 3479 430 3490 —
448 3465 523 3506 nam
539 3443 562 3506 ii
579 3463 705 3526 quoque
722 3441 755 3505 in
773 3441 867 3505 armis
887 3449 974 3506 erant
991 3476 1033 3487 -
1051 3460 1124 3524 pro·

90 3535 196 3599 vincia
214 3535 328 3599 evenit.
357 3558 394 3601 eo
407 3559 490 3601 anno
499 3535 632 3602 Hermcr
643 3535 772 3614 devicti,
791 3558 864 3600 cum
877 3533 1003 3600 Volscis
1022 3554 1123 3664 aequo

89 3627 197 3694 blarte
215 3629 392 3695 discessum
411 3641 467 3696 est.

152 3723 333 3789 XXXXI.
371 3722 427 3811 Sp.
448 3725 579 3791 Cassius
602 3725 714 3790 deinde
733 3735 764 3788 et
779 3722 934 3788 Proculus
952 3720 1155 3809 Verginius1

90 3818 238 3885 consules
265 3818 351 3884 facti
392 3842 464 3885 cum
486 3820 633 3886 Hernicis
656 3818 833 3884 foedust
790 3829 833 3883 rct
833 3842 901 3895 um,
929 3816 996 3903 agri
1017 3829 1122 3901 partes

91 3913 172 3979 duae
195 3913 373 3999 ademptae
407 3914 481 3980 inde
503 3915 667 3979 dimidium
683 3914 823 3992 Latinis,
851 3911 1014 3976 dimidium
1037 3907 1122 3994 plebi

92 4006 251 4077 divisurus
270 4009 380 4075 consul
394 4008 526 4077 Cassius
546 4020 620 4076 erat.
652 4008 807 4074 adiciebat
823 4007 896 4071 huic
914 4002 1035 4069 muneri
1052 4001 1120 4090 agri
1138 4020 1154 4069 a
