2566 4524
146 219 213 290 542
416 231 536 286 muna
552 230 594 299 X,
612 229 656 286 aa.
669 227 716 285 44.
736 231 774 298 [a
782 245 810 284 u.
820 245 846 284 a.
856 227 922 299 461]

147 390 258 459 incerti
276 412 371 476 quam
388 388 422 453 in
438 396 561 476 partem
577 386 775 453 intenderent
790 385 860 465 iter,
878 395 1011 474 repente
1023 386 1058 453 in
1074 387 1179 478 fugam

148 493 388 553 consternantur
405 482 566 569 conspecti
583 480 625 548 ab
643 479 815 566 equitibus,
842 479 899 565 qui
921 501 1073 570 egressos
1094 494 1179 551 nocte

148 579 189 646 ab
207 578 322 667 oppido
342 575 502 644 Samnites
519 574 678 664 persecuti
699 573 842 640 viderant
862 573 1101 644 multitudinem
1121 600 1178 644 non

97 695 131 745 14
147 674 244 752 vallo,
271 695 335 739 non
357 670 543 738 stationibus
564 668 731 736 firmatam
776 678 947 756 conspecta
969 679 1004 736 et
1025 693 1068 738 ex
1088 671 1178 739 muris

148 767 338 854 Aquiloniae
356 789 394 832 ea
410 764 578 831 multitudo
596 772 663 830 erat
674 762 801 849 iamque
813 763 909 830 etiam
922 763 1119 852 legionariae
1134 789 1179 834 oo-

147 863 253 928 hortes
275 859 496 946 sequebantur.
532 867 672 925 ceterum
693 878 753 924 nec
773 856 871 946 pedes
894 857 1059 946 fugientes
1081 883 1180 949 perse-

149 957 204 1042 qui
224 955 328 1043 potuit
350 964 383 1030 et
403 953 445 1021 ab
467 953 574 1040 equite
593 951 759 1020 novissimi
780 952 916 1041 agminis
939 953 1074 1023 ducenti
1089 955 1177 1024 ferme

98 1074 131 1122 15
148 1061 181 1118 et
197 1050 358 1140 octoginta
372 1049 539 1116 interfecti.
575 1071 663 1115 arma
683 1047 784 1115 multa
802 1047 911 1135 pavidi
932 1071 973 1115 ac
995 1049 1092 1139 signa
1108 1051 1177 1117 mili·

147 1146 226 1212 taria
243 1143 460 1233 duodeviginti
476 1143 641 1229 reliquere.
677 1141 739 1209 alio
757 1142 883 1230 agmine
900 1142 1072 1224 incolumi,
1095 1155 1130 1211 ut
1146 1167 1177 1211 ex

147 1250 234 1307 tanta
251 1239 466 1326 trepidatione,
484 1237 665 1305 Bovianum
681 1245 868 1325 perventum
886 1247 944 1303 est.

115 1357 128 1403 1
213 1332 442 1400 XXXXIIH.
478 1332 651 1399 Laetitiam
676 1330 839 1416 utriusque
864 1332 1026 1400 exercitus
1048 1331 1181 1413 Romani⁴

148 1430 236 1495 auxit
253 1438 285 1495 et
302 1428 343 1494 ab
361 1429 457 1495 altera
474 1440 564 1515 parte
580 1425 715 1493 feliciter
730 1436 822 1513 gesta
838 1447 900 1493 res.
928 1435 1067 1514 uterque
1085 1450 1125 1495 ex
1141 1427 1177 1493 al·

147 1525 245 1592 terius
263 1524 417 1591 sententia
435 1523 545 1590 consul
558 1532 683 1610 captum
701 1521 853 1609 oppidum
866 1521 1084 1609 diripiendum
1098 1522 1178 1590 militi

114 1638 129 1685 2
148 1618 242 1695 dedit,
262 1617 424 1684 exhaustis
442 1617 556 1684 deinde
573 1618 663 1682 tectis
681 1615 788 1702 ignem
804 1615 921 1696 iniecit,
941 1618 1178 1705 eodemquedie

147 1710 322 1797 Aquilonia
348 1721 380 1778 et
402 1710 582 1778 Cominium
609 1711 832 1798 deflagravere.
878 1720 911 1776 et
937 1712 1091 1780 consides
1116 1736 1177 1780 cum

147 1806 355 1894 gratulatione
380 1816 491 1872 mutua
516 1805 677 1893 legionum
703 1825 824 1890 suaque
851 1814 956 1872 castra
983 1807 1174 1875 coniunxere.

114 1900 181 1968 sin
206 1909 378 1988 conspectu
403 1899 537 1966 duomm
563 1899 758 1966 exercituum
783 1908 815 1964 et
838 1897 1001 1966 Carvilius
1024 1921 1103 1968 suos
1127 1923 1177 1990 pro

148 1993 301 2080 cuiusque
325 1993 438 2060 merito
463 1992 604 2058 laudavit
630 1992 819 2079 donavitque
846 2001 878 2057 et
902 1991 1073 2081 Papirius,
1100 1995 1176 2082 apud

148 2109 243 2173 quem
259 2087 425 2175 multiplex
441 2087 475 2151 in
493 2086 574 2166 acie,
602 2087 685 2154 ciros
702 2096 818 2165 castra,
846 2086 930 2153 circa
950 2086 1068 2156 urbem
1084 2089 1178 2157 fuerat

148 2191 315 2262 certamen,
335 2179 392 2269 Sp.
401 2179 562 2260 Nautium,
583 2179 640 2270 Sp.
649 2181 813 2270 Papirium
823 2181 928 2250 fratris
941 2182 1047 2250 filium
1056 2193 1089 2252 et
1097 2193 1179 2272 quat·

148 2286 220 2345 tuor
228 2275 425 2345 centuriones
437 2275 696 2364 manipulumque
709 2277 906 2344 hastatorum
918 2277 1055 2345 armillis
1069 2280 1179 2348 aureis·

113 2392 210 2458 aque
227 2372 352 2439 coronis
370 2371 516 2438 donavits
539 2370 690 2436 Nautium
711 2380 840 2459 propter
861 2372 1112 2459 expeditionem,
1122 2395 1178 2461 qua

147 2465 257 2554 magni
274 2465 409 2554 agminis
427 2466 523 2532 modo
540 2474 690 2531 terruerat
708 2465 830 2544 hostes;
852 2464 1002 2532 iuvenem
1019 2465 1177 2554 Papirium

147 2570 275 2649 propter
299 2569 447 2627 navatam
470 2581 542 2626 cnm
563 2560 703 2645 equitatu
730 2568 762 2626 et
787 2561 822 2624 in
846 2560 967 2646 proelio
995 2583 1127 2648 operam
1151 2571 1178 2628 et

147 2665 249 2735 nocte,
268 2654 343 2741 quia
355 2654 466 2744 fugam
479 2654 627 2721 infestam
643 2651 839 2720 Samnitibus
853 2652 894 2720 ab
907 2651 1088 2740 Aquilonia
1105 2656 1177 2723 clam

114 2769 131 2819 o
149 2747 287 2836 egressis
303 2747 394 2829 fecit3
421 2749 618 2815 centuriones
636 2746 827 2833 militesque,
855 2747 930 2832 quia
945 2749 1044 2836 primi
1062 2760 1178 2837 portam

146 2863 334 2928 murumque
349 2840 541 2927 Aquiloniae
563 2851 719 2930 ceperant.
765 2841 885 2928 equites
908 2865 1021 2911 omnes
1044 2845 1088 2911 ob
1112 2844 1179 2910 insi-

146 2959 243 3026 gnem
261 2935 367 3002 multis
385 2936 463 3002 locis
482 2959 610 3023 operam
627 2937 793 3005 corniculis
812 2937 1008 3023 armillisque
1026 2939 1177 3028 argenteis

114 3032 252 3101 odorat
292 3029 459 3098 consilium
478 3031 553 3098 inde
573 3031 731 3110 habitum,
758 3053 830 3098 cum
852 3031 917 3097 iam
943 3043 1075 3121 tempus
1103 3042 1178 3101 esset

146 3125 322 3193 deducendi
339 3123 380 3193 ab
394 3123 526 3192 Samnio
544 3125 700 3192 exercitus
717 3134 773 3192 aut
785 3125 949 3211 utriusque
964 3136 1022 3193 aut
1039 3137 1126 3195 certe
1139 3126 1178 3194 al·

112 3241 127 3290 t
146 3219 254 3287 terius.
280 3219 434 3307 optimum
451 3219 566 3299 visum
585 3240 648 3306 quo
665 3219 768 3307 mags
785 3218 904 3286 fractae
921 3240 974 3286 res
990 3219 1178 3289 Samnitium

147 3322 266 3394 essent,
294 3334 333 3381 eo
349 3313 540 3400 pertinacius
563 3325 595 3380 et
616 3313 763 3380 infestius
785 3334 881 3401 agere
898 3323 1006 3380 cetera
1027 3324 1063 3382 et
1079 3336 1178 3404 perse-

146 3408 214 3493 qui,
241 3416 278 3474 ut
302 3407 513 3495 perdomitum
537 3405 703 3475 Samnium
728 3406 969 3493 insequentibus
998 3409 1177 3478 oonsulibus

112 3521 128 3570 8
146 3499 228 3568 tradi
243 3511 360 3588 posset
397 3502 524 3588 quando
541 3501 605 3568 iam
622 3501 728 3569 nullus
746 3512 831 3569 esset
852 3501 994 3569 hostium
1013 3505 1176 3582 exercitus,

145 3596 200 3681 qui
217 3593 317 3684 signis
335 3595 466 3662 conlatis
484 3595 689 3664 dimicaturus
706 3595 875 3677 videretur,
894 3619 996 3664 unum
1014 3618 1176 3688 superesse

145 3689 221 3756 belli
237 3710 352 3778 genus,
378 3688 504 3757 urbium
526 3691 792 3780 oppugnationes,
819 3713 955 3778 quamm
976 3713 1039 3781 per
1060 3693 1175 3762 audis

145 3785 275 3851 militem
300 3782 491 3870 locupletare
515 3784 633 3873 praeda
658 3795 691 3852 et
710 3785 833 3853 hostem
859 3808 918 3874 pro
944 3786 1011 3855 aris
1037 3809 1078 3856 ac
1101 3784 1174 3854 focis

7 3944 11 3951 ,
111 3878 345 3946 edimicantem
367 3879 521 3946 conficere
546 3889 687 3968 possent
731 3880 837 3967 itaque
864 3881 978 3949 litteris
1005 3883 1114 3951 missis
1138 3879 1173 3947 ad

146 3984 290 4040 senatum
315 3974 532 4061 populumque
553 3974 734 4042 Romanum
760 3975 922 4045 derebus
948 3975 992 4045 ab
1020 4000 1057 4046 se
1081 3973 1173 4066 gestis
