2566 4524
203 251 268 318 534
436 258 554 314 araas
569 258 610 328 x,
629 257 722 315 esar.
742 257 997 330 [ausaausa]

203 423 394 505 colonosque
412 427 520 505 captos
539 427 677 504 agerent,
695 417 728 481 in
747 417 898 483 victorem
915 417 1061 484 incidunt
1075 418 1230 486 consulem

203 516 243 582 ab
261 513 399 581 Luceria
415 512 612 590 redeuntem3
635 532 693 577 nec
710 510 860 598 praedam
878 510 983 576 solum
1000 513 1162 593 amittunt,
1181 514 1231 582 sed

202 610 268 697 ipsi
285 609 497 696 longoatque
518 605 658 692 inpedito
686 606 811 693 agmine
836 605 1029 693 inconpositi
1055 609 1229 676 aeduum.

154 724 185 774 18
204 705 314 772 consul
331 703 546 770 Interamnam
564 699 665 768 edicto
684 699 819 767 dominis
838 700 946 767 adres
967 725 1044 768 suas
1062 705 1230 771 noscendas

203 798 459 887 recipiendasque
476 795 631 864 revocatis
650 805 681 863 et
698 795 837 861 exercitu
853 794 898 861 ibi
914 795 1024 863 relicto
1043 798 1232 866 comitiorum

154 913 185 965 le
204 915 300 960 causa
317 892 453 958 Romam
471 899 519 957 est
536 889 706 977 profectus.
743 888 795 955 cui
817 889 856 954 de
874 887 1037 977 triumpho
1061 893 1169 981 agenti
1184 914 1231 958 ne-

204 997 297 1077 gatus
314 985 415 1052 honos
434 995 465 1051 et
482 984 522 1051 ob
541 985 658 1051 amissa
675 993 721 1050 tot
738 983 825 1049 milia
842 983 977 1049 militum
991 993 1024 1050 et
1038 988 1128 1070 quod
1144 987 1232 1074 capti·

125 1093 129 1098 '
204 1105 262 1149 vos
281 1080 350 1147 sine
367 1080 511 1167 pactione
530 1078 588 1145 sub
606 1079 717 1165 iugum
735 1077 882 1144 misisset.

172 1199 184 1245 1
268 1173 457 1241 XXXVII.
495 1171 616 1240 Consul
634 1172 712 1238 alter
728 1170 926 1251 Postumius,
945 1172 1021 1257 quia
1038 1172 1073 1239 in
1092 1171 1232 1242 Samniti·

203 1271 264 1338 bus
282 1269 413 1336 materia
429 1267 503 1336 belli
520 1268 637 1346 deerat,
655 1266 816 1333 Etruniam
828 1266 1011 1334 transducto
1025 1271 1168 1336 exercitu
1178 1272 1233 1358 pri·

171 1385 186 1432 a
205 1388 293 1432 mum
305 1371 541 1452 pervastaverat
549 1359 782 1429 Volsiniensem
795 1383 917 1449 agrum,
935 1361 1010 1427 dein
1019 1385 1094 1430 oum
1104 1367 1232 1452 egressis

204 1460 245 1525 ad
262 1459 395 1525 tuendos
413 1458 493 1523 fines
511 1455 597 1523 haud
609 1457 719 1543 procul
733 1454 897 1523 moenibus
910 1455 1054 1542 ipsorum
1067 1458 1232 1547 depugnat.

204 1555 267 1620 duo
289 1552 375 1619 milia
398 1575 435 1619 ac
457 1551 584 1618 ducenti
605 1551 814 1618 Etruseorum
836 1550 933 1629 caesi,
962 1561 1086 1619 ceteros
1114 1555 1233 1641 propin·

170 1646 306 1733 equitas
330 1646 416 1714 urbis
439 1655 538 1712 tutata
560 1655 618 1713 est.
653 1645 688 1711 in
708 1644 915 1711 Rusellanum
943 1668 1057 1732 agrum
1084 1649 1233 1714 exercitus

163 1778 166 1784 ·
204 1743 376 1821 naduetus,
394 1741 440 1810 ibi
457 1764 521 1808 non
539 1741 607 1829 agri
625 1749 746 1808 tantum
763 1740 887 1819 vastati,
907 1741 965 1807 sed
978 1742 1135 1829 oppidum
1148 1744 1234 1810 etiam

204 1847 435 1926 expugnatum,
464 1847 556 1924 capta
578 1835 712 1924 amplius
735 1837 798 1903 duo
820 1835 907 1902 milia
928 1834 1110 1918 hominum,
1138 1839 1233 1905 minus

169 1932 267 2002 rouo
286 1931 372 1997 milia
389 1931 472 1997 circa
489 1953 596 1997 muros
614 1953 716 1998 caesa.
743 1953 808 2017 pax
824 1938 930 1997 tamen
948 1929 1060 1998 clarior
1078 1933 1234 2018 maiorque

204 2048 300 2111 quam
317 2025 435 2091 bellum
453 2024 485 2090 in
497 2025 626 2091 Etruria
643 2048 680 2092 eo
698 2047 781 2092 anno
799 2025 902 2093 suerat
917 2035 1009 2114 parta
1027 2035 1091 2094 est:
1112 2037 1235 2095 tressa

203 2117 376 2184 lidissimae
394 2118 498 2198 urbes,
517 2118 664 2186 Etruriae
682 2119 794 2206 capita,
813 2117 961 2200 Vulsinii,
978 2119 1127 2201 Perusia,
1140 2120 1235 2188 'Arre

171 2235 186 2283 5
204 2213 297 2292 tium,
315 2235 427 2300 pacem
445 2214 576 2301 petiere3
605 2225 636 2280 et
653 2215 848 2283 vestimentis
865 2216 1000 2282 militum
1018 2216 1235 2303 frumentoque

162 2364 165 2373 .
203 2308 287 2396 pacti
305 2330 377 2374 cum
395 2309 532 2388 consule,
551 2318 586 2373 ut
603 2309 684 2374 mitti
701 2309 837 2376 Romam
858 2322 996 2378 oratores
1015 2311 1135 2392 liceret,
1153 2312 1236 2381 indu·

204 2405 263 2471 tias
281 2404 315 2469 in
333 2405 541 2492 quadraginta
560 2427 658 2472 annos
676 2404 931 2492 impetraverunt.
966 2407 1068 2472 multa
1093 2430 1235 2495 praesens

204 2499 412 2586 quingentum
429 2500 551 2565 milium
569 2500 650 2566 aeris
669 2500 702 2565 in
720 2500 862 2588 singulas
880 2501 1023 2567 civitates
1042 2502 1192 2590 inposita.

171 2612 185 2660 6
270 2591 324 2660 Ob
342 2593 438 2660 hasce
456 2617 506 2660 res
525 2603 632 2681 gestas
651 2594 762 2660 consul
780 2615 852 2660 eum
866 2595 1062 2682 triumphum
1076 2598 1120 2665 ab
1134 2607 1236 2664 senatu

204 2687 299 2753 moris
318 2689 420 2775 magis
440 2711 536 2755 eausa
554 2711 649 2774 quam
668 2710 724 2773 spe
746 2688 935 2774 impetrandi
951 2691 1087 2777 petisset
1110 2693 1236 2758 videret·

171 2801 185 2847 7
204 2802 265 2865 que
279 2780 367 2859 alios,
386 2782 471 2865 quod
486 2782 603 2848 tardius
618 2781 657 2849 ab
672 2781 749 2847 urbe
763 2782 889 2861 exisset,
909 2783 998 2863 alios,
1018 2787 1109 2870 quod
1122 2786 1235 2853 iniussu

205 2883 332 2938 senatus
359 2896 399 2938 ex
423 2873 553 2940 Samnio
579 2876 613 2941 in
634 2875 795 2942 Etruriam
822 2878 1000 2957 transisset,
1028 2882 1147 2965 partim
1168 2902 1234 2948 suos

204 2965 359 3047 inimicos,
386 2969 500 3055 partim
528 2971 667 3058 collegae
694 2971 811 3037 amicos
839 2973 880 3037 ad
907 2972 1062 3039 solacium
1091 2985 1234 3061 aequatae

170 3078 186 3127 8
203 3061 348 3148 repulsae
367 3063 427 3130 sibi
444 3087 569 3151 quoque
586 3088 702 3153 negare
720 3066 927 3154 triumphum:
957 3074 1037 3135 ‘non
1054 3070 1126 3150 ita,’
1143 3068 1234 3155 inquit

205 3161 324 3242 ‘patres
338 3160 514 3245 conscripti,
534 3170 656 3226 vestrae
670 3161 841 3227 maiestatis
855 3162 1038 3241 meminero,
1058 3175 1097 3229 ut
1107 3187 1157 3232 me
1169 3187 1234 3229 eon·

204 3251 304 3316 sulem
319 3275 390 3319 esse
403 3253 579 3321 obliviscar.
608 3255 720 3320 eodem
733 3256 799 3320 iure
813 3255 944 3341 imperii,
964 3279 1030 3341 quo
1043 3256 1132 3326 bella
1145 3257 1230 3347 gessi,

204 3345 294 3413 bellis
313 3347 445 3414 feliciter
461 3349 570 3436 gestis,
592 3348 722 3415 Samnio
741 3359 834 3435 atque
851 3349 981 3417 Etruria
1000 3352 1159 3433 subactis,
1176 3353 1231 3417 vio·

171 3458 185 3506 9
205 3440 284 3506 toria
301 3451 332 3505 et
349 3464 427 3527 pace
445 3453 535 3529 parta
549 3443 767 3530 triumphabo!
793 3445 837 3510 ita
851 3456 996 3510 senatum
1009 3446 1148 3534 reliquit.
1170 3445 1230 3512 inde
1273 3502 1277 3525 ,¹

204 3530 285 3598 inter
312 3535 452 3602 tribunos
475 3537 575 3625 plebis
603 3539 759 3604 contentio
787 3549 867 3605 orta:
900 3561 973 3625 pars
1001 3541 1228 3615 intercessuros,

204 3649 244 3692 ne
262 3650 344 3693 novo
363 3632 506 3716 exemplo
525 3632 739 3719 triumpharet,
759 3632 872 3711 aiebat,
891 3656 975 3720 pars,
996 3637 1118 3704 auxilio
1136 3659 1168 3703 se
1184 3632 1228 3699 all

154 3742 187 3791 10
204 3744 315 3790 versus
340 3724 476 3812 collegas
500 3726 704 3814 triumphanti
725 3726 859 3794 futuros.
901 3728 1020 3796 iactata
1041 3754 1094 3798 res
1122 3731 1161 3796 ad
1181 3748 1226 3814 pe

204 3819 315 3904 pulum
333 3829 394 3898 est,
423 3830 616 3906 vocatusque
639 3845 676 3887 eo
695 3822 805 3887 consul
827 3843 899 3888 eum
916 3821 965 3889 M.
985 3823 1170 3903 Horatium,
1191 3819 1224 3884 Β·

204 3911 367 3979 Valerium
385 3914 545 3992 consules,
574 3911 690 3981 Gaium
707 3915 865 3982 Marcium
882 3917 1030 3985 Rutilum
1048 3943 1160 4007 nuper,
1179 3935 1223 4000 pt·

204 4014 283 4070 trem
293 4007 368 4085 eius,
389 4008 442 4093 qui
452 4017 527 4075 tunc
536 4030 646 4075 censor
660 4020 753 4090 esset,
773 4031 836 4076 non
846 4034 886 4078 ex
899 4013 1088 4081 auctoritate
1102 4022 1220 4080 senatus

73 4198 184 4256 ,ι
