2566 4524
225 242 346 299 muru
363 241 463 314 vnn,
480 241 524 299 ee.
536 241 579 298 ee
597 246 637 313 [a
647 240 679 299 o.
689 241 865 312 311.310!09]
1021 231 1084 299 47⁷

67 406 155 490 ragis
178 423 276 487 quam
298 400 416 473 iustam
437 421 496 466 nee
516 401 551 466 in
571 399 686 489 vulgus
709 422 805 486 quam
831 401 949 488 optimo
971 402 1085 489 ouiqus

67 498 233 580 rationem.
272 495 399 562 iseum
424 494 595 561 identidem
619 494 724 584 legem
745 493 916 562 Aemiliam
940 496 1118 569 recitarete

67 602 279 677 ueteremque
296 589 365 657 eius
377 587 576 656 Mamercum
592 588 767 658 Aemilium
783 591 967 659 dictatorem
983 591 1086 659 laudi-

67 711 112 754 us
136 686 247 766 ferret,
269 685 326 772 qui
346 683 612 771 quinquennalem
633 694 705 752 ants
727 708 892 752 censuram
910 696 941 752 et
961 685 1086 775 longin-

67 783 173 869 ,uitats
190 789 381 870 potestatem
398 779 613 848 dominantem
629 781 712 848 intra
728 804 786 849 sex
798 805 944 850 mensum
961 792 993 848 et
1009 781 1084 848 anni

68 877 213 966 oegisset
238 875 396 964 spatium:
429 874 495 941 ‘dio
519 871 680 964 ngedum,'
704 875 807 963 inquit
833 875 935 964 ‘Appi
957 876 1118 957 Claudia

67 972 205 1058 quidnam
222 970 365 1038 facturus
382 969 491 1049 fueris,
510 970 539 1037 ei
556 992 595 1037 eo
612 979 761 1058 tempore,
780 993 843 1058 quo
862 971 900 1038 O.
918 971 1034 1039 Furius
1053 982 1084 1038 et

67 1067 99 1133 d.
125 1064 292 1154 Geganius
319 1087 466 1132 censores
492 1062 633 1146 suerunt,
660 1088 772 1134 censor
791 1065 929 1135 misses!
966 1083 1118 1156 negaret

67 1161 183 1250 lppius
204 1159 483 1249 interrogationem
505 1159 622 1227 tribuni
643 1184 759 1249 magno
780 1183 875 1249 opere
892 1162 935 1228 ad
955 1182 1085 1229 eausam

67 1257 211 1324 tertinere
228 1279 334 1323 suam:
360 1279 436 1322 uam
458 1265 490 1322 et
511 1255 540 1321 si
560 1256 694 1323 tenuerit
714 1257 768 1324 lex
783 1254 922 1323 Aemilia
938 1278 993 1324 eos
1011 1277 1086 1324 oen-

68 1373 156 1431 ores,
183 1373 319 1437 quorum
340 1350 374 1416 in
396 1350 584 1439 magistratu
607 1350 672 1417 lata
697 1361 795 1431 esset,
822 1350 897 1438 quia
920 1359 993 1440 post
1013 1349 1118 1417 illese

67 1468 202 1513 ensores
229 1455 351 1513 oreatus
378 1467 449 1513 eam
474 1446 580 1534 legem
604 1446 741 1534 populus
766 1445 912 1513 iussisset
935 1445 1084 1532 quodque

67 1550 249 1609 ostremum
274 1539 434 1619 iussisset,
460 1540 494 1606 id
514 1542 565 1608 ius
587 1550 752 1627 ratumque
774 1549 871 1620 esset,
893 1562 958 1607 nou
978 1549 1086 1611 tamen

67 1645 106 1701 ut
124 1655 161 1701 ss
179 1644 234 1702 aut
252 1657 360 1701 eorum
378 1656 582 1721 quemquam,
605 1635 661 1719 qui
681 1642 754 1722 post
776 1656 847 1702 eam
867 1633 972 1724 legem
987 1631 1086 1702 latam

67 1729 150 1798 reati
167 1751 314 1796 censores
332 1739 448 1808 essent,
467 1728 567 1796 teneri
585 1751 623 1796 ea
639 1729 710 1817 lege
727 1730 877 1817 potuisse.
1171 1741 1174 1745 ’

115 1823 311 1891 ΧΧΧΙΠΙ.
342 1823 436 1890 Haeo
461 1824 530 1889 sine
555 1823 650 1889 ullius
672 1823 811 1891 adsensu
831 1823 996 1891 cavillante
1013 1823 1117 1911 Ap-1

67 1921 123 1986 io:
152 1917 240 1997 ‘est,'
266 1918 367 2003 inquit
394 1916 564 2001 ‘Quirites,
586 1918 670 1984 illius
692 1917 792 2005 Appii
817 1916 999 2007 progenies,
1028 1913 1105 2002 qui.
1130 1966 1138 1975 .

67 2012 212 2080 teoemvir
233 2011 267 2079 in
289 2034 407 2079 annum
429 2021 552 2079 oreatus
579 2013 677 2080 altero
703 2033 786 2080 anno
807 2034 842 2079 se
863 2013 932 2100 ipse
955 2012 1081 2093 creavit,

67 2106 144 2175 ertio
168 2128 229 2171 neo
254 2105 295 2173 ab
320 2129 354 2172 se
376 2129 435 2173 nee
457 2105 497 2172 ab
519 2105 584 2172 ullo
610 2115 733 2173 creatus
759 2106 900 2194 privatus
925 2107 1030 2176 fasces
1053 2116 1086 2176 et

67 2200 220 2291 mpen'um
233 2200 367 2267 obtinuit
378 2223 438 2267 nee
451 2209 523 2266 ante
537 2199 746 2266 continuando
761 2200 882 2267 abstitit
898 2201 1085 2290 magistratu
1101 2217 1118 2270 2
1215 2232 1221 2241 ·

67 2319 149 2383 ,uam
167 2293 336 2362 obruerent
353 2318 426 2361 eum
444 2293 526 2360 male
542 2304 641 2382 parta,
656 2293 738 2361 male
750 2303 851 2383 gesta,
865 2293 947 2362 male
964 2304 1085 2362 retenta

67 2389 194 2479 mperia
229 2389 309 2456 haee
327 2399 376 2456 est
394 2390 505 2455 eadem
521 2389 650 2469 familia,
666 2387 815 2481 Quirites,
834 2388 924 2456 euius
940 2387 975 2455 vi
991 2398 1085 2475 atque
1102 2407 1118 2456 e

67 2483 173 2550 nimiis
195 2483 339 2572 conpulsi
360 2489 499 2551 extorres
520 2483 622 2571 patria
643 2505 767 2550 eaerum
788 2491 927 2550 montem
944 2482 1082 2570 cepistis,

67 2600 145 2658 mee,
167 2577 321 2645 adversus
344 2601 440 2663 quam
462 2577 664 2645 tribunicium
686 2578 838 2645 auxilium
859 2575 951 2646 vobis
968 2598 1085 2664 eonpa·

67 2673 156 2752 ostis,
175 2672 263 2753 haee,
281 2683 522 2762 propterquam
539 2674 602 2740 duo
621 2674 774 2740 exereitus
788 2671 983 2739 Aventinum
1000 2673 1120 2739 inse-4

67 2767 158 2845 istis,
184 2767 277 2847 haee,
301 2789 382 2854 quae
404 2766 570 2834 faenebres
592 2767 695 2856 leges,
720 2768 814 2849 haee,
840 2790 922 2855 quae
944 2766 1083 2858 agrarias

67 2884 179 2949 emper
193 2861 391 2951 inpugnavit.
426 2862 505 2928 haee
524 2860 658 2929 conubia
679 2872 805 2950 patrum
822 2871 854 2930 et
869 2862 972 2952 plebis
988 2863 1120 2935 inter-o

67 2957 151 3046 upit,
177 2953 256 3022 haee
280 2955 366 3044 plebi
388 2956 430 3023 ad
456 2956 579 3022 curules
606 2956 810 3044 magistratus
831 2958 892 3025 iter
912 2956 1085 3046 obsaepsit.

67 3075 113 3120 too
126 3063 176 3120 est
188 3075 307 3119 nomen
323 3051 422 3118 multo
436 3073 531 3136 quam
541 3050 784 3135 Tarquiniorum
800 3049 947 3118 infestius
960 3051 1086 3120 restrae

67 3147 198 3216 ibertati.
228 3148 313 3214 itane
330 3146 467 3227 tandem,
481 3146 570 3234 Appi
580 3145 703 3226 Claudi,
722 3167 795 3212 oum
813 3148 1003 3213 centesimus
1020 3144 1085 3212 iam
1103 3165 1118 3216 o

67 3267 155 3310 nnus
174 3243 215 3309 sit
232 3240 273 3310 ab
285 3240 386 3309 Mem.
396 3240 535 3309 Aemilio
552 3241 712 3321 dictatore,
730 3250 777 3309 tot
793 3260 940 3309 censores
955 3237 1084 3321 suerint,

67 3337 240 3405 robilissimi
261 3336 487 3424 fortissimique
508 3335 582 3417 viri,
604 3359 698 3405 nemo
720 3358 829 3405 eorum
849 3333 1017 3406 duodecim
1037 3345 1086 3404 ta·

67 3433 144 3500 ›nlas
161 3431 258 3522 legit?
277 3455 371 3500 nemo
388 3433 422 3498 id
438 3431 488 3500 ius
502 3433 672 3519 essequod
688 3441 846 3520 postremo
863 3429 1002 3521 populus
1018 3431 1087 3500 iue-

66 3527 149 3595 isset
170 3526 260 3594 sciit?
284 3526 382 3594 immo
399 3549 474 3594 vero
490 3527 594 3595 omnis
612 3525 771 3594 sciverunt
787 3535 819 3594 et
838 3526 911 3595 ideo
927 3526 1085 3598 Aemiliae
1102 3546 1118 3597 t

67 3620 157 3690 otius
174 3620 239 3712 legi
254 3632 427 3711 paruerunt
437 3644 534 3708 quam
550 3621 596 3688 illi
613 3621 769 3708 antiquae,
783 3644 847 3710 que
862 3622 1000 3714 primurn
1012 3646 1086 3692 een·

67 3739 141 3786 ores
159 3717 255 3786 creati
272 3728 375 3799 erant,
396 3718 471 3804 quia
487 3718 570 3785 hane
588 3727 781 3806 postremam
796 3717 933 3789 iusserat
947 3718 1084 3808 populus

67 3823 84 3879 t
101 3810 190 3899 quia,
212 3810 269 3880 ubi
286 3813 368 3881 duae
384 3814 558 3882 contrariae
574 3813 663 3904 leges
681 3823 769 3896 sunt,
792 3835 918 3905 semper
936 3813 1084 3898 antiquae

67 3906 188 3996 ›brogat
203 3930 297 3977 nova
328 3934 370 3976 an
381 3909 444 3977 boo
455 3910 544 3992 diois,
558 3909 656 4000 Appi,
670 3933 736 3980 non
751 3907 997 3980 teneriAemilie
1012 3906 1084 3998 lege
1100 3926 1118 3979 8

67 4003 229 4092 epulum?
263 4026 304 4071 an
324 4006 478 4094 populum
504 4007 615 4088 teneri,
642 4017 674 4075 te
698 4029 798 4074 unum
822 4003 968 4094 exlegem
994 4001 1086 4072 esse?
