2566 4524
207 248 274 317 508
507 255 627 311 LIBER
641 254 686 325 X,
703 254 746 310 14.
765 252 951 327 [au-eibi]

207 417 291 485 bunc
316 427 371 482 aut
399 416 434 481 in
458 415 545 480 illsm
570 412 764 500 provinciam
789 413 900 499 copiae
927 412 1021 493 satis,
1047 423 1082 479 et
1104 422 1173 481 utoe
1192 410 1227 482 sd

175 523 315 587 anuum
332 509 450 576 bellum
467 510 534 574 dux
550 509 684 574 idoneus
700 506 805 593 magis
821 516 921 586 esset,
943 505 987 573 ab
1005 503 1116 574 Sutrio
1130 516 1161 574 et
1173 505 1228 575 tte·

208 618 281 695 pete
298 616 331 671 et
346 603 479 670 Faleriis
496 602 607 690 legati,
631 612 776 668 auctores
792 600 927 667 cunulis
941 599 1095 668 Etruriae
1108 600 1229 690 pupulo

209 692 1229 784 rumdepetendapacehabedtotumbellimoleminsamuiuu

175 804 399 866 reverterunt.
433 793 568 878 profecti
589 791 750 870 consules,
771 812 835 876 quo
856 789 1072 876 expeditiores
1087 812 1230 858 oemrner-

210 900 263 955 tus
280 898 388 954 essent
404 898 437 953 et
452 886 599 953 incertior
614 886 730 964 bostis,
747 907 812 971 qua
827 896 997 950 venturum
1012 882 1136 952 bellum
1149 884 1229 964 iuret,

209 981 331 1050 Fabius
355 1004 414 1068 per
436 978 608 1058 Soranum,
634 978 757 1045 Decius
781 1001 840 1065 per
865 975 1046 1044 Sidicinum
1072 977 1229 1069 agrumiu

177 1099 195 1148 o
213 1074 380 1145 Samnium
400 1074 541 1163 legiones
562 1075 691 1140 ducunt.
727 1072 782 1138 ubi
802 1073 838 1138 in
856 1071 997 1138 bostium
1012 1072 1099 1140 lines
1114 1082 1229 1140 venttun

213 1181 275 1248 est,
298 1180 431 1253 uterque
446 1166 691 1255 populabundus
709 1166 812 1232 effuso
827 1166 955 1254 agmine
970 1166 1102 1234 iuoeffit.
1136 1165 1230 1255 epr-

178 1274 283 1337 crant
303 1274 410 1329 tamen
429 1261 525 1329 lstius
546 1284 642 1349 quam
663 1259 861 1347 populanum
895 1260 995 1348 igitur
1013 1283 1083 1327 non
1101 1260 1229 1328 fefellere

211 1360 254 1425 ad
270 1358 436 1423 Tifernum
455 1356 565 1423 hostes
585 1356 620 1421 in
640 1355 764 1422 occultu
783 1354 866 1421 valle
885 1354 1049 1434 instructi,
1074 1377 1171 1441 quam
1192 1354 1230 1419 iu-

210 1475 339 1541 gressos
368 1451 531 1518 Romanos
561 1451 722 1538 superiore
752 1472 794 1516 ex
822 1448 893 1516 loco
926 1449 1047 1516 adoriri
1079 1448 1228 1537 penbert

178 1570 194 1618 t
210 1547 331 1614 Fabius
347 1546 568 1633 inpedimentis
583 1545 740 1612 inlocum
756 1554 860 1610 tutum
874 1544 1005 1611 remotis
1021 1544 1229 1632 praesidioque

211 1642 335 1708 modico
355 1641 506 1727 inposito,
531 1639 735 1727 praemonitis
759 1637 912 1705 militibus
937 1638 1055 1705 adesse
1074 1649 1228 1714 certarnen,

212 1736 364 1822 quadrato
381 1735 508 1824 agmine
524 1736 567 1801 ad
585 1735 763 1822 praedictas
778 1732 919 1800 hostium
934 1731 1076 1800 latebras
1093 1730 1228 1801 succedit

177 1850 196 1902 8
214 1829 374 1898 Samnites
391 1832 557 1916 desperato
573 1829 735 1917 inproviso
751 1828 898 1907 tumultu,
910 1827 1041 1913 quaudo
1052 1829 1088 1894 in
1100 1837 1229 1916 sperum

213 1926 312 1992 semel
329 1926 498 1991 discrima
514 1947 649 1990 evasura
665 1936 751 1991 esset
765 1946 833 2002 res,
851 1933 883 1989 et
898 1922 964 2010 ipsi
982 1924 1054 1990 acie
1074 1923 1162 1991 iustu
1174 1943 1229 1988 na·

210 2021 337 2086 luerunt
353 2042 547 2086 concurrere.
580 2021 689 2104 ituque
704 2021 740 2085 in
755 2041 893 2106 aequum
908 2019 1110 2085 descendunt
1125 2041 1164 2085 sc
1177 2017 1229 2083 for·

178 2115 504 2182 stunaesemaiore
529 2115 752 2201 animoquam
778 2115 1068 2202 specommittunt.
1102 2123 1228 2182 ceterum

212 2209 280 2274 sive
306 2209 382 2293 quia
410 2231 452 2274 ex
477 2208 619 2275 omnium
644 2205 836 2276 Samnitium
866 2208 993 2295 populis
1018 2209 1229 2294 quodcunque

209 2301 333 2370 roboris
358 2302 462 2368 fuerat
486 2313 704 2369 contraxerant
729 2326 786 2368 seu
807 2303 882 2387 quia
902 2303 1075 2369 discrimen
1100 2319 1229 2370 smnmtt

210 2418 315 2462 rerum
331 2397 469 2484 augebat
485 2398 622 2476 animos,
644 2397 839 2482 aliquantum
855 2419 982 2483 quoque
1002 2407 1117 2485 aperta
1135 2417 1229 2485 pugus

162 2510 196 2558 uo
212 2491 423 2577 praebuerunt
443 2495 579 2559 terroris.
613 2491 733 2559 Fabius
755 2492 811 2559 ubi
831 2493 919 2558 nulla
939 2516 981 2558 ex
1000 2505 1094 2580 parte
1120 2495 1228 2561 husten

211 2586 282 2652 loco
299 2589 419 2652 moveri
435 2588 523 2666 vidit,
540 2586 720 2652 Maximum
736 2587 836 2652 filium
854 2597 886 2654 et
897 2587 946 2652 M
960 2587 1130 2654 Valerium
1146 2588 1229 2655 tribu·

212 2703 269 2745 nos
292 2681 440 2759 militum,
462 2704 535 2747 cum
557 2682 672 2767 quibus
693 2683 734 2747 ad
755 2682 890 2768 primurn
911 2681 1012 2748 aciem
1034 2690 1229 2769 procurrent,

161 2774 257 2840 nire
274 2774 316 2837 sd
336 2776 457 2856 equites
478 2775 566 2841 iubet
583 2786 614 2841 et
631 2776 802 2855 adhortari,
824 2786 873 2855 ut,
896 2775 1071 2863 siquando
1091 2798 1229 2863 umquam

212 2867 351 2950 equestri
371 2889 431 2952 ope
454 2868 593 2935 adiutum
613 2893 680 2936 rem
702 2869 862 2957 publicam
882 2872 1099 2952 meminerint,
1120 2873 1174 2941 illo
1189 2870 1230 2937 die

212 2960 406 3039 adnitantur,
434 2972 468 3026 ut
494 2965 611 3030 ordinis
637 2966 706 3031 eius
731 2965 864 3053 gloriam
889 2967 1043 3032 invictam
1071 2976 1229 3055 praestent

162 3070 194 3120 ts
211 3054 353 3141 peditum
371 3057 540 3122 certamine
556 3057 738 3124 inmobilem
755 3060 878 3125 hostem
895 3071 1032 3139 restare,
1050 3084 1179 3129 omnem
1191 3080 1229 3126 re·

210 3149 329 3234 liquam
346 3171 436 3235 spem
453 3151 487 3215 in
503 3152 624 3237 impetu
640 3174 712 3218 esse
729 3153 879 3238 equiturn
906 3163 938 3219 et
949 3154 1040 3240 ipsos
1057 3154 1229 3222 nominatim

209 3244 350 3322 iuvenes,
367 3245 437 3330 pari
453 3247 600 3311 comitate
616 3256 794 3331 utrumque,
806 3268 892 3313 nuno
907 3247 1060 3316 laudibus
1071 3248 1160 3317 nunc
1171 3270 1228 3336 prc-

160 3338 317 3404 remissis
344 3349 461 3404 onerat.
505 3350 644 3406 ceterum
665 3341 793 3425 quando
813 3363 855 3407 ne
875 3363 914 3406 ea
934 3363 1066 3427 quoque
1092 3352 1229 3431 tempas

208 3431 258 3494 vis
275 3431 448 3516 proficeret,
466 3433 596 3499 consilio
612 3434 831 3521 grassandum,
849 3435 877 3500 si
892 3435 971 3500 nihil
982 3437 1072 3503 vires
1088 3438 1229 3509 iurarent

158 3541 193 3590 14
208 3534 311 3600 ratus,
334 3522 515 3611 Scipionem
535 3528 676 3616 legatum
697 3528 838 3594 hastatos
858 3529 980 3615 primae
1005 3529 1147 3618 legionis
1167 3528 1229 3596 sub

208 3615 331 3681 trahere
347 3640 389 3683 ex
400 3620 468 3686 scie
485 3633 517 3686 et
534 3622 576 3687 ad
591 3621 708 3689 montis
720 3624 881 3709 proximos
894 3644 992 3706 quam
1008 3638 1124 3711 posset
1139 3619 1229 3692 occul·

208 3709 329 3776 tissime
354 3712 587 3782 circumducere
608 3715 710 3793 iubet,
735 3717 809 3781 inde
834 3738 970 3784 ascensu
992 3717 1106 3788 ubdito
1126 3743 1148 3786 a
1166 3739 1228 3785 ccu-

209 3816 319 3890 spcctu
336 3805 456 3894 erigere
472 3808 508 3872 in
523 3819 648 3876 montes
665 3832 780 3897 agmen
797 3833 972 3895 eversoque
988 3811 1078 3880 hosti
1093 3813 1137 3881 ab
1152 3822 1227 3897 tergo

157 3914 193 3969 us
207 3908 336 3984 repente
353 3922 389 3965 se
401 3901 576 3968 ostendere.
603 3904 724 3989 equites
737 3903 871 3971 ducibus
884 3904 1022 3972 tribunis
1039 3907 1128 3974 bsud
1143 3904 1228 3973 multo

76 3938 198 4239 Ὗ
204 3989 279 4079 plus
300 3992 444 4062 hostibus
466 4017 562 4080 quam
584 4000 650 4064 suis
672 4022 714 4064 ex
734 4000 895 4086 inproviso
920 4012 996 4068 ante
1024 4003 1119 4091 signa
1140 3996 1226 4070 evecti
