2566 4524
348 246 466 302 amun
478 247 506 316 1,
525 247 567 301 11.
586 246 627 300 12.
648 245 886 317 [acuas-ur]
1087 209 1131 303 15'

95 407 229 494 fatigata
261 414 343 483 orat,
366 414 401 468 ut
418 402 598 490 parentibus
617 425 724 468 earum
742 405 795 468 det
812 404 937 470 veniam
955 406 1035 472 etin
1053 407 1136 473 civi-'

96 512 190 568 tatem
209 499 359 585 accipiat3
382 500 427 564 ita
442 521 510 563 rem
527 498 702 564 coalescere
721 499 887 565 concordia
903 522 1007 585 posse.
1034 502 1127 568 facile

97 597 307 682 impetratum.
799 618 803 623 ·

157 690 240 754 Inde
263 699 372 754 contra
390 687 611 754 Crustuminos
632 687 792 774 profectus
810 687 928 754 bellum
944 689 1124 757 inferentes.
1145 711 1161 759 a

98 784 137 850 ibi
158 784 266 848 minus
290 783 398 860 etiam,
426 781 512 865 quod
533 781 643 846 alienis
665 781 807 847 cladibus
826 782 1001 847 ceciderant
1019 784 1125 864 animi,

100 878 274 944 certaminis
292 876 362 942 fuit.
385 886 531 960 ¹utroque
549 875 691 941 coloniae
712 876 842 954 missae,
868 876 974 962 plures
996 878 1124 958 inventi,
1142 899 1160 948 4

99 974 146 1058 qui
163 982 295 1058 propter
310 971 486 1036 ubertatem
503 979 604 1034 terrae
620 970 654 1033 in
669 967 907 1034 Crustuminum
924 973 1053 1038 nomina
1070 975 1126 1039 da-

97 1078 174 1145 rent;
195 1076 227 1132 et
245 1065 382 1130 Romam
399 1065 472 1129 inde
489 1063 670 1148 frequenter
687 1064 856 1151 migratum
874 1075 935 1143 est,
954 1088 974 1130 a
990 1067 1127 1152 parenti·

97 1159 152 1226 bus
170 1159 311 1224 maxime
329 1181 365 1223 ac
382 1158 566 1244 propinquis
584 1167 753 1244 raptarum.

155 1253 374 1319 Novissimum
401 1252 441 1317 ab
465 1250 592 1318 Sabinis
618 1251 735 1317 bellum
762 1261 879 1331 crtum,
905 1253 1067 1337 multoque
1091 1254 1159 1322 ida

97 1349 267 1413 maximum
281 1346 354 1411 fuit:
373 1346 450 1410 nihil
463 1347 546 1410 enim
560 1369 617 1431 per
632 1347 710 1411 iram
729 1355 783 1411 aut
800 1348 1002 1432 cupiditatem
1021 1358 1125 1414 actum

97 1453 154 1519 est,
177 1462 238 1506 nec
256 1440 459 1507 ostenderunt
475 1438 594 1506 bellum
610 1441 697 1527 prius
715 1463 810 1524 quam
831 1441 1011 1507 intulerunt
1029 1455 1031 1459 ’
1054 1464 1158 1511 con-6

97 1535 163 1600 silio
195 1535 290 1599 etiam
321 1534 446 1599 additus
473 1533 579 1599 dolus:
617 1532 751 1619 Spurius
780 1535 934 1621 Tarpeius
961 1536 1124 1602 Romanae

95 1640 235 1717 praeerat
249 1630 322 1694 arci.
349 1629 443 1694 huius
456 1629 552 1694 filiam
566 1629 721 1716 virginem
734 1652 811 1696 auro
824 1633 992 1717 corrumpit
1001 1631 1123 1711 Tatius,

95 1736 127 1790 ut
148 1733 287 1791 armatos
308 1725 343 1788 in
361 1747 464 1789 arcem
482 1724 624 1811 accipiat.
656 1747 770 1809 aquam
788 1725 868 1791 forte
886 1748 924 1792 ea
941 1735 1009 1790 tum
1026 1728 1123 1793 sacris

97 1830 183 1886 extra
202 1819 327 1885 moenia
343 1819 476 1906 petitum
493 1819 585 1898 ierat;
613 1819 734 1904 accepti
755 1818 900 1885 obrutam
917 1822 1012 1884 armis
1030 1843 1123 1886 neca-
1143 1842 1157 1886 ⁷

95 1929 178 1984 vere,
208 1929 266 1971 seu
286 1916 322 1970 ut
343 1906 376 1970 vi
397 1915 488 1990 capta
509 1905 614 1990 potius
637 1928 693 1968 arx
714 1905 872 1970 videretur
894 1927 950 1970 seu
971 1907 1125 1991 prodendi

95 2001 229 2087 exempli
256 2023 365 2077 causa,
401 2021 441 2063 ne
467 1998 544 2082 quid
568 2020 704 2082 usquam
729 1998 828 2063 fidum
853 2000 1003 2085 proditori
1030 2010 1122 2066 esset.

95 2096 219 2160 additur
231 2094 374 2172 fabulae,
392 2093 477 2177 quod
491 2092 587 2179 vulgo
603 2090 714 2158 Sabini
732 2114 842 2158 aureas
861 2092 997 2159 armillas
1016 2094 1157 2182 magnis

93 2191 241 2276 ponderis
259 2189 387 2254 brachio
405 2188 496 2253 laevo
513 2197 752 2274 gemmatosque
766 2211 882 2273 magna
894 2188 999 2273 specie
1012 2189 1122 2254 anulos

94 2285 274 2361 habuerint,
292 2281 454 2370 pepigisse
472 2303 540 2346 eam
559 2281 644 2366 quod
661 2281 695 2344 in
713 2280 846 2346 sinistris
863 2281 1009 2347 manibus
1026 2281 1123 2348 habe-

93 2389 170 2443 rent.
212 2400 251 2442 eo
274 2387 362 2442 scuta
383 2376 428 2441 illi
448 2397 506 2462 pro
529 2377 631 2440 aureis
654 2375 745 2440 donis
768 2384 926 2461 congesta.
968 2387 1042 2441 sunt
1068 2376 1156 2460 quic

93 2495 161 2537 earn
180 2495 222 2537 ex
239 2481 332 2557 pacto
349 2471 491 2535 tradendi
509 2470 594 2555 quod
611 2471 644 2533 in
663 2469 797 2534 sinistris
810 2468 955 2534 manibus
969 2468 1122 2534 haberent

93 2567 219 2631 derecto
245 2587 333 2629 arma
357 2564 474 2649 petisse
501 2563 606 2627 dicant
632 2571 663 2627 et
689 2563 800 2627 fraude
825 2562 927 2627 visam
948 2584 1043 2649 agere
1065 2584 1124 2628 sna

91 2661 193 2747 ipsam
213 2667 408 2743 peremptam
424 2658 578 2723 mercede.

154 2753 239 2819 XIL
264 2753 408 2817 Tenuere
424 2762 531 2817 tamen
548 2773 652 2816 arcem
668 2749 779 2817 Sabini
796 2760 889 2837 atque
906 2751 980 2816 inde
995 2762 1122 2838 postero
1142 2776 1155 2822 1

93 2849 157 2925 die,
182 2868 257 2912 cum
274 2846 437 2912 Romanus
460 2845 615 2912 exercitus
636 2845 807 2912 instructus
829 2847 914 2930 quod
931 2847 1013 2913 iuter
1029 2845 1124 2913 Pala-

92 2943 194 3007 tinum
214 2939 489 3026 Capitolinumque
506 2939 618 3006 collem
636 2940 739 3027 campi
759 2951 808 3006 est
831 2941 1032 3026 complesset,
1059 2965 1122 3008 non

91 3037 180 3123 prius
207 3035 435 3099 descenderunt
460 3034 494 3098 in
519 3056 656 3118 aequum
696 3057 792 3118 quam
832 3035 879 3100 ira
900 3044 931 3099 et
953 3036 1122 3120 cupiditate

91 3129 424 3216 recuperandaearcis
447 3129 626 3194 stimulante
649 3129 769 3194 animos
811 3129 846 3192 in
868 3129 1034 3194 adversum
1056 3130 1122 3194 Ro-

92 3225 178 3289 mani
205 3223 340 3289 subiere.
379 3224 535 3310 principes
561 3224 718 3307 utrimque
743 3246 883 3309 pugnam
909 3224 1045 3302 ciebant,
1081 3222 1155 3292 aba

95 3317 223 3385 Sabinis
245 3317 378 3382 Mettius
401 3317 544 3396 Curtius,
572 3317 612 3384 ab
629 3318 782 3383 Romanis
800 3317 935 3383 Hostius
952 3318 1120 3384 Hostilius.

94 3412 143 3477 hic
158 3435 228 3478 rem
246 3412 423 3478 Romanam
439 3413 546 3497 iniquo
563 3413 632 3477 loco
655 3413 696 3476 ad
716 3413 817 3498 prima
839 3413 929 3498 signa
951 3414 1054 3478 animo
1075 3423 1123 3478 at—

96 3529 154 3591 que
178 3508 315 3573 audacia
344 3507 529 3572 sustinebat.
569 3515 605 3571 ut
630 3506 765 3572 Hostius
796 3506 920 3585 cecidit,
956 3507 1155 3574 confestimc

96 3600 238 3669 Romana
259 3600 426 3667 inclinatur
448 3603 530 3668 acies
552 3601 687 3685 fusaque
709 3610 757 3665 est
778 3601 820 3666 ad
842 3611 978 3668 veterem
1000 3611 1122 3688 portam

96 3693 215 3761 Palatii.
260 3695 417 3760 Romulus
445 3707 476 3760 et
500 3696 570 3782 ipse
591 3694 684 3760 turba
709 3695 898 3782 fugientium
920 3690 1008 3762 actus
1035 3719 1123 3762 arma

96 3791 131 3854 ad
148 3791 273 3855 caelum
291 3790 404 3855 tollens
424 3791 582 3876 ‘Iuppiter,
602 3788 677 3854 tuis'
695 3789 795 3872 inquit
813 3790 931 3855 ‘iussus
945 3789 1056 3855 avibus
1069 3789 1121 3854 hic
1139 3811 1156 3857 4

96 3881 260 3949 inPalatio
277 3885 380 3970 prima
396 3885 467 3951 urbi
483 3886 688 3950 fundamenta
702 3883 771 3949 ieci.
803 3904 906 3950 arcem
923 3884 987 3949 iam
1005 3883 1121 3950 scelere

98 3988 229 4061 emptam
248 3975 361 4044 Sabini
382 3978 513 4058 habent,
539 3980 612 4065 inde
634 3979 696 4043 huc
717 3979 828 4043 armati
850 3989 996 4064 superata
1017 3977 1122 4044 media
