2566 4524
334 251 453 308 nnana
470 251 541 324 vn,
560 252 584 308 1.
603 255 642 322 [a.
653 251 753 309 casu
766 254 853 324 aaa.
1033 246 1096 313 351

93 404 205 479 Campani
214 423 278 462 cum
288 423 306 463 a
316 405 489 463 Samnitibus
499 407 578 463 bello
588 413 773 479 urgerentur,¹
785 409 890 465 auxilio
901 410 1036 467 adversus
1046 416 1098 469 'eos

89 489 196 540 arenata
209 484 315 556 petito,
336 501 399 539 cum
412 485 443 539 id
456 501 514 539 non
527 485 718 557 inpetrarent,
737 487 836 542 urbem
850 493 880 543 et
893 505 979 559 agros
988 491 1096 560 populo

85 560 196 618 Romano
210 561 394 618 dediderunt:
414 562 451 617 ob
466 579 551 634 quam
566 579 682 618 causam
700 579 748 630 ea,
766 580 840 636 quae
858 566 958 637 populi
975 566 1098 622 Romani

83 638 147 695 iacta
162 644 271 709 essent,
290 638 407 694 defendi
423 639 502 694 bello
521 640 658 696 adversus
673 637 814 696 Samnites
831 641 948 712 placuit.
977 659 1040 697 cum
1058 645 1096 700 ab

81 715 143 772 Aulo
160 715 293 771 Cornelio
311 717 429 772 consule
447 716 587 772 exercitus
604 717 634 771 in
651 718 747 772 locum
763 718 892 789 iniquum
909 720 1049 775 deductus
1066 721 1097 776 in

80 810 171 865 magno
181 792 344 849 discrimine
354 799 445 864 esset,
462 795 495 848 P.
504 794 578 850 Deci
587 793 677 849 Muris
686 794 794 850 tribuni
806 795 927 851 militum
941 814 1030 867 opera
1040 815 1096 853 ser·

79 875 149 926 ratus
158 875 212 941 est,
223 870 272 942 qui
282 876 422 941 occupato
434 870 507 926 colle
518 888 604 941 super
611 870 641 925 id
650 870 757 943 iugum,
771 871 869 944 inquo
880 871 1020 929 Samnites
1031 890 1097 928 con-

80 948 213 1018 sedcrant,
233 947 413 1003 occasionem
423 947 746 1021 consuliinaequiorem
754 949 850 1003 locum
858 951 998 1005 evadendi
1008 951 1095 1020 dedit,

78 1023 130 1095 ipse
147 1025 183 1080 ab
196 1025 329 1080 hostibus
345 1025 547 1080 circumsessus
561 1027 663 1097 erupit
691 1043 755 1081 cnm
773 1025 879 1083 milites
893 1027 1028 1097 Romani,
1048 1029 1097 1098 qui

79 1099 181 1172 Capuae
193 1102 224 1156 in
237 1101 382 1173 praesidio
394 1102 488 1158 relicti
503 1108 597 1174 erant,
618 1104 653 1159 de
667 1104 836 1174 occupanda
849 1104 921 1159 urbe
936 1104 1095 1175 conspiras·

80 1184 171 1234 sentet
183 1179 297 1235 detecto
313 1179 433 1235 consilio
446 1186 525 1235 metu
538 1180 660 1251 supplici
675 1197 692 1236 a
705 1182 812 1252 populo
825 1181 956 1237 Romano
976 1181 1096 1236 defecis-

80 1262 140 1326 sent,
149 1273 200 1325 per
209 1256 249 1310 M.
258 1256 405 1314 Valerium
415 1255 537 1312 Corvum
550 1258 732 1328 dictatorem,
751 1258 799 1330 qui
809 1258 929 1313 consilio
946 1274 997 1312 suo
1012 1274 1062 1314 eos
1077 1276 1097 1314 a

78 1331 162 1388 furore
179 1339 378 1404 revocaverat,
396 1334 506 1404 patriae
524 1334 648 1390 restituti
665 1340 740 1390 sunt.
764 1351 811 1391 res
829 1340 979 1405 praeterea
997 1340 1097 1390 eontra

78 1407 206 1464 Hernicos
220 1415 250 1465 et
260 1409 361 1466 Gallos
376 1417 407 1467 et
415 1410 551 1466 Tiburtes
566 1417 596 1467 et
604 1411 784 1467 Privernates
799 1417 828 1468 et
835 1404 1057 1486 Tarquinienses
1066 1416 1096 1468 et

80 1483 206 1543 Samnites
217 1493 247 1543 et
254 1487 378 1545 Volscos
386 1504 524 1560 prospere
534 1494 631 1560 gestas
642 1488 789 1561 continet]

449 1807 572 1906 ΤΙΤΪ
590 1823 715 1906 LIVI

315 1983 383 2042 AB
412 1983 556 2043 varan
591 1982 847 2044 commun

470 2154 598 2213 LIBER
619 2154 692 2214 VII.

129 2286 156 2351 1.
184 2285 300 2352 Annus
317 2285 369 2351 hio
386 2286 444 2350 erit
460 2285 594 2371 insignis
612 2285 686 2349 novi
702 2284 838 2349 hominis
857 2285 1029 2364 consulatu,
1048 2288 1096 2351 in·
1116 2310 1130 2356 1

77 2380 167 2468 signis
186 2380 278 2446 novis
296 2379 418 2444 duobus
436 2377 688 2466 magistratibus,
709 2386 856 2464 praetura
878 2387 910 2444 et
926 2379 1026 2443 curuli
1044 2403 1096 2444 ae-

77 2475 194 2540 lilitate.
221 2474 281 2540 hos
300 2473 360 2540 sibi
376 2474 498 2560 patricii
516 2473 700 2558 quaesivere
717 2474 851 2538 honores
868 2495 926 2559 pro
944 2495 1094 2540 concesso

77 2568 150 2655 plebi
167 2569 266 2635 altero
284 2569 457 2634 consulatu.
485 2568 601 2654 plebes
621 2567 818 2633 consulatum
834 2567 877 2632 L.
897 2565 1021 2645 Sextio,
1041 2590 1095 2632 cu-
1113 2590 1129 2637 2

77 2664 117 2727 Lus
132 2662 205 2750 lege
222 2671 331 2748 partus
354 2673 433 2739 erat,
462 2662 561 2740 dedit3
588 2671 693 2749 patres
714 2669 893 2747 praeturam
912 2659 970 2747 Sp.
998 2662 1095 2728 Furio

77 2755 168 2822 ldarci
185 2757 250 2822 filio
285 2754 434 2834 Camillo,
457 2757 648 2822 aedilitatem
667 2753 779 2822 Gnaeo
798 2754 947 2840 Quinctio
966 2754 1096 2843 Capito-

76 2851 127 2916 ino
146 2860 179 2916 et
195 2850 235 2916 P.
250 2849 397 2918 Cornelio
417 2849 566 2936 Scipioni,
586 2868 715 2916 suarum
731 2850 874 2938 gentium
891 2850 976 2931 viris,
994 2852 1096 2939 gratia

77 2945 233 3031 ampestri
252 2953 425 3031 ceperunt..
446 2945 488 3010 L.
508 2943 618 3010 Sextio
636 2945 758 3032 collega
780 2968 821 3011 ex
842 2945 984 3031 patribus
1002 2947 1095 3011 datus

77 3040 105 3104 'a
119 3039 279 3104 Aemilius
296 3039 488 3104 Mamercus.
514 3039 669 3126 principio
682 3039 761 3103 =anni
778 3048 810 3104 et
827 3040 866 3103 de
886 3037 996 3118 Gallis,
1015 3063 1094 3124 quos
1113 3063 1130 3109 a

77 3133 166 3217 ¹>rimo
182 3133 306 3219 palatos
323 3155 381 3220 per
396 3132 548 3218 Apuliam
566 3133 751 3220 congregari
768 3133 831 3196 iam
848 3132 935 3196 fama
957 3142 1036 3209 erat,
1064 3142 1096 3197 et

77 3227 106 3292 le
122 3225 335 3294 Hernicorum
348 3227 527 3311 ‚desectione
545 3228 664 3314 agitata
684 3227 811 3292 mentio.
849 3247 921 3290 curn
943 3225 982 3289 de
1004 3226 1130 3294 indu-4

77 3322 141 3388 tria
159 3323 276 3400 omnia,
293 3344 334 3387 ne
347 3321 424 3406 quid
436 3344 493 3408 per
504 3321 662 3408 plebeium
676 3320 836 3386 consulem
851 3328 1004 3406 ageretur,
1022 3342 1096 3407 pro-

77 3416 231 3495 errentur,
251 3417 409 3482 silentium
426 3417 565 3482 omnium
578 3440 683 3481 rerum
696 3438 734 3482 ac
746 3415 864 3481 iustitio
882 3415 983 3481 simile
997 3417 1095 3482 otium

77 3511 132 3590 trit,
151 3512 216 3577 nisi
233 3512 319 3596 quod
335 3535 400 3577 non
415 3512 607 3598 patientibus
626 3512 756 3577 tacitum
774 3510 917 3591 tribunis,
936 3515 1021 3598 quod
1037 3535 1094 3598 pro
1113 3533 1129 3581 5

77 3607 194 3674 onsule
216 3628 282 3672 uno
301 3604 426 3692 plebeio
447 3616 510 3672 tres
535 3605 683 3693 patricios
710 3605 912 3693 magistratus
934 3608 1094 3674 curulibus

79 3702 150 3768 ellis
177 3709 390 3788 praetextatos
417 3710 577 3785 tamquam
603 3699 748 3765 consules
776 3701 922 3766 sedentes
948 3701 1094 3768 nobilitas

77 3796 125 3862 ibi
143 3794 348 3882 sumpsisset,
373 3804 550 3882 praetorem
567 3794 694 3878 quidem
716 3794 811 3860 etiam
828 3795 898 3861 iura
913 3795 1094 3861 reddentem
1113 3813 1128 3863 c

77 3899 95 3961 a
111 3889 271 3978 collegam
288 3888 469 3956 oonsulibus
488 3899 581 3972 atque
597 3889 699 3955 isdem
712 3890 862 3977 auspiciis
876 3898 1021 3964 creatum,
1040 3908 1095 3951 ve-

77 3985 216 4052 eoundia
239 3983 315 4053 inde
339 3983 476 4073 inposita
501 3992 550 4050 est
580 3985 702 4051 senatui
728 4007 769 4051 ex
794 3982 936 4071 patribus
966 3978 1095 4046 iubendi
