2566 4524
185 240 252 309 468
435 249 555 306 LIBER
571 247 671 321 VIIH,
689 247 789 306 2425.
807 246 993 323 [amaldo]

192 409 391 481 semisomnis
410 430 448 475 ac
460 408 598 473 maxima
614 416 702 494 parte
719 405 893 474 inermibus
911 403 1113 498 refringantur,
1122 426 1169 492 qu·

190 531 261 575 rum
281 529 340 594 per
360 527 457 571 unam
477 501 671 591 praesidium
692 501 872 569 Romanum
896 501 1032 569 elamore
1051 501 1169 570 exciam

141 623 173 674 13
190 601 341 689 inrumpit
352 608 384 666 et
397 607 620 666 concursantes
633 618 691 684 per
703 597 771 664 vias
783 596 919 684 pavidos
932 597 1042 665 caedit.
1064 589 1169 665 unsa
1183 625 1184 628 “

192 706 284 784 capta
301 703 376 773 erat,
391 715 463 759 cum
481 692 627 760 eonsules
644 692 747 779 prima
763 690 834 758 luce
852 691 1019 772 advenere,
1031 699 1060 760 et
1072 711 1128 778 qnos
1138 708 1170 754 ra·

192 790 297 877 liquos
313 789 440 856 fortuna
457 809 499 855 ex
515 796 670 855 nocturna
687 788 783 855 caede
801 807 839 854 ac
856 785 936 875 friga
954 787 1067 854 fecerat
1079 786 1105 853 in
1115 780 1170 850 ded·

142 909 175 958 14
193 885 311 952 tionem
334 882 500 971 accipiunt.
541 904 581 948 ex
602 881 652 948 his
675 882 828 949 ducentos
850 881 966 970 viginti
993 872 1169 969 quinquaqtl

37 977 45 993 '
192 979 334 1046 omnium
346 999 504 1044 consensu
512 975 750 1045 destinabantur
758 985 790 1042 et
801 975 952 1042 infandae
965 975 1170 1043 colonornmoao·

192 1075 240 1141 dis
259 1082 291 1142 et
308 1072 493 1139 defectionis
511 1080 671 1151 auctores,
689 1071 813 1138 vinctos
831 1071 972 1139 Romam
989 1071 1169 1145 deducuntur-

191 1179 291 1235 teram
316 1166 547 1234 multitudinem
573 1166 763 1234 incolumem
786 1166 945 1253 praesidio
968 1165 1092 1253 inposito
1106 1158 1169 1228 Saul

143 1288 174 1337 15
191 1265 381 1350 relinquunt
418 1285 541 1342 omnes,
564 1263 620 1349 qui
637 1262 773 1330 Romam
794 1262 923 1329 deducti
945 1271 1045 1341 erant,
1069 1252 1171 1346 virgili}

192 1361 262 1429 foro
281 1359 367 1429 oaesi
384 1381 421 1426 ae
440 1359 542 1425 securi
558 1358 702 1446 percussi
719 1380 843 1429 summo
860 1358 982 1446 gaudio
997 1355 1098 1445 plebis,
1113 1348 1168 1417 aiu

192 1455 330 1522 maxime
346 1454 507 1533 intererat,
527 1462 627 1520 tutam
645 1451 777 1538 ubique,
796 1473 878 1538 quae
894 1451 1016 1540 paisim
1036 1442 1167 1517 ineolonbt
1192 1508 1195 1515 .

192 1550 376 1628 mitteretur,
394 1547 627 1614 multitudinem
646 1568 726 1614 esse.

160 1667 173 1712 1
256 1641 373 1709 XXV.
402 1641 560 1710 Consules
578 1641 619 1708 ab
639 1639 720 1709 Sora
740 1639 875 1728 profecti
894 1639 930 1706 in
952 1662 1043 1728 agros
1059 1648 1168 1722 atque-

158 1755 174 1803 2
191 1737 249 1805 bes
258 1735 428 1804 Ausonum
445 1737 565 1804 bellum
581 1735 762 1803 intulerunt.
793 1744 879 1802 mota
895 1757 1034 1821 namque
1045 1729 1125 1800 omnir
1160 1759 1169 1780 ³

191 1842 288 1899 ventu
303 1829 502 1911 Samnitium,
522 1854 594 1898 oum
612 1829 697 1919 apud
706 1830 862 1897 Lautulas
879 1829 1061 1896 dimicatum
1075 1834 1117 1903 etl,
1141 1851 1143 1869 1
1164 1869 1167 1916 5

159 1946 174 1993 a
191 1937 263 1994 rant
275 1927 567 2011 coniurationesque
581 1926 664 1992 circa
674 1924 882 2013 Campaniam
894 1924 1015 2014 passim
1028 1925 1118 1991 saeba
1138 1951 1165 2016 q

194 2019 307 2107 Capua
331 2020 402 2107 ipsa
423 2020 551 2086 crimine
574 2021 682 2087 caruit.
722 2021 799 2106 quin
819 2020 958 2087 Romam
981 2020 1129 2106 quoquest
1163 2023 1164 2026 ’

191 2113 369 2200 principum
387 2115 540 2198 quosdam
557 2114 744 2199 inquirendo
762 2123 892 2180 ventum
910 2123 970 2181 est,
1000 2122 1115 2180 ceterum
1133 2148 1137 2160 ·

193 2231 306 2275 sonum
323 2231 403 2296 gens
421 2209 596 2296 proditione
614 2208 753 2288 urbium,
773 2208 854 2275 sieut
873 2207 969 2289 Sora,
987 2209 1021 2274 in
1035 2216 1122 2296 potes
1184 2229 1195 2270 f

157 2323 175 2369 4
191 2303 286 2370 venit.
313 2300 448 2370 Ausona
461 2301 681 2369 etMintumae
695 2301 852 2370 etVescia
868 2302 964 2371 urbes
982 2311 1075 2381 erant,
1088 2319 1116 2364 ex

191 2397 252 2463 bus
270 2396 427 2485 principes
445 2397 615 2464 iuventutis
634 2396 800 2478 duodecim
817 2418 949 2464 numero
965 2397 999 2463 in
1015 2390 1163 2484 proditor·

159 2513 174 2558 s
192 2491 317 2558 urbium
331 2514 458 2562 suarum
473 2492 624 2558 coniurati
638 2493 679 2558 ad
692 2492 837 2559 consules
846 2493 987 2559 veniunt
1014 2493 1115 2563 docent,
1124 2508 1165 2538 2¹¹⁶·
1193 2489 1195 2495 '

190 2580 1108 2674 iampridemexoptantesSamnitiumadventum,simulad
1186 2617 1187 2621 ¹

191 2680 274 2747 tulas
296 2692 472 2769 pugnaturn
490 2680 669 2761 audierunt,
692 2704 749 2768 pro
767 2682 858 2748 victis
877 2682 1038 2749 Romanos
1058 2675 1164 2744 haba,
1189 2723 1191 2726 -

159 2797 173 2844 6
191 2776 366 2855 iuventute,
386 2777 481 2842 armis
500 2774 676 2843 Samnitem
693 2776 826 2856 iuvisse3
849 2776 969 2864 fugatis
986 2775 1055 2845 inde
1068 2770 1095 2840 S:
1107 2785 1162 2824 ’Μ

193 2868 253 2934 bus
271 2871 390 2936 incerta
407 2893 484 2956 paee
503 2893 597 2958 agere
614 2893 674 2937 nec
692 2871 865 2939 claudentis
883 2882 991 2960 portas
1001 2863 1129 2938 Romanii,

193 2973 354 3031 arcessant
371 2962 503 3045 bellum,
523 2976 555 3032 et
572 2964 745 3032 obstinatos
764 2966 924 3045 claudere,
949 2966 977 3033 si
994 2961 1120 3032 exercitt
1146 2977 1161 2997 ”

192 3067 369 3128 moveaturr
395 3061 429 3126 in
447 3083 484 3127 ea
501 3061 703 3127 fluctuatione
725 3061 902 3128 animorum
924 3060 1055 3149 opprimi
1072 3082 1091 3122 1·
1193 3082 1195 3089 ·

159 3176 173 3222 7
191 3176 296 3242 posse.
327 3154 377 3222 his
392 3153 572 3222 auctoribus
586 3165 672 3222 mota
684 3157 813 3243 propius
827 3167 931 3222 castra
948 3155 1087 3240 missique
1100 3171 1143 3203 -,...4
1159 3169 1164 3190 ι.
1185 3187 1187 3192 ,

191 3259 331 3337 tempore
350 3249 433 3316 circa
450 3250 509 3316 tria
527 3251 643 3337 oppida
660 3250 789 3329 milites,
812 3249 929 3338 partim
951 3250 1071 3328 armati,
1086 3266 1101 3330 q
1136 3266 1153 3342 Q

191 3341 267 3408 culti
292 3344 468 3431 propinqua
489 3343 653 3411 moenibus
676 3343 847 3413 insiderent
872 3345 958 3425 loca,
984 3344 1086 3433 partim
1109 3361 1135 3407 r}

192 3438 282 3505 tectis
300 3450 387 3506 veste
405 3441 528 3528 gladiis,
543 3441 596 3527 qui
615 3441 674 3508 sub
691 3441 795 3507 lucem
813 3441 929 3528 apertis
947 3442 1045 3529 portis
1061 3434 1126 3506 urbtt
1159 3488 1162 3493 -

158 3550 173 3598 a
191 3531 403 3618 graderentur.
436 3535 476 3602 ab
489 3535 539 3602 his
558 3536 653 3602 simul
671 3537 817 3602 custodes
836 3536 986 3605 trucidari
1004 3506 1160 3623 coepti»affl

191 3625 300 3692 datum
314 3628 441 3716 signum
454 3630 591 3709 armatis,
601 3640 637 3696 ut
651 3652 690 3696 ex
703 3629 825 3696 insidiis
840 3639 1066 3698 concurrerent
1086 3625 1161 3702 itr‘
1190 3696 1195 3708 ‚

190 3728 241 3786 tae
254 3733 424 3812 occupatas
438 3725 558 3812 triaque
568 3725 684 3812 oppida
698 3725 808 3793 eadem
821 3725 901 3792 hora
909 3700 1161 3811 eodemqueerffl

157 3834 171 3883 9
190 3825 291 3902 capta,
319 3818 375 3883 sed
389 3818 463 3902 quia
477 3818 660 3887 absentibus
670 3817 803 3886 ducibus
817 3818 957 3910 impetus
971 3831 1019 3887 est
1030 3792 1162 3887 faettali

188 3910 238 3976 lus
252 3911 365 3977 modus
375 3912 524 3981 caedibus
538 3914 611 3982 fuit:
625 3912 968 4001 deletaquerlusonum
976 3939 1062 4005 gens,
1070 3900 1162 3979 vixttii

190 4003 374 4073 defectionis
384 4006 521 4091 erimine,
531 4010 662 4098 perinde
676 4033 713 4078 ac
727 4011 754 4077 si
767 4011 963 4080 internecivo
971 4012 1051 4080 bello
1058 3992 1162 4077 oortsstii
