2566 4524
230 245 348 305 amne
365 246 438 318 1111,
458 247 500 304 61.
518 247 758 320 [sedet-404]
944 238 1008 323 251

65 428 131 470 ram
139 403 330 483 Veientium,
344 427 408 470 non
414 402 603 471 Volscorum
612 405 712 473 fuisse
721 408 858 474 credent
880 405 1010 494 praebet
1027 427 1060 482 11

65 523 127 577 em,
155 500 241 583 quod
262 500 404 565 eiusdem
427 499 564 565 nominis
588 500 665 566 urbs
688 502 769 567 inter
791 501 893 568 Caere
915 512 1009 588 atque

65 617 74 658 s
97 593 173 670 fuit3
201 594 257 658 sed
279 616 349 658 eam
370 615 462 680 reges
479 594 617 660 Romani
639 594 796 676 delevere,
825 595 1020 663 Caeretum-'

65 710 119 753 ron
136 686 317 752 Veientium
334 686 446 757 fuerat
487 687 585 754 altera
601 687 680 755 haec
697 691 824 756 nomine
847 692 959 757 eodem
975 692 1010 758 in

65 803 93 848 m
113 802 190 866 agro
208 780 277 858 fuit,
297 781 387 845 cuius
406 781 562 847 excidium
581 790 630 848 eet
647 783 775 849 dictum.

385 962 601 983 W

288 1071 504 1153 [rumonim
520 1078 628 1136 mem
645 1074 696 1156 u]

74 1186 228 1244 obsidione
236 1185 373 1243 Veiorum
383 1187 570 1244 hibernacula
579 1189 715 1245 militibus
729 1189 809 1246 facta
818 1194 892 1244 sunt
919 1207 954 1246 ea
962 1208 1009 1248 res

65 1270 127 1320 sset
138 1281 230 1333 nova,
248 1263 474 1334 indignationem
488 1267 667 1324 tribunorum
679 1266 774 1337 plebis
786 1266 877 1322 merit
891 1284 1009 1338 queren-

66 1359 122 1397 non
132 1342 196 1397 dari
205 1341 281 1411 plebi
292 1359 346 1397 nec
354 1359 406 1413 per
414 1342 535 1398 hiemem
544 1344 662 1399 militiae
672 1343 809 1415 requiem.
827 1345 939 1416 equites
949 1350 1008 1403 tum

65 1437 96 1473 m
110 1420 193 1489 equis
208 1417 266 1471 suis
280 1435 387 1474 merere
402 1426 566 1489 coeperunt
595 1436 658 1474 cum
671 1420 819 1476 inundatio
835 1437 870 1474 ex
879 1421 945 1474 lacu
958 1419 1008 1475 Al·

65 1496 142 1550 facta
152 1500 242 1562 esset,
258 1499 352 1564 vates,
368 1496 417 1567 qui
427 1513 489 1551 eam
498 1514 557 1552 rem
566 1496 815 1568 interpretaretur,
830 1498 866 1552 de
876 1498 1008 1552 hostibus

65 1579 141 1628 sest.
167 1571 271 1626 Furius
281 1570 416 1626 Camillus
426 1573 551 1629 dictator
559 1575 658 1630 decem
667 1591 760 1629 annos
772 1575 911 1630 obsessos
920 1575 1008 1630 Veios

83 1649 267 1704 simulacrum
283 1649 403 1704 Iunonis
421 1649 541 1706 Romam
558 1652 719 1723 transtulit,
744 1652 881 1709 decimam
898 1658 1010 1723 partem

65 1743 101 1783 se
109 1727 243 1796 Delphos
252 1724 380 1797 Apollini
392 1728 476 1783 misit
503 1729 571 1783 item
585 1729 718 1784 tribunus
731 1729 850 1783 militum
861 1747 924 1784 cum
933 1728 1009 1784 rsti-

65 1803 215 1872 ·bsideret,
233 1805 363 1873 proditos
377 1805 501 1859 hostium
515 1804 590 1861 filios
603 1807 772 1877 parentibus
785 1805 893 1861 remisit
902 1807 1009 1860 statim·

65 1881 190 1937 editione
205 1881 283 1936 facta
293 1881 471 1936 Faliscorum
484 1883 632 1938 victoriam
645 1884 755 1938 iustitia
769 1888 941 1938 consecutus
956 1888 1009 1938 est.

65 1959 131 2014 alter
150 1975 186 2013 ex
204 1958 370 2012 censoribus
386 1957 416 2012 C.
430 1957 520 2013 Iulius
540 1960 726 2030 decessisset,
744 1960 774 2014 in
788 1961 883 2014 locum
896 1959 956 2014 eius
970 1958 1009 2014 M.

65 2039 126 2091 ilius
137 2034 273 2090 suffectus
284 2042 341 2104 est,
359 2052 414 2090 nec
421 2035 451 2089 id
459 2042 561 2106 postea
571 2037 679 2092 factum
693 2042 750 2110 est,
770 2038 904 2109 quoniam
918 2054 953 2092 eo
967 2037 1009 2091 ln·

65 2113 172 2169 >(altellis
182 2113 274 2170 Roma
287 2117 373 2183 capta
388 2118 438 2167 est.
466 2113 572 2168 Furius
587 2114 735 2185 Camillus,
754 2133 817 2169 cum
831 2114 858 2170 ei
872 2115 933 2170 dies
948 2115 1009 2169 aL.

65 2191 99 2246 =io
110 2191 228 2246 tribuno
238 2189 331 2259 plebis
341 2189 418 2245 dicta
428 2197 513 2260 esset,
528 2191 680 2247 inexilium
690 2191 769 2247 abiit
797 2209 860 2248 cum
872 2191 949 2249 Galli
959 2190 1009 2246 Se·

70 2266 200 2323 Clusium
210 2266 375 2322 obsiderent
384 2272 413 2321 et
421 2266 511 2338 legati
520 2284 537 2321 a
547 2274 649 2322 senatu
657 2268 736 2322 missi
745 2268 782 2322 ad
792 2269 1010 2338 conponendam

65 2364 111 2402 eos
120 2352 152 2401 et
162 2344 293 2399 Clusinos
302 2361 403 2415 pacem
412 2351 574 2415 pugnantes
586 2351 686 2400 contra
697 2345 799 2402 Gallos
808 2345 839 2399 in
847 2345 908 2399 acie
918 2343 1010 2398 Clusi-

65 2443 74 2478 ι
84 2425 243 2493 stetissent,
254 2424 310 2478 hoc
318 2423 397 2478 facto
408 2440 505 2477 eorum
515 2423 651 2477 concitati
658 2421 785 2477 Senones
794 2423 894 2477 urbem
903 2421 1009 2478 infesto

65 2507 101 2558 tu
120 2502 280 2573 petierunt,
303 2501 434 2572 fusisque
458 2502 496 2556 sd
514 2499 609 2555 Aliam
624 2500 762 2555 Romanis
785 2517 888 2570 cepere
909 2500 1011 2559 urbem

65 2599 87 2637 er
97 2578 284 2649 Capitolium,
303 2578 355 2652 (in)
367 2595 422 2651 quo
434 2596 464 2634 se
473 2578 606 2633 iuventus
616 2579 791 2648 contulerat,
809 2577 931 2632 maiores
940 2581 1011 2632 naba

65 2657 215 2728 nsignibus
224 2656 377 2726 honorum,
392 2673 464 2728 quos
475 2656 596 2728 quisque
606 2661 749 2726 gesserat,
764 2655 794 2709 iu
803 2653 953 2710 vestibulis
963 2669 1011 2709 ae·

66 2736 203 2817 sedentes
219 2733 393 2788 occiderunt
421 2740 527 2788 etcum
544 2751 597 2804 per
609 2750 739 2789 aversam
752 2737 862 2803 partem
877 2729 1012 2801 Capitolii

65 2832 75 2867 1
90 2829 229 2866 summum
243 2811 414 2880 evasissent,
434 2811 540 2882 proditi
554 2813 691 2884 clangore
710 2828 843 2866 anserum
856 2810 895 2864 Μ.
910 2808 1012 2866 Manlii

65 2891 130 2962 ipue
146 2904 236 2959 opera
251 2888 355 2944 deiecti
370 2895 445 2942 sunt
472 2889 579 2943 coactis
593 2890 697 2945 deinde
709 2895 828 2961 propter
841 2888 946 2944 famem
953 2887 1011 2944 Ro·

65 2967 267 3036 ¹descendere,
282 2973 314 3019 ut
321 2966 398 3021 mille
408 2966 505 3036 pendo
519 2966 581 3021 auri
595 2968 697 3022 darent
711 2972 740 3022 et
752 2967 809 3021 hoc
821 2966 915 3037 pretio
924 2964 1011 3021 tinem

65 3044 137 3099 ionis
146 3048 282 3113 emerent,
292 3043 547 3113 FuriusCamillus,
557 3044 680 3098 dictator
688 3044 794 3100 absens
804 3050 926 3113 creatus,
935 3043 1012 3099 inter

65 3139 72 3175 ι
89 3121 285 3193 conloquium,
305 3138 362 3191 quo
384 3121 419 3175 de
437 3121 519 3191 pacis
539 3121 755 3176 condicionibus
774 3122 927 3191 agebatur,
947 3136 1012 3175 cum

65 3196 105 3252 itu
113 3199 193 3253 venit
202 3205 231 3252 et
241 3198 341 3253 Gallos
351 3203 418 3267 post
427 3203 537 3252 sextum
552 3213 679 3252 mensem
688 3198 759 3253 urbe
773 3197 883 3268 expulit
896 3196 1011 3251 cecidit·

70 3275 178 3330 dictum
193 3282 250 3346 est,
270 3276 307 3329 ad
321 3274 410 3331 Veios
424 3275 603 3346 migrandum
615 3291 679 3330 esse
692 3279 811 3344 propter
823 3273 969 3327 incensam
982 3277 1012 3328 et

65 3371 101 3408 tm
118 3355 234 3422 urbem,
253 3353 331 3422 quod
348 3351 499 3407 consilium
513 3351 633 3408 Camillo
652 3357 769 3407 auctore
783 3350 944 3406 discussum
956 3355 1010 3409 est

73 3431 215 3501 populum
224 3430 302 3485 vocis
313 3446 427 3502 quoque
437 3447 521 3485 omen
531 3446 566 3485 ex
576 3429 743 3485 centurione
752 3429 877 3496 auditae,
887 3428 937 3501 qui
947 3445 1011 3487 cum

65 3509 248 3565 nmveniseet
256 3508 450 3578 manipulariis
460 3509 518 3563 suis
529 3508 652 3563 dixerat:
671 3510 731 3563 ‘sta
739 3507 833 3577 miles,
848 3506 896 3560 hic
905 3506 1010 3577 optime

65 3587 173 3641 bimus?
192 3586 279 3640 aedes
289 3583 518 3656 IoviCapitolino
527 3584 607 3641 facta
616 3590 667 3655 cst,
675 3587 827 3658 quodante
836 3585 936 3640 urbem
945 3601 1011 3654 cap·

65 3681 102 3720 ox
112 3663 211 3719 audita
221 3668 283 3719 erat
292 3665 445 3719 adventare
457 3663 579 3732 Gallos]

392 3847 601 3860 ψ
