2566 4524
154 237 221 303 450
412 247 530 303 LIBER
546 246 646 319 VIIII,
660 247 685 303 8.
699 247 724 303 9.
744 248 784 317 [a.
794 262 822 303 u.
832 244 932 318 11434]

155 430 258 486 mum,
290 429 363 473 eum
389 406 579 472 sacrosancti
610 415 729 482 essent,
761 403 834 470 dedi
864 404 1011 474 hostibus
1036 407 1168 476 violarive

179 523 261 568 osse.

124 619 137 664 1
156 524 178 588 p
217 594 329 662 VIIII.
354 594 438 661 Tum
446 593 645 660 Postumius:
665 593 1169 684 ‘deditainterea,dedite'inq1dt

158 689 322 777 ‘profanos
336 711 404 767 nos,
415 688 501 772 quod
515 687 603 753 salva
615 687 766 775 religione
777 690 926 775 potestls3
940 689 1064 758 dedetis
1071 692 1168 759 deinde

122 806 137 853 1
157 793 188 850 et
200 785 278 849 istos
292 794 517 860 sacrosanctos,
528 804 599 847 cum
612 782 749 868 primum
761 784 949 872 magistratu
963 785 1103 868 abierint,
1112 788 1168 866 sed,

156 877 184 943 si
202 900 253 943 me
274 876 423 956 audiatis,
445 875 629 963 priusquam
647 876 802 943 dedantur
817 877 870 943 hie
887 878 922 943 in
938 880 1068 948 comitio
1082 881 1168 969 virgis

155 992 280 1050 oaesos,
302 971 385 1037 hono
401 971 465 1036 iam
482 980 517 1036 ut
533 971 733 1037 intercalatae
749 992 871 1058 poenae
888 994 1022 1040 usinum
1039 972 1165 1042 habeant

121 1081 136 1130 1
155 1089 230 1132 nam
241 1068 328 1152 quod
345 1065 504 1132 deditione
521 1079 628 1131 nostra
644 1076 762 1153 negant
774 1066 896 1134 exsolvi
912 1068 1068 1159 religione
1083 1090 1169 1157 popu-

155 1161 235 1239 lum,
257 1162 291 1227 id
313 1160 391 1228 istos
413 1161 531 1247 magis,
554 1182 595 1226 ne
613 1160 781 1239 dedantur,
804 1183 900 1246 quam
921 1163 1000 1249 quia
1019 1163 1066 1231 ita
1081 1184 1168 1231 seres

155 1254 285 1334 habeat,
308 1256 426 1334 dicere,
449 1255 520 1340 quis
542 1255 622 1321 adeo
644 1254 720 1321 iuris
747 1255 901 1322 fetialium
923 1278 1040 1344 expers
1061 1268 1108 1325 est
1126 1258 1170 1344 qui

119 1370 137 1419 4
154 1350 295 1437 ignoret?
311 1371 414 1435 neque
428 1371 488 1436 ego
503 1348 618 1416 infitias
632 1369 679 1428 eo,
693 1358 799 1436 patres
817 1350 997 1438 conscripti,
1011 1362 1078 1419 tam
1090 1374 1182 1441 spon--

155 1445 260 1511 siones
278 1466 374 1528 quam
390 1444 519 1510 foedera
537 1453 645 1510 saneta
662 1467 732 1511 esse
750 1445 835 1531 apud
852 1467 907 1512 eos
924 1445 1083 1528 homines,
1100 1445 1168 1535 apud
1208 1508 1210 1535 2

154 1561 234 1622 quos
260 1539 349 1604 iuxta
370 1539 492 1604 divinas
517 1538 686 1626 religiones
712 1538 791 1605 fides
817 1539 957 1608 humana
978 1541 1104 1622 politur,
1124 1538 1169 1607 sed
1207 1540 1210 1548 '

153 1633 277 1698 iniussu
289 1633 398 1719 populi
409 1655 492 1720 nego
506 1633 675 1718 quiequam
688 1632 802 1699 sanoiri
818 1654 914 1721 posse
926 1636 1015 1720 quod
1032 1635 1169 1725 populum
1205 1686 1210 1713 ,

119 1735 267 1798 steneat.
303 1750 344 1792 an
362 1727 390 1793 si
407 1728 518 1793 eadem
536 1726 696 1814 superbia,
716 1749 779 1813 qua
796 1728 1002 1815 sponsionem
1017 1729 1113 1796 istam
1127 1750 1170 1795 ex·
1205 1726 1210 1765 ³

153 1831 335 1909 presserunt
353 1821 445 1888 nobis
465 1819 634 1901 Samnites,
653 1822 832 1910 coegissent
848 1844 907 1889 nos
924 1822 1027 1890 rerba
1044 1823 1170 1913 legitima

153 1917 334 1982 dedentium
351 1915 446 1982 urbes
463 1939 654 2003 nuncupare,
673 1916 813 1982 deditum
829 1917 987 2005 populum
1002 1918 1169 1986 Romanum

153 2032 225 2089 vos,
249 2010 379 2088 tribuni,
403 2009 548 2076 diceretis
573 2020 603 2077 et
630 2010 712 2076 hano
733 2010 858 2090 urbem,
885 2011 1020 2099 templa,
1043 2011 1169 2089 delubro,

120 2124 135 2174 6
152 2104 242 2183 fines,
261 2125 360 2188 aquas
371 2101 562 2170 Samnitium
579 2105 669 2171 esse?
690 2105 799 2170 omitto
816 2104 1021 2186 deditionem,
1035 2106 1170 2194 quonium

153 2198 192 2264 de
206 2197 376 2284 sponsione
389 2199 502 2286 agitur.
530 2199 607 2284 quid
624 2199 760 2278 tandem,
780 2200 807 2265 si
825 2200 1117 2287 spopondissemus,
1128 2222 1170 2266 ur·

152 2292 226 2360 bem
243 2292 325 2359 hano
341 2293 522 2359 relicturum
538 2292 692 2380 populum
709 2293 903 2373 Romanum,
923 2294 952 2360 si
968 2295 1166 2370 incensurum,

153 2388 180 2454 si
197 2389 409 2475 magistratus,
430 2389 457 2454 si
475 2398 627 2466 senatum,
642 2388 670 2453 si
683 2388 770 2476 leges
787 2411 851 2454 non
868 2388 1065 2470 habiturum,
1084 2386 1168 2457 sisub

151 2482 278 2570 regibus
296 2482 456 2548 futurum?
473 2483 506 2547 di
519 2482 656 2560 meliora,
675 2482 789 2568 inquis.
822 2484 909 2567 atqui
926 2506 994 2549 non
1009 2485 1168 2573 indignitas

118 2597 132 2643 1
150 2599 255 2642 rerum
274 2577 450 2664 sponsionis
464 2576 625 2642 vinculum
641 2576 734 2642 levat.
762 2576 790 2642 si
807 2576 956 2663 quidest,
975 2579 1010 2643 in
1028 2601 1093 2665 quo
1105 2576 1170 2645 obli·

150 2673 219 2758 gari
236 2673 371 2758 populus
389 2671 499 2758 possit,
517 2672 550 2742 in
568 2670 673 2736 omnia
689 2680 803 2757 potest.
839 2680 870 2737 et
887 2692 928 2737 ne
945 2670 1028 2739 illud
1045 2674 1167 2760 quidem,

150 2767 236 2851 quod
253 2767 408 2850 quosdam
425 2765 557 2831 forsitan
573 2776 713 2845 moveat,
731 2766 841 2845 refert,
860 2767 973 2833 oonsul
990 2791 1034 2834 an
1051 2769 1168 2835 diotdor

115 2877 133 2926 8
150 2882 191 2924 an
208 2870 332 2945 praetor
354 2859 563 2946 spoponderit.
601 2870 631 2926 et
648 2860 709 2926 hoo
726 2860 788 2947 ipsi
805 2861 901 2926 etiam
919 2857 1086 2928 Samnites
1100 2859 1168 2927 indi·

150 2962 308 3032 caverunt,
326 2954 441 3039 quibus
459 2976 522 3020 non
539 2954 600 3020 fuit
617 2955 694 3021 satis
712 2953 858 3021 consules
877 2955 1046 3041 spondam,
1065 2955 1118 3023 sed
1131 2954 1167 3019 le-

148 3057 255 3136 gatos,
278 3058 475 3135 quaestores,
498 3048 640 3115 tribunos
662 3050 796 3115 militum
819 3049 976 3137 spondere
998 3056 1164 3139 coegerunt·

115 3170 130 3221 9
148 3166 208 3210 neo
225 3166 245 3209 a
261 3167 312 3210 me
330 3166 414 3210 nuno
432 3145 600 3229 quisquam
618 3143 821 3229 quaesiverit,
843 3143 920 3229 quid
938 3143 984 3210 ita
1001 3142 1165 3233 spoponde-

147 3238 221 3318 rim,
244 3262 317 3306 cum
333 3240 367 3305 id
383 3261 442 3305 neo
460 3239 596 3306 consulis
614 3239 664 3304 ius
687 3248 771 3305 esset
791 3259 850 3303 neu
867 3237 929 3304 illis
949 3240 1106 3325 spondere
1120 3256 1165 3323 pt·

147 3355 230 3412 uem,
248 3356 330 3419 quae
348 3335 410 3400 mei
427 3355 491 3399 non
508 3343 574 3399 erat
592 3332 723 3412 arbitrii,
747 3354 805 3399 neo
821 3354 880 3419 pro
897 3331 1007 3413 vobis,
1031 3334 1086 3419 qui
1101 3325 1163 3397 nild

97 3446 130 3496 10
147 3426 386 3510 mandaveratis,
396 3450 533 3515 possem.
556 3428 634 3493 nihil
646 3428 687 3493 ad
697 3425 866 3505 Caudium,
875 3436 983 3513 patres
998 3422 1160 3513 oonsmipd,

146 3519 292 3587 humanis
311 3523 449 3589 consiliis
466 3532 594 3611 gestum
612 3533 674 3590 est:
702 3523 746 3588 dii
763 3521 947 3589 inmortales
966 3533 998 3590 et
1015 3523 1161 3591 vesstra

96 3614 284 3685 11h0stium
309 3616 548 3704 imperatoribus
574 3628 712 3685 mentem
739 3618 932 3684 ademerunt.
974 3638 1038 3685 neo
1062 3638 1116 3685 nos
1135 3612 1160 3679 in

145 3708 229 3776 bello
256 3710 332 3776 satis
360 3712 500 3779 cavimus
523 3723 554 3779 et
579 3713 625 3778 illi
651 3712 733 3779 male
758 3721 881 3800 partam
902 3710 1072 3780 victoriam
1096 3705 1159 3777 mult

145 3805 364 3893 perdiderunt,
382 3807 458 3872 dum
477 3809 531 3874 vix
548 3809 626 3875 locis
644 3808 760 3894 quibus
776 3807 918 3874 vicerant
936 3808 1084 3888 eredunt,
1101 3806 1159 3871 dum

146 3923 344 3987 quacumque
366 3902 549 3969 condicione
572 3926 660 3970 arma
681 3903 755 3968 viris
778 3903 813 3968 in
834 3926 922 3971 arma
944 3903 1029 3970 nafis
1055 3900 1158 3969 amen

95 4017 126 4063 12
146 3995 304 4064 festinant.
332 4021 383 4080 an,
398 3997 425 4064 si
443 4021 521 4064 sana
537 4021 626 4065 mens
644 3997 768 4076 fuisset,
787 3996 916 4065 difficile
934 3998 998 4065 illis
1015 3996 1085 4077 fult,
1097 3994 1157 4060 dnn
