2566 4524
145 215 210 280 464
333 225 451 282 LIBER
467 224 568 295 VIIII,
586 224 698 279 20-22.
717 226 755 293 [a.
764 239 793 278 u.
804 222 989 295 atat—439]

148 385 332 474 spondendo
349 385 565 471 impetravere,
583 391 619 447 ut
632 381 746 448 foedus
759 381 899 461 daretur,
912 403 1016 467 neque
1027 389 1148 468 utaequa
1190 445 1192 459 <

148 494 253 547 tamen
275 481 416 558 foedere,
440 479 497 544 sed
518 487 554 543 ut
575 477 608 543 in
629 477 747 544 ditione
771 476 884 564 populi
904 475 1042 543 Romani
1060 484 1162 543 essent'

112 601 128 650 a
146 576 266 664 Apulia
282 575 459 662 perdomita
475 612 517 623 —
535 597 609 640 nam
626 573 764 640 Forento
786 595 915 658 quoque
937 573 1041 639 valido
1061 571 1149 660 oppido
1188 634 1192 659 Η

146 674 259 738 Iunius
277 672 395 759 potitus
414 679 480 735 erat
493 708 536 720 -
552 671 586 735 in
598 670 750 736 Lucanos
767 678 962 756 perrectum,
980 669 1053 735 inde
1066 689 1151 755 repen·

97 792 129 839 10
148 769 213 835 tino
231 769 368 834 adventu
376 764 508 831 Aemilii
524 766 662 832 consulis
671 765 824 831 Nerulum
837 765 871 829 vi
884 774 1025 852 captum.
1050 771 1151 852 etpost·

148 885 244 947 quam
264 884 315 928 res
335 860 465 947 Capuae
489 859 643 926 stabilitas
659 859 806 926 Romana
826 859 1000 946 disciplina
1018 859 1092 925 fama
1107 878 1151 943 μοι

148 957 252 1024 socios
273 955 430 1044 vulgavit,
452 952 637 1021 Antiatibus
660 976 800 1040 quoque,
823 954 879 1038 qui
903 977 939 1020 se
963 954 1030 1021 sine
1049 951 1149 1041 legibus
1187 942 1192 982 ³

148 1052 255 1132 certis,
279 1052 346 1118 sine
364 1049 602 1138 magistratibus
620 1072 715 1138 agere
738 1048 968 1135 querebantur,
992 1046 1100 1116 datiab
1114 1068 1151 1113 so·
1188 1088 1190 1101 ·

146 1157 223 1213 natu
240 1147 282 1212 ad
299 1147 368 1212 iura
385 1146 552 1211 statuenda
569 1145 669 1233 ipsius
688 1144 829 1211 coloniae
846 1144 994 1231 patroni:
1019 1165 1073 1210 nec
1086 1162 1151 1208 anm

146 1243 252 1321 modo,
273 1243 330 1307 sed
347 1242 416 1306 iura
433 1242 527 1306 etiam
544 1241 691 1307 Romana
706 1240 769 1307 late
786 1239 961 1327 pollebant.

114 1361 127 1409 1
210 1336 313 1402 XXL
338 1334 376 1402 O.
385 1335 496 1401 Iunius
506 1333 671 1401 Bubulcus
689 1344 721 1400 et
730 1333 771 1418 Q.
780 1333 941 1400 Aemilius
950 1333 1088 1401 Barbula
1097 1353 1150 1399 con·

147 1431 233 1498 sulas
251 1431 314 1496 exit
303 1441 336 1496 tu
354 1430 428 1496 anni
444 1453 509 1496 non
526 1429 709 1497 consulibus
728 1430 767 1496 ab
787 1452 821 1496 se
840 1430 972 1507 creatis,
993 1427 1050 1516 Sp
1062 1426 1150 1495 Nautio

147 1525 243 1592 et.M
261 1525 401 1612 Popilio,
424 1536 563 1591 ceterum
581 1525 677 1591 dictat
679 1524 784 1591 oriL
799 1523 939 1590 Aemilio
958 1524 1094 1612 legiones
1107 1530 1151 1587 tn·
1188 1600 1192 1610 μ

111 1549 300 1686 adiderunt.
336 1621 374 1697 is,
394 1643 467 1685 cum
483 1621 525 1686 L
539 1620 654 1686 Fulvio
672 1620 825 1707 magistro
843 1620 990 1704 equitum
1010 1616 1150 1686 Saticulam
1187 1660 1189 1665 -

146 1737 330 1802 oppugnare
353 1716 496 1794 adortus,
518 1715 691 1780 rebellandi
713 1736 842 1780 causam
861 1712 1063 1781 Samnitibus
1082 1710 1149 1777 dett
1189 1717 1192 1725 '

112 1810 264 1897 3ι1ιιμ1οιι
282 1811 355 1877 inde
373 1819 472 1877 terror
489 1809 566 1875 inlat
554 1819 605 1875 tus
622 1808 791 1875 Romanis.
816 1808 892 1874 hinc
912 1807 1045 1876 Samnis
1064 1822 1151 1893 magnt
1185 1826 1187 1834 '

147 1907 286 1972 exercitu
304 1916 413 1972 coacto
431 1905 472 1971 ad
490 1905 674 1970 eximendos
696 1904 860 1970 obsidione
883 1904 991 1971 socios
1010 1903 1091 1970 hand
1102 1920 1192 1989 μω
1189 1952 1192 1989 Ι

146 2000 201 2065 cul
210 2001 320 2065 castris
329 2000 621 2065 Romanorum
555 2022 608 2066 cas
610 2000 779 2086 traposuit,
789 1997 863 2063 hinc
873 1995 1054 2065 Satroulam
1065 2014 1152 2083 magd
1182 2030 1184 2041 ·

146 2103 250 2158 cumt
237 2092 351 2158 ttumul
338 2102 373 2158 tu
381 2102 444 2180 pat
432 2093 555 2159 efact1s
567 2104 695 2180 repens
713 2092 811 2180 portis
824 2093 858 2158 in
871 2093 1029 2161 stationes
1045 2091 1154 2159 hostim
1190 2136 1192 2145 .

110 2187 350 2254 4ἱιιοιιιιοιιιιιι
389 2188 463 2253 inde
484 2211 558 2275 para
580 2199 712 2274 utraque
739 2210 796 2275 spe
821 2187 917 2253 alieni
942 2189 1050 2300 magis
1075 2178 1156 2253 auxili

145 2306 241 2369 quam
258 2284 378 2351 viribus
396 2283 477 2349 freta
495 2283 560 2349 suis
578 2283 642 2349 iust
644 2307 662 2349 o
681 2306 756 2348 mox
776 2282 930 2370 proelio
919 2283 982 2349 mit
983 2305 1004 2349 o
969 2283 1158 2350 tRomanoa
1188 2282 1192 2333 ἐ

144 2388 290 2465 urguent,
305 2388 336 2443 et
349 2400 541 2463 quamquam
555 2400 671 2464 anceps
685 2377 821 2443 dimicat
800 2387 842 2442 t1o
856 2387 933 2456 erat,
949 2386 1060 2444 tamen
1075 2373 1160 2442 utrim·
1191 2460 1192 2465 ἵ

145 2495 207 2559 que
225 2484 325 2538 tutam
343 2474 442 2539 aciem
459 2473 592 2537 dictator
608 2471 728 2551 habuit,
742 2472 817 2556 quia
830 2480 861 2536 et
873 2470 986 2537 locum
1003 2473 1088 2538 haud
1104 2466 1162 2536 saci·

88 2642 90 2647 ,
143 2566 207 2632 lem
228 2568 269 2634 ad
291 2567 601 2633 circumveniundum
627 2567 710 2652 cepit
732 2575 763 2631 et
789 2566 915 2632 diversa
943 2569 1058 2633 statuit
1083 2566 1163 2653 signa

110 2685 126 2733 5
144 2662 288 2727 infestior
309 2671 414 2726 tamen
435 2663 469 2726 in
491 2672 689 2747 erumpentes
712 2661 840 2726 incessit
861 2683 922 2726 nec
944 2685 1070 2751 magno
1087 2670 1165 2728 carta·

144 2757 229 2819 mine
247 2757 328 2819 intra
345 2756 469 2820 moenia
487 2756 636 2841 conpulit,
655 2765 723 2820 tum
741 2765 837 2822 totam
855 2756 961 2820 aciem
979 2758 1016 2822 in
1027 2756 1166 2824 Samnites

111 2847 289 2923 subvertit.
325 2848 370 2913 ibi
391 2849 462 2935 plus
485 2850 664 2915 certaminis
686 2850 759 2928 fuit,
779 2849 910 2915 victoria
929 2851 1019 2917 sicut
1037 2876 1118 2932 sera,
1135 2850 1168 2914 ita

145 2965 204 3008 nec
222 2941 319 3008 dubia
334 2965 393 3008 neo
406 2943 494 3009 varia
511 2945 581 3010 fuit.
607 2944 672 3010 fusi
689 2945 723 3009 in
740 2955 842 3010 castra
851 2941 1022 3014 Samnites
1041 2943 1168 3015 extinctis

144 3048 237 3104 nocte
254 3037 381 3125 ignibus
400 3039 494 3105 tacito
512 3039 639 3126 agmine
657 3038 774 3105 abeunt
791 3049 823 3104 et
840 3060 897 3124 spe
916 3040 1050 3109 abiecta
1065 3041 1169 3110 Saticu-

144 3132 193 3198 lae
212 3133 347 3198 tuendae
364 3132 529 3199 Plisticam
547 3135 622 3221 ipsi,
647 3135 748 3200 socios
767 3134 1007 3216 Romanorum,
1026 3150 1063 3205 ut
1079 3154 1168 3226 paren
1189 3206 1192 3223 Ι

145 3228 285 3294 dolorem
302 3227 385 3294 hosti
402 3230 577 3308 redderent,
596 3230 828 3295 circumsidunt.

111 3341 124 3388 1
208 3323 328 3389 XXIL
350 3322 447 3389 Anno
461 3325 649 3390 circumacto
663 3324 779 3391 bellum
797 3323 952 3412 deinceps
973 3327 1018 3394 ab
1037 3329 1167 3395 dictatore

146 3413 187 3498 Q
196 3416 298 3482 Fabio
315 3427 442 3505 gestum
460 3429 517 3496 est,
496 3418 680 3484 tconsules
699 3418 783 3496 novi,
802 3417 887 3483 sicut
905 3424 1102 3508 superiores,
1117 3420 1192 3487 Boi

144 3532 215 3574 mac
233 3522 425 3578 manserunt.
452 3468 570 3578 Fabius
589 3514 630 3578 ad
648 3512 865 3599 accipiendum
879 3512 922 3580 ab
931 3516 1081 3585 Aemilio
1096 3534 1192 3591 exn·

109 3623 126 3671 2
146 3604 242 3669 citum
260 3605 301 3669 ad
320 3603 492 3673 Saticulam
512 3631 584 3673 cum
602 3607 820 3695 supplemento
837 3608 937 3675 venit
978 3608 1192 3699 nequeenim!

146 3697 305 3765 Samnites
328 3701 369 3765 ad
390 3701 553 3766 Plisticam
580 3710 773 3780 manserant,
746 3701 859 3769 tsed
882 3704 1001 3772 accitis
1027 3705 1068 3774 ab
1089 3684 1192 3785 donat

142 3795 233 3860 novis
252 3794 331 3859 milit
331 3795 413 3874 ibus,
432 3797 630 3862 multitudine
647 3797 720 3863 freti
737 3807 840 3864 castra
858 3800 990 3881 eodem,
1004 3825 1069 3887 quo
1081 3810 1164 3873 antea
1186 3822 1192 3877 t

143 3888 213 3955 loco
230 3899 417 3977 posuerunt:
444 3890 696 3978 lacessentesque
714 3893 833 3978 proelio
851 3891 1026 3964 Romanos
1044 3904 1163 3963 avertat
1187 3890 1192 4019 1

109 4003 125 4051 a
143 3983 182 4049 ab
201 3985 362 4052 obsidione
381 3986 583 4054 conabantur.
619 4012 657 4055 eo
674 3988 825 4054 intentius
844 3989 1018 4059 dictator
1008 4018 1043 4059 ιιι
1058 3985 1192 4058 noem
