2566 4524
268 269 386 325 nausa
404 269 488 341 viu,
506 269 547 324 11.
568 273 606 338 [a.
617 268 720 340 caeo]
943 260 1008 328 409

76 427 277 494 deliberando
294 438 397 492 terunt
416 440 553 513 tempus,
572 428 663 493 victis
677 428 805 494 demum
822 429 897 496 feni
914 453 1007 519 coep-

84 532 202 588 etcum
215 523 279 588 iam
290 523 388 608 portis
402 522 504 608 prima
522 522 613 609 signa
630 532 662 588 et
677 545 751 610 pars
769 525 904 612 agminis
922 537 1006 594 esset
1023 548 1041 596 4

76 642 122 697 sa,
141 619 252 684 nuntio
268 618 373 684 adlato
392 619 431 682 de
450 618 538 684 elade
549 617 738 685 Latinorum
756 641 828 686 cum
846 623 1006 690 conversis

76 761 77 772 ,
95 723 179 779 retro
197 713 231 777 in
247 713 358 778 urbem
375 713 535 791 rediretur,
556 723 733 800 praetorem
750 735 859 781 eorum
879 718 1006 784 nomine

76 808 160 873 oium
181 807 299 874 dixisse
321 808 438 885 ferunt,
465 830 523 893 pro
544 808 673 894 paulula
690 808 743 874 via
758 833 908 897 magnam
925 834 1006 878 mer-

76 927 88 966 1
111 924 183 967 esse
200 901 353 968 Romanis
376 901 568 967 solvendam.
605 903 660 986 q'ui
675 903 864 970 Latinorum
880 924 1041 992 pugnaes
1161 964 1170 975 ,

76 998 200 1062 fuerant
224 997 330 1062 multis
352 996 514 1063 itineribus
537 997 680 1084 dissipati
703 1019 775 1063 cum
797 1020 832 1065 se
852 999 886 1064 in
908 1023 1007 1066 unum

76 1091 235 1168 obassent,
254 1090 370 1156 Vescia
386 1091 463 1157 urbs
482 1092 527 1158 eis
548 1092 781 1178 receptaculum
802 1092 872 1158 fuit.
906 1094 951 1160 ibi
972 1095 1006 1160 in
1023 1111 1039 1160 6

77 1188 116 1251 iis
136 1186 298 1252 Numisius
316 1187 485 1271 imperator
502 1209 610 1252 eorum
632 1186 841 1265 adfirmando,
864 1210 1005 1254 commu-

76 1304 147 1347 vere
169 1281 306 1347 Martem
328 1281 402 1347 belli
420 1291 584 1367 utramque
606 1282 706 1347 aciem
727 1283 795 1368 pari
816 1284 912 1349 caede
933 1307 1006 1370 pro·

76 1398 128 1441 sse
146 1376 356 1460 victoriaeque
373 1399 489 1441 nomen
502 1386 623 1441 tantum
635 1398 733 1461 penes
746 1376 908 1443 Romanos
923 1400 1003 1458 esse,

76 1494 114 1534 ,m
131 1493 188 1556 pro
206 1471 296 1535 victis
319 1471 477 1535 fortunam
499 1482 530 1535 et
551 1470 621 1535 illos
644 1493 766 1557 gerere3
793 1472 919 1537 funesta
941 1474 1037 1538 duos

76 1566 144 1629 lum
165 1565 334 1650 praetoria,
357 1565 489 1630 alterum
506 1565 670 1650 parricidio
687 1565 757 1644 filii,
779 1567 912 1633 alterum
930 1589 1004 1634 con-

76 1660 180 1725 devoti
199 1661 294 1724 caede
300 1686 309 1738 ;
336 1661 523 1725 trucidatum
541 1660 712 1726 exercitum
730 1684 869 1740 omnem,
893 1684 1002 1729 caesos

77 1776 181 1838 :osque
201 1754 435 1839 principesque,
464 1765 600 1841 stragem
622 1766 654 1820 et
675 1764 747 1820 ante
770 1756 862 1843 signa
883 1766 1004 1842 etpost

81 1848 209 1926 factam,
224 1848 345 1915 triarios
357 1859 516 1934 postremo
529 1871 597 1915 rem
609 1849 797 1915 restituisse:
805 1851 1003 1916 *Latinorum
1020 1860 1038 1910 8

77 1944 178 2008 rariter
204 1943 328 2008 adcisae
351 1944 459 2029 copiae
483 1944 558 2022 sint,
586 1952 692 2008 tamen
713 1944 931 2030 supplemento
951 1946 1003 2010 vel

77 2061 106 2101 m
127 2038 257 2123 propius
280 2060 350 2103 esse
373 2039 423 2102 vel
440 2036 576 2103 Volscos
599 2061 694 2123 quam
711 2038 861 2105 Romam:
878 2076 921 2088 -
943 2041 1036 2106 ita-9

81 2132 109 2196 si
131 2132 274 2196 rideatur
291 2132 350 2211 eis,
374 2154 408 2197 se
427 2154 466 2197 ex
483 2132 608 2198 Latinis
627 2144 659 2198 et
676 2155 716 2198 ex
733 2132 860 2201 Volscis
876 2135 1002 2221 populis

77 2236 140 2290 tute
165 2249 297 2311 propere
324 2227 425 2292 excita
445 2226 618 2290 rediturum
639 2226 755 2292 infesto
778 2229 916 2293 exercitu
940 2227 1003 2294 Ca—

95 2343 165 2386 esse
182 2320 406 2404 Romanosque
427 2319 505 2384 nihil
527 2329 593 2384 tum
614 2319 718 2384 minus
736 2342 832 2404 quam
848 2320 1002 2405 proelium

77 2424 195 2480 stantes
212 2415 397 2500 necopinato
415 2414 552 2478 adventu
569 2413 795 2498 perculsurum,
834 2412 1000 2479 fallacibus
1021 2432 1054 2480 10

77 2534 85 2575 s
105 2509 188 2574 circa
204 2509 334 2574 Latium
352 2530 530 2592 nomenque
542 2506 696 2572 Volscum
713 2507 832 2584 missis,
856 2508 930 2591 quia
947 2510 1002 2592 qui

77 2604 266 2668 nteriuerant
287 2626 412 2690 pugnae
435 2604 476 2668 ad
497 2602 687 2668 eredendum
708 2612 824 2667 temere
846 2600 1001 2668 faciliores

102 2698 321 2763 tumultuarius
344 2697 482 2781 undique
504 2696 658 2762 exercitus
675 2695 789 2782 raptim
806 2696 1001 2782 conscriptus

77 2793 132 2857 nit.
168 2792 242 2857 huie
259 2793 378 2879 agmini
395 2791 575 2876 Torquatus
594 2789 705 2856 consul
722 2790 763 2856 ad
776 2789 941 2856 Trifanum
959 2828 1001 2840 -
1020 2811 1051 2859 11

81 2884 266 2952 Sinuessam
289 2885 538 2970 Mentumasque
559 2886 587 2951 is
608 2885 698 2951 locus
725 2895 773 2950 est
794 2922 836 2934 —
859 2887 1001 2951 occurrit.

77 3004 161 3065 quam
187 2981 297 3046 eastris
323 2981 412 3045 locus
438 2989 609 3066 caperetur,
638 2979 767 3044 sarcinis
790 2979 947 3064 utrimque
968 2981 1001 3044 in

77 3099 124 3140 nn
139 3075 287 3141 coniectis
295 3083 471 3162 pugnatum
480 3072 732 3156 debellatumque
745 3082 807 3137 est:
825 3073 904 3136 adeo
918 3073 1001 3136 enim
1020 3093 1052 3140 12

78 3193 99 3235 ,e
116 3192 168 3234 res
187 3179 273 3247 sunt,
297 3179 332 3233 ut
350 3169 470 3234 consuli
488 3169 638 3233 victorem
656 3165 826 3230 exercitum
843 3165 884 3228 ad
905 3166 1001 3249 depo-

78 3265 131 3329 dos
154 3286 248 3351 agros
271 3286 378 3329 eorum
399 3264 525 3328 ducenti
548 3263 697 3326 dederent
715 3281 749 3324 se
767 3279 875 3324 omnes
892 3258 1002 3323 Latini

78 3381 229 3442 onemque
255 3381 324 3422 eam
348 3356 503 3442 Campani
530 3363 740 3440 sequerentur.
785 3352 915 3417 Latium
939 3351 1001 3418 Ca—
1020 3371 1051 3421 18

78 3474 103 3517 re
121 3475 197 3538 agro
214 3452 351 3529 multati,
370 3451 506 3516 Latinus
520 3474 595 3537 ager
607 3448 783 3515 Privernati
800 3447 906 3512 addito
925 3470 1001 3534 agro

78 3569 189 3625 emus,
209 3547 263 3630 qui
276 3545 384 3632 populi
399 3544 554 3631 Campani
567 3544 682 3622 fuerat,
699 3564 801 3627 usque
819 3542 860 3608 ad
873 3540 1003 3608 Vultur-

80 3641 198 3706 flumen
223 3639 309 3726 plebi
335 3639 497 3705 Romanae
524 3640 681 3705 dividitur.
725 3638 799 3703 bina
824 3637 858 3702 in
882 3638 1001 3729 Latino
1020 3657 1053 3704 14

78 3763 99 3812 ι,
126 3736 171 3800 ita
192 3747 227 3799 ut
248 3735 434 3800 dodrantem
451 3757 492 3799 ex
508 3734 684 3799 Privernati
702 3733 895 3818 conplerent,
919 3731 1000 3809 data,

88 3829 123 3894 in
144 3829 292 3907 Falerno,
320 3827 546 3912 quadrantibus
573 3828 666 3894 etiam
691 3849 748 3913 pro
774 3823 1001 3912 longinquitate

78 3925 116 3989 is.
149 3932 239 4012 extra
252 3945 387 4009 poenam
404 3923 492 3989 fuere
505 3923 693 3989 Latinorum
709 3921 886 3987 Laurentes
906 3916 1001 3981 Cam·
1020 3937 1052 3985 15

78 4039 193 4102 umque
211 4018 346 4103 equites,
366 4018 520 4102 quianon
537 4018 740 4084 desciverant.
772 4036 845 4079 cum
856 4011 1001 4076 Lauren·

955 4148 1132 4254 fl
