<?xml version="1.0" encoding="UTF-8"?>
<!DOCTYPE html PUBLIC "-//W3C//DTD XHTML 1.0 Transitional//EN"
    "http://www.w3.org/TR/xhtml1/DTD/xhtml1-transitional.dtd">
<html xmlns="http://www.w3.org/1999/xhtml" xml:lang="en" lang="en">
 <head>
  <title>
</title>
<meta http-equiv="Content-Type" content="text/html;charset=utf-8" />
  <meta name='ocr-system' content='tesseract 3.04.00' />
  <meta name='ocr-capabilities' content='ocr_page ocr_carea ocr_par ocr_line ocrx_word'/>
</head>
<body>
  <div class='ocr_page' id='page_1' title='image "./titiliviaburbec01weisgoog_0323.png"; bbox 0 0 2566 4524; ppageno 0'>
   <div class='ocr_carea' id='block_1_1' title="bbox 150 250 986 333">
    <p class='ocr_par' dir='ltr' id='par_1_1' title="bbox 150 250 986 333">
     <span class='ocr_line' id='line_1_1' title="bbox 150 250 986 333; baseline -0.004 -13"><span class='ocrx_word' id='word_1_1' title='bbox 150 257 213 320; x_wconf 74' lang='lat'>‘236</span> <span class='ocrx_word' id='word_1_2' title='bbox 359 265 478 321; x_wconf 84' lang='lat' dir='ltr'>LIBER</span> <span class='ocrx_word' id='word_1_3' title='bbox 494 264 568 333; x_wconf 87' lang='lat'><strong>1111,</strong></span> <span class='ocrx_word' id='word_1_4' title='bbox 586 262 628 318; x_wconf 80' lang='lat'><strong>45.</strong></span> <span class='ocrx_word' id='word_1_5' title='bbox 641 263 684 318; x_wconf 88' lang='grc'><strong>46.</strong></span> <span class='ocrx_word' id='word_1_6' title='bbox 704 250 741 333; x_wconf 84' lang='lat' dir='ltr'><strong>[a.</strong></span> <span class='ocrx_word' id='word_1_7' title='bbox 751 280 778 317; x_wconf 93' lang='lat' dir='ltr'><strong>u.</strong></span> <span class='ocrx_word' id='word_1_8' title='bbox 790 262 986 333; x_wconf 75' lang='lat' dir='ltr'><strong>a.3ss-338]-</strong></span> 
     </span>
    </p>
   </div>
   <div class='ocr_carea' id='block_1_2' title="bbox 30 419 1201 4102">
    <p class='ocr_par' dir='ltr' id='par_1_2' title="bbox 115 419 1166 509">
     <span class='ocr_line' id='line_1_2' title="bbox 115 419 1166 509; baseline -0.01 -14"><span class='ocrx_word' id='word_1_9' title='bbox 115 445 131 495; x_wconf 84' lang='lat'>8</span> <span class='ocrx_word' id='word_1_10' title='bbox 150 448 256 491; x_wconf 88' lang='lat' dir='ltr'><strong>curam</strong></span> <span class='ocrx_word' id='word_1_11' title='bbox 274 423 360 490; x_wconf 91' lang='lat' dir='ltr'><strong>urbis</strong></span> <span class='ocrx_word' id='word_1_12' title='bbox 379 433 414 488; x_wconf 92' lang='lat' dir='ltr'><strong>ut</strong></span> <span class='ocrx_word' id='word_1_13' title='bbox 435 423 604 509; x_wconf 80' lang='lat' dir='ltr'><strong>ingratam,</strong></span> <span class='ocrx_word' id='word_1_14' title='bbox 632 420 804 509; x_wconf 88' lang='lat' dir='ltr'><strong>ignobilem</strong></span> <span class='ocrx_word' id='word_1_15' title='bbox 825 419 999 507; x_wconf 87' lang='lat' dir='ltr'><strong>aspernari.</strong></span> <span class='ocrx_word' id='word_1_16' title='bbox 1037 441 1108 485; x_wconf 90' lang='lat' dir='ltr'><strong>oum</strong></span> <span class='ocrx_word' id='word_1_17' title='bbox 1121 442 1166 507; x_wconf 87' lang='lat' dir='ltr'><strong>pa-</strong></span> 
     </span>
    </p>

    <p class='ocr_par' dir='ltr' id='par_1_3' title="bbox 30 514 1201 1074">
     <span class='ocr_line' id='line_1_3' title="bbox 30 514 1165 602; baseline -0.006 -16"><span class='ocrx_word' id='word_1_18' title='bbox 30 585 35 593; x_wconf 81' lang='lat'><strong>,</strong></span> <span class='ocrx_word' id='word_1_19' title='bbox 148 544 219 586; x_wconf 91' lang='lat' dir='ltr'><strong>rum</strong></span> <span class='ocrx_word' id='word_1_20' title='bbox 241 521 390 584; x_wconf 90' lang='lat' dir='ltr'><strong>decorum</strong></span> <span class='ocrx_word' id='word_1_21' title='bbox 415 518 496 582; x_wconf 90' lang='lat' dir='ltr'><strong>inter</strong></span> <span class='ocrx_word' id='word_1_22' title='bbox 523 516 660 602; x_wconf 87' lang='lat' dir='ltr'><strong>collegas</strong></span> <span class='ocrx_word' id='word_1_23' title='bbox 687 526 846 581; x_wconf 89' lang='lat' dir='ltr'><strong>certamen</strong></span> <span class='ocrx_word' id='word_1_24' title='bbox 871 514 1053 580; x_wconf 85' lang='lat' dir='ltr'><strong>mirabundi</strong></span> <span class='ocrx_word' id='word_1_25' title='bbox 1077 525 1165 602; x_wconf 87' lang='lat' dir='ltr'><strong>patres</strong></span> 
     </span>
     <span class='ocr_line' id='line_1_4' title="bbox 150 605 1165 700; baseline -0.008 -19"><span class='ocrx_word' id='word_1_26' title='bbox 150 615 375 700; x_wconf 80' lang='lat' dir='ltr'><strong>conspicerent,</strong></span> <span class='ocrx_word' id='word_1_27' title='bbox 395 611 436 694; x_wconf 99' lang='lat' dir='ltr'><strong>Q.</strong></span> <span class='ocrx_word' id='word_1_28' title='bbox 448 609 601 677; x_wconf 85' lang='lat' dir='ltr'><strong>Servilius</strong></span> <span class='ocrx_word' id='word_1_29' title='bbox 621 611 760 694; x_wconf 89' lang='lat' dir='ltr'><strong>‘quando</strong></span> <span class='ocrx_word' id='word_1_30' title='bbox 778 631 837 674; x_wconf 91' lang='lat' dir='ltr'><strong>nec</strong></span> <span class='ocrx_word' id='word_1_31' title='bbox 855 609 974 674; x_wconf 86' lang='lat' dir='ltr'><strong>ordinis</strong></span> <span class='ocrx_word' id='word_1_32' title='bbox 994 609 1088 674; x_wconf 88' lang='lat' dir='ltr'><strong>huius</strong></span> <span class='ocrx_word' id='word_1_33' title='bbox 1104 605 1165 673; x_wconf 86' lang='lat' dir='ltr'><strong>ulla’</strong></span> 
     </span>
     <span class='ocr_line' id='line_1_5' title="bbox 149 703 1163 792; baseline -0.006 -19"><span class='ocrx_word' id='word_1_34' title='bbox 149 709 250 792; x_wconf 92' lang='lat' dir='ltr'><strong>inquit</strong></span> <span class='ocrx_word' id='word_1_35' title='bbox 272 707 412 772; x_wconf 85' lang='lat' dir='ltr'><strong>‘neerei</strong></span> <span class='ocrx_word' id='word_1_36' title='bbox 433 705 576 791; x_wconf 89' lang='lat' dir='ltr'><strong>publicae</strong></span> <span class='ocrx_word' id='word_1_37' title='bbox 603 714 651 770; x_wconf 85' lang='lat' dir='ltr'><strong>est</strong></span> <span class='ocrx_word' id='word_1_38' title='bbox 676 704 879 782; x_wconf 89' lang='lat' dir='ltr'><strong>verecundia,</strong></span> <span class='ocrx_word' id='word_1_39' title='bbox 905 703 1010 790; x_wconf 88' lang='lat' dir='ltr'><strong>patria</strong></span> <span class='ocrx_word' id='word_1_40' title='bbox 1034 704 1163 768; x_wconf 84' lang='lat' dir='ltr'><strong>maiestas</strong></span> 
     </span>
     <span class='ocr_line' id='line_1_6' title="bbox 150 796 1162 869; baseline -0.005 -1"><span class='ocrx_word' id='word_1_41' title='bbox 150 803 383 869; x_wconf 88' lang='lat' dir='ltr'><strong>altercationem</strong></span> <span class='ocrx_word' id='word_1_42' title='bbox 400 801 493 865; x_wconf 85' lang='lat' dir='ltr'><strong>istam</strong></span> <span class='ocrx_word' id='word_1_43' title='bbox 512 800 643 864; x_wconf 88' lang='lat' dir='ltr'><strong>dirimet.</strong></span> <span class='ocrx_word' id='word_1_44' title='bbox 668 799 752 864; x_wconf 90' lang='lat' dir='ltr'><strong>filius</strong></span> <span class='ocrx_word' id='word_1_45' title='bbox 769 821 860 864; x_wconf 90' lang='lat' dir='ltr'><strong>meus</strong></span> <span class='ocrx_word' id='word_1_46' title='bbox 878 810 968 863; x_wconf 87' lang='lat' dir='ltr'><strong>extra</strong></span> <span class='ocrx_word' id='word_1_47' title='bbox 982 809 1098 864; x_wconf 79' lang='lat' dir='ltr'><strong>sortem</strong></span> <span class='ocrx_word' id='word_1_48' title='bbox 1108 796 1162 863; x_wconf 91' lang='lat' dir='ltr'><strong>urbi</strong></span> 
     </span>
     <span class='ocr_line' id='line_1_7' title="bbox 149 892 1201 982; baseline -0.006 -21"><span class='ocrx_word' id='word_1_49' title='bbox 149 897 292 982; x_wconf 90' lang='lat' dir='ltr'><strong>praeerit.</strong></span> <span class='ocrx_word' id='word_1_50' title='bbox 328 894 446 960; x_wconf 90' lang='lat' dir='ltr'><strong>bellum</strong></span> <span class='ocrx_word' id='word_1_51' title='bbox 467 894 588 957; x_wconf 90' lang='lat' dir='ltr'><strong>utinam</strong></span> <span class='ocrx_word' id='word_1_52' title='bbox 609 892 664 977; x_wconf 92' lang='lat' dir='ltr'><strong>qui</strong></span> <span class='ocrx_word' id='word_1_53' title='bbox 681 892 833 979; x_wconf 88' lang='lat' dir='ltr'><strong>adpetunt</strong></span> <span class='ocrx_word' id='word_1_54' title='bbox 855 893 1084 959; x_wconf 88' lang='lat' dir='ltr'><strong>consideratius</strong></span> <span class='ocrx_word' id='word_1_55' title='bbox 1104 913 1160 957; x_wconf 90' lang='lat' dir='ltr'><strong>con·</strong></span> <span class='ocrx_word' id='word_1_56' title='bbox 1197 894 1201 941; x_wconf 72' lang='grc' dir='ltr'><strong>ἔ</strong></span> 
     </span>
     <span class='ocr_line' id='line_1_8' title="bbox 151 986 748 1074; baseline -0.01 -18"><span class='ocrx_word' id='word_1_57' title='bbox 151 991 338 1074; x_wconf 90' lang='lat' dir='ltr'><strong>cordiusque</strong></span> <span class='ocrx_word' id='word_1_58' title='bbox 357 1011 452 1072; x_wconf 91' lang='lat' dir='ltr'><strong>quam</strong></span> <span class='ocrx_word' id='word_1_59' title='bbox 471 988 601 1073; x_wconf 94' lang='lat' dir='ltr'><strong>cupiunt</strong></span> <span class='ocrx_word' id='word_1_60' title='bbox 618 986 748 1074; x_wconf 68' lang='lat' dir='ltr'><strong>gerant!</strong></span> 
     </span>
    </p>

    <p class='ocr_par' dir='ltr' id='par_1_4' title="bbox 117 1081 1160 1265">
     <span class='ocr_line' id='line_1_9' title="bbox 117 1081 1160 1168; baseline -0.005 -18"><span class='ocrx_word' id='word_1_61' title='bbox 117 1108 130 1155; x_wconf 95' lang='lat'>1</span> <span class='ocrx_word' id='word_1_62' title='bbox 214 1083 421 1150; x_wconf 87' lang='lat' dir='ltr'><strong>XXXXVI.</strong></span> <span class='ocrx_word' id='word_1_63' title='bbox 456 1081 619 1148; x_wconf 86' lang='lat' dir='ltr'><strong>Dilectum</strong></span> <span class='ocrx_word' id='word_1_64' title='bbox 636 1081 745 1147; x_wconf 90' lang='lat' dir='ltr'><strong>haberi</strong></span> <span class='ocrx_word' id='word_1_65' title='bbox 762 1105 826 1147; x_wconf 91' lang='lat' dir='ltr'><strong>non</strong></span> <span class='ocrx_word' id='word_1_66' title='bbox 843 1104 884 1147; x_wconf 88' lang='lat' dir='ltr'><strong>ex</strong></span> <span class='ocrx_word' id='word_1_67' title='bbox 901 1090 967 1147; x_wconf 91' lang='lat' dir='ltr'><strong>toto</strong></span> <span class='ocrx_word' id='word_1_68' title='bbox 988 1081 1160 1168; x_wconf 85' lang='lat' dir='ltr'><strong>passimpo·</strong></span> 
     </span>
     <span class='ocr_line' id='line_1_10' title="bbox 149 1175 1158 1265; baseline -0.005 -20"><span class='ocrx_word' id='word_1_69' title='bbox 149 1181 224 1265; x_wconf 90' lang='lat' dir='ltr'><strong>pulo</strong></span> <span class='ocrx_word' id='word_1_70' title='bbox 235 1179 365 1265; x_wconf 86' lang='lat' dir='ltr'><strong>placuit:</strong></span> <span class='ocrx_word' id='word_1_71' title='bbox 385 1179 495 1243; x_wconf 88' lang='lat' dir='ltr'><strong>decem</strong></span> <span class='ocrx_word' id='word_1_72' title='bbox 505 1177 604 1243; x_wconf 91' lang='lat' dir='ltr'><strong>tribus</strong></span> <span class='ocrx_word' id='word_1_73' title='bbox 614 1187 697 1242; x_wconf 89' lang='lat' dir='ltr'><strong>sorte</strong></span> <span class='ocrx_word' id='word_1_74' title='bbox 711 1178 823 1242; x_wconf 91' lang='lat' dir='ltr'><strong>ductae</strong></span> <span class='ocrx_word' id='word_1_75' title='bbox 838 1185 920 1240; x_wconf 79' lang='lat' dir='ltr'><strong>sunt.</strong></span> <span class='ocrx_word' id='word_1_76' title='bbox 940 1198 981 1241; x_wconf 83' lang='lat' dir='ltr'><strong>ex</strong></span> <span class='ocrx_word' id='word_1_77' title='bbox 989 1175 1039 1242; x_wconf 93' lang='lat' dir='ltr'><strong>his</strong></span> <span class='ocrx_word' id='word_1_78' title='bbox 1050 1175 1158 1261; x_wconf 84' lang='lat' dir='ltr'><strong>scriptos</strong></span> 
     </span>
    </p>

    <p class='ocr_par' dir='ltr' id='par_1_5' title="bbox 118 1272 1159 1644">
     <span class='ocr_line' id='line_1_11' title="bbox 118 1272 1158 1358; baseline -0.01 -17"><span class='ocrx_word' id='word_1_79' title='bbox 118 1295 133 1344; x_wconf 75' lang='grc' dir='ltr'><strong>ι</strong></span> <span class='ocrx_word' id='word_1_80' title='bbox 151 1276 288 1340; x_wconf 89' lang='lat' dir='ltr'><strong>iuniores</strong></span> <span class='ocrx_word' id='word_1_81' title='bbox 307 1274 370 1339; x_wconf 92' lang='lat' dir='ltr'><strong>duo</strong></span> <span class='ocrx_word' id='word_1_82' title='bbox 388 1273 505 1338; x_wconf 90' lang='lat' dir='ltr'><strong>tribuni</strong></span> <span class='ocrx_word' id='word_1_83' title='bbox 527 1273 568 1338; x_wconf 92' lang='lat' dir='ltr'><strong>ad</strong></span> <span class='ocrx_word' id='word_1_84' title='bbox 590 1272 708 1337; x_wconf 87' lang='lat' dir='ltr'><strong>bellum</strong></span> <span class='ocrx_word' id='word_1_85' title='bbox 730 1273 858 1336; x_wconf 83' lang='lat' dir='ltr'><strong>duxere.</strong></span> <span class='ocrx_word' id='word_1_86' title='bbox 894 1281 1007 1358; x_wconf 87' lang='lat' dir='ltr'><strong>coepta</strong></span> <span class='ocrx_word' id='word_1_87' title='bbox 1029 1272 1158 1337; x_wconf 86' lang='lat' dir='ltr'><strong>intereos</strong></span> 
     </span>
     <span class='ocr_line' id='line_1_12' title="bbox 149 1365 1159 1453; baseline -0.007 -18"><span class='ocrx_word' id='word_1_88' title='bbox 149 1370 182 1434; x_wconf 94' lang='lat' dir='ltr'><strong>in</strong></span> <span class='ocrx_word' id='word_1_89' title='bbox 199 1369 276 1435; x_wconf 91' lang='lat' dir='ltr'><strong>urbe</strong></span> <span class='ocrx_word' id='word_1_90' title='bbox 295 1368 464 1434; x_wconf 83' lang='lat' dir='ltr'><strong>certamina</strong></span> <span class='ocrx_word' id='word_1_91' title='bbox 481 1368 650 1453; x_wconf 87' lang='lat' dir='ltr'><strong>cupiditate</strong></span> <span class='ocrx_word' id='word_1_92' title='bbox 679 1366 789 1430; x_wconf 87' lang='lat' dir='ltr'><strong>eadem</strong></span> <span class='ocrx_word' id='word_1_93' title='bbox 806 1365 930 1452; x_wconf 92' lang='lat' dir='ltr'><strong>imperii</strong></span> <span class='ocrx_word' id='word_1_94' title='bbox 951 1365 1052 1431; x_wconf 94' lang='lat' dir='ltr'><strong>multo</strong></span> <span class='ocrx_word' id='word_1_95' title='bbox 1072 1366 1159 1451; x_wconf 85' lang='lat' dir='ltr'><strong>inpen·</strong></span> 
     </span>
     <span class='ocr_line' id='line_1_13' title="bbox 150 1458 1159 1545; baseline -0.006 -16"><span class='ocrx_word' id='word_1_96' title='bbox 150 1464 215 1529; x_wconf 90' lang='lat' dir='ltr'><strong>sius</strong></span> <span class='ocrx_word' id='word_1_97' title='bbox 233 1463 393 1529; x_wconf 87' lang='lat' dir='ltr'><strong>incastris</strong></span> <span class='ocrx_word' id='word_1_98' title='bbox 412 1463 555 1527; x_wconf 83' lang='lat' dir='ltr'><strong>accendi:</strong></span> <span class='ocrx_word' id='word_1_99' title='bbox 581 1460 658 1526; x_wconf 90' lang='lat' dir='ltr'><strong>nihil</strong></span> <span class='ocrx_word' id='word_1_100' title='bbox 682 1462 796 1526; x_wconf 90' lang='lat' dir='ltr'><strong>sentire</strong></span> <span class='ocrx_word' id='word_1_101' title='bbox 818 1461 917 1539; x_wconf 90' lang='lat' dir='ltr'><strong>idem,</strong></span> <span class='ocrx_word' id='word_1_102' title='bbox 944 1483 1004 1545; x_wconf 92' lang='lat' dir='ltr'><strong>pro</strong></span> <span class='ocrx_word' id='word_1_103' title='bbox 1028 1458 1159 1526; x_wconf 84' lang='lat' dir='ltr'><strong>sententia</strong></span> 
     </span>
     <span class='ocr_line' id='line_1_14' title="bbox 149 1555 1159 1644; baseline -0.001 -24"><span class='ocrx_word' id='word_1_104' title='bbox 149 1579 304 1644; x_wconf 84' lang='lat' dir='ltr'><strong>pugnare,</strong></span> <span class='ocrx_word' id='word_1_105' title='bbox 332 1580 390 1621; x_wconf 90' lang='lat' dir='ltr'><strong>sua</strong></span> <span class='ocrx_word' id='word_1_106' title='bbox 412 1556 543 1621; x_wconf 91' lang='lat' dir='ltr'><strong>consilia</strong></span> <span class='ocrx_word' id='word_1_107' title='bbox 564 1555 659 1633; x_wconf 90' lang='lat' dir='ltr'><strong>velle,</strong></span> <span class='ocrx_word' id='word_1_108' title='bbox 687 1578 746 1620; x_wconf 88' lang='lat' dir='ltr'><strong>sua</strong></span> <span class='ocrx_word' id='word_1_109' title='bbox 766 1555 897 1642; x_wconf 90' lang='lat' dir='ltr'><strong>imperia</strong></span> <span class='ocrx_word' id='word_1_110' title='bbox 919 1555 989 1620; x_wconf 92' lang='lat' dir='ltr'><strong>sola</strong></span> <span class='ocrx_word' id='word_1_111' title='bbox 1010 1566 1079 1621; x_wconf 90' lang='lat' dir='ltr'><strong>rata</strong></span> <span class='ocrx_word' id='word_1_112' title='bbox 1097 1575 1159 1629; x_wconf 83' lang='lat' dir='ltr'><strong>esse,</strong></span> 
     </span>
    </p>

    <p class='ocr_par' dir='ltr' id='par_1_6' title="bbox 114 1646 1159 1834">
     <span class='ocr_line' id='line_1_15' title="bbox 114 1646 1158 1736; baseline -0.006 -18"><span class='ocrx_word' id='word_1_113' title='bbox 114 1672 131 1720; x_wconf 80' lang='lat'><strong>3</strong></span> <span class='ocrx_word' id='word_1_114' title='bbox 149 1667 347 1715; x_wconf 87' lang='lat' dir='ltr'><strong>contemnere</strong></span> <span class='ocrx_word' id='word_1_115' title='bbox 363 1650 500 1714; x_wconf 90' lang='lat' dir='ltr'><strong>invicem</strong></span> <span class='ocrx_word' id='word_1_116' title='bbox 517 1660 548 1714; x_wconf 91' lang='lat' dir='ltr'><strong>et</strong></span> <span class='ocrx_word' id='word_1_117' title='bbox 566 1649 737 1727; x_wconf 85' lang='lat' dir='ltr'><strong>contemni,</strong></span> <span class='ocrx_word' id='word_1_118' title='bbox 764 1649 865 1714; x_wconf 90' lang='lat' dir='ltr'><strong>donec</strong></span> <span class='ocrx_word' id='word_1_119' title='bbox 886 1649 1108 1736; x_wconf 72' lang='lat' dir='ltr'><strong>castigantibus</strong></span> <span class='ocrx_word' id='word_1_120' title='bbox 1124 1646 1158 1712; x_wconf 88' lang='lat' dir='ltr'><strong>le-</strong></span> 
     </span>
     <span class='ocr_line' id='line_1_16' title="bbox 147 1745 1159 1834; baseline -0.003 -23"><span class='ocrx_word' id='word_1_121' title='bbox 147 1747 230 1834; x_wconf 87' lang='lat' dir='ltr'><strong>gatis</strong></span> <span class='ocrx_word' id='word_1_122' title='bbox 248 1747 376 1812; x_wconf 90' lang='lat' dir='ltr'><strong>tandem</strong></span> <span class='ocrx_word' id='word_1_123' title='bbox 392 1746 437 1811; x_wconf 89' lang='lat' dir='ltr'><strong>ita</strong></span> <span class='ocrx_word' id='word_1_124' title='bbox 456 1756 670 1832; x_wconf 85' lang='lat' dir='ltr'><strong>comparatum</strong></span> <span class='ocrx_word' id='word_1_125' title='bbox 688 1755 746 1823; x_wconf 88' lang='lat' dir='ltr'><strong>est,</strong></span> <span class='ocrx_word' id='word_1_126' title='bbox 765 1754 800 1810; x_wconf 93' lang='lat' dir='ltr'><strong>ut</strong></span> <span class='ocrx_word' id='word_1_127' title='bbox 818 1745 944 1810; x_wconf 88' lang='lat' dir='ltr'><strong>alternis</strong></span> <span class='ocrx_word' id='word_1_128' title='bbox 964 1745 1077 1812; x_wconf 92' lang='lat' dir='ltr'><strong>diebus</strong></span> <span class='ocrx_word' id='word_1_129' title='bbox 1093 1765 1159 1810; x_wconf 84' lang='lat' dir='ltr'><strong>suu·</strong></span> 
     </span>
    </p>

    <p class='ocr_par' dir='ltr' id='par_1_7' title="bbox 113 1838 1159 2297">
     <span class='ocr_line' id='line_1_17' title="bbox 113 1838 1158 1927; baseline -0.005 -19"><span class='ocrx_word' id='word_1_130' title='bbox 113 1861 131 1909; x_wconf 84' lang='lat'>4</span> <span class='ocrx_word' id='word_1_131' title='bbox 148 1865 234 1906; x_wconf 87' lang='lat' dir='ltr'><strong>mam</strong></span> <span class='ocrx_word' id='word_1_132' title='bbox 255 1841 377 1927; x_wconf 89' lang='lat' dir='ltr'><strong>imperii</strong></span> <span class='ocrx_word' id='word_1_133' title='bbox 398 1839 558 1905; x_wconf 88' lang='lat' dir='ltr'><strong>habereut.</strong></span> <span class='ocrx_word' id='word_1_134' title='bbox 595 1862 675 1924; x_wconf 90' lang='lat' dir='ltr'><strong>quae</strong></span> <span class='ocrx_word' id='word_1_135' title='bbox 699 1862 771 1904; x_wconf 90' lang='lat' dir='ltr'><strong>curn</strong></span> <span class='ocrx_word' id='word_1_136' title='bbox 793 1839 887 1904; x_wconf 87' lang='lat' dir='ltr'><strong>allata</strong></span> <span class='ocrx_word' id='word_1_137' title='bbox 904 1838 1043 1904; x_wconf 85' lang='lat' dir='ltr'><strong>Romam</strong></span> <span class='ocrx_word' id='word_1_138' title='bbox 1065 1844 1158 1912; x_wconf 78' lang='lat' dir='ltr'><strong>esseut,</strong></span> 
     </span>
     <span class='ocr_line' id='line_1_18' title="bbox 149 1930 1158 2019; baseline -0.002 -20"><span class='ocrx_word' id='word_1_139' title='bbox 149 1937 261 2000; x_wconf 90' lang='lat' dir='ltr'><strong>dicitur</strong></span> <span class='ocrx_word' id='word_1_140' title='bbox 280 1934 321 2017; x_wconf 94' lang='lat' dir='ltr'><strong>Q.</strong></span> <span class='ocrx_word' id='word_1_141' title='bbox 337 1932 499 2011; x_wconf 88' lang='lat' dir='ltr'><strong>Servilius,</strong></span> <span class='ocrx_word' id='word_1_142' title='bbox 519 1943 620 1998; x_wconf 89' lang='lat' dir='ltr'><strong>aetate</strong></span> <span class='ocrx_word' id='word_1_143' title='bbox 639 1942 670 1998; x_wconf 91' lang='lat' dir='ltr'><strong>et</strong></span> <span class='ocrx_word' id='word_1_144' title='bbox 688 1957 749 1998; x_wconf 92' lang='lat' dir='ltr'><strong>usu</strong></span> <span class='ocrx_word' id='word_1_145' title='bbox 766 1933 887 2011; x_wconf 91' lang='lat' dir='ltr'><strong>doctus,</strong></span> <span class='ocrx_word' id='word_1_146' title='bbox 906 1944 1054 2019; x_wconf 87' lang='lat' dir='ltr'><strong>precatus</strong></span> <span class='ocrx_word' id='word_1_147' title='bbox 1067 1933 1104 1999; x_wconf 89' lang='lat' dir='ltr'><strong>ab</strong></span> <span class='ocrx_word' id='word_1_148' title='bbox 1115 1930 1158 1997; x_wconf 82' lang='lat' dir='ltr'><strong>diis</strong></span> 
     </span>
     <span class='ocr_line' id='line_1_19' title="bbox 148 2028 1159 2114; baseline 0.001 -21"><span class='ocrx_word' id='word_1_149' title='bbox 148 2030 379 2107; x_wconf 85' lang='lat' dir='ltr'><strong>inmortalibus,</strong></span> <span class='ocrx_word' id='word_1_150' title='bbox 401 2052 442 2093; x_wconf 92' lang='lat' dir='ltr'><strong>ne</strong></span> <span class='ocrx_word' id='word_1_151' title='bbox 464 2029 621 2094; x_wconf 86' lang='lat' dir='ltr'><strong>discordia</strong></span> <span class='ocrx_word' id='word_1_152' title='bbox 646 2028 843 2094; x_wconf 90' lang='lat' dir='ltr'><strong>tribunorum</strong></span> <span class='ocrx_word' id='word_1_153' title='bbox 861 2029 1044 2096; x_wconf 87' lang='lat' dir='ltr'><strong>damnosior</strong></span> <span class='ocrx_word' id='word_1_154' title='bbox 1059 2029 1102 2095; x_wconf 89' lang='lat' dir='ltr'><strong>rei</strong></span> <span class='ocrx_word' id='word_1_155' title='bbox 1115 2048 1159 2114; x_wconf 86' lang='lat' dir='ltr'><strong>pu·</strong></span> 
     </span>
     <span class='ocr_line' id='line_1_20' title="bbox 147 2120 1159 2208; baseline -0.003 -19"><span class='ocrx_word' id='word_1_156' title='bbox 147 2124 249 2190; x_wconf 90' lang='lat' dir='ltr'><strong>blicae</strong></span> <span class='ocrx_word' id='word_1_157' title='bbox 267 2133 350 2189; x_wconf 89' lang='lat' dir='ltr'><strong>esset</strong></span> <span class='ocrx_word' id='word_1_158' title='bbox 368 2145 463 2208; x_wconf 86' lang='lat' dir='ltr'><strong>quam</strong></span> <span class='ocrx_word' id='word_1_159' title='bbox 480 2124 521 2188; x_wconf 88' lang='lat' dir='ltr'><strong>ad</strong></span> <span class='ocrx_word' id='word_1_160' title='bbox 539 2123 637 2189; x_wconf 88' lang='lat' dir='ltr'><strong>Veios</strong></span> <span class='ocrx_word' id='word_1_161' title='bbox 660 2123 787 2202; x_wconf 85' lang='lat' dir='ltr'><strong>fuisset,</strong></span> <span class='ocrx_word' id='word_1_162' title='bbox 815 2133 847 2188; x_wconf 91' lang='lat' dir='ltr'><strong>et</strong></span> <span class='ocrx_word' id='word_1_163' title='bbox 869 2124 956 2189; x_wconf 90' lang='lat' dir='ltr'><strong>velut</strong></span> <span class='ocrx_word' id='word_1_164' title='bbox 977 2124 1065 2190; x_wconf 90' lang='lat' dir='ltr'><strong>haud</strong></span> <span class='ocrx_word' id='word_1_165' title='bbox 1084 2120 1159 2189; x_wconf 77' lang='lat' dir='ltr'><strong>dubis</strong></span> 
     </span>
     <span class='ocr_line' id='line_1_21' title="bbox 149 2218 1159 2297; baseline 0.002 -13"><span class='ocrx_word' id='word_1_166' title='bbox 149 2218 237 2284; x_wconf 87' lang='lat' dir='ltr'><strong>clade</strong></span> <span class='ocrx_word' id='word_1_167' title='bbox 250 2219 429 2297; x_wconf 91' lang='lat' dir='ltr'><strong>inminente,</strong></span> <span class='ocrx_word' id='word_1_168' title='bbox 449 2219 600 2284; x_wconf 88' lang='lat' dir='ltr'><strong>institisse</strong></span> <span class='ocrx_word' id='word_1_169' title='bbox 614 2219 689 2297; x_wconf 89' lang='lat' dir='ltr'><strong>filio,</strong></span> <span class='ocrx_word' id='word_1_170' title='bbox 707 2229 744 2283; x_wconf 92' lang='lat' dir='ltr'><strong>ut</strong></span> <span class='ocrx_word' id='word_1_171' title='bbox 757 2219 872 2285; x_wconf 88' lang='lat' dir='ltr'><strong>milites</strong></span> <span class='ocrx_word' id='word_1_172' title='bbox 886 2220 1039 2286; x_wconf 88' lang='lat' dir='ltr'><strong>scriberet</strong></span> <span class='ocrx_word' id='word_1_173' title='bbox 1051 2231 1082 2286; x_wconf 89' lang='lat' dir='ltr'><strong>et</strong></span> <span class='ocrx_word' id='word_1_174' title='bbox 1092 2238 1159 2285; x_wconf 69' lang='lat' dir='ltr'><strong>arus</strong></span> 
     </span>
    </p>

    <p class='ocr_par' dir='ltr' id='par_1_8' title="bbox 114 2313 1160 2780">
     <span class='ocr_line' id='line_1_22' title="bbox 114 2313 1158 2404; baseline -0.006 -22"><span class='ocrx_word' id='word_1_175' title='bbox 114 2334 130 2382; x_wconf 79' lang='lat'><strong>5</strong></span> <span class='ocrx_word' id='word_1_176' title='bbox 147 2325 280 2402; x_wconf 88' lang='lat' dir='ltr'><strong>pararet.</strong></span> <span class='ocrx_word' id='word_1_177' title='bbox 306 2338 365 2380; x_wconf 89' lang='lat' dir='ltr'><strong>nec</strong></span> <span class='ocrx_word' id='word_1_178' title='bbox 382 2315 483 2380; x_wconf 87' lang='lat' dir='ltr'><strong>falsus</strong></span> <span class='ocrx_word' id='word_1_179' title='bbox 502 2325 590 2379; x_wconf 89' lang='lat' dir='ltr'><strong>vates</strong></span> <span class='ocrx_word' id='word_1_180' title='bbox 608 2314 678 2380; x_wconf 78' lang='lat' dir='ltr'><strong>fuit.</strong></span> <span class='ocrx_word' id='word_1_181' title='bbox 705 2338 780 2380; x_wconf 91' lang='lat' dir='ltr'><strong>nam</strong></span> <span class='ocrx_word' id='word_1_182' title='bbox 797 2315 895 2381; x_wconf 89' lang='lat' dir='ltr'><strong>ductu</strong></span> <span class='ocrx_word' id='word_1_183' title='bbox 907 2316 950 2381; x_wconf 91' lang='lat' dir='ltr'><strong>L.</strong></span> <span class='ocrx_word' id='word_1_184' title='bbox 967 2314 1072 2404; x_wconf 82' lang='lat' dir='ltr'><strong>Sergi,</strong></span> <span class='ocrx_word' id='word_1_185' title='bbox 1089 2313 1158 2380; x_wconf 83' lang='lat' dir='ltr'><strong>cuius</strong></span> 
     </span>
     <span class='ocr_line' id='line_1_23' title="bbox 148 2409 1157 2496; baseline 0 -22"><span class='ocrx_word' id='word_1_186' title='bbox 148 2410 215 2474; x_wconf 91' lang='lat' dir='ltr'><strong>dies</strong></span> <span class='ocrx_word' id='word_1_187' title='bbox 233 2411 356 2496; x_wconf 90' lang='lat' dir='ltr'><strong>imperii</strong></span> <span class='ocrx_word' id='word_1_188' title='bbox 377 2422 456 2488; x_wconf 88' lang='lat' dir='ltr'><strong>erat,</strong></span> <span class='ocrx_word' id='word_1_189' title='bbox 482 2411 551 2475; x_wconf 93' lang='lat' dir='ltr'><strong>loco</strong></span> <span class='ocrx_word' id='word_1_190' title='bbox 574 2410 681 2494; x_wconf 91' lang='lat' dir='ltr'><strong>iniquo</strong></span> <span class='ocrx_word' id='word_1_191' title='bbox 700 2409 759 2475; x_wconf 91' lang='lat' dir='ltr'><strong>sub</strong></span> <span class='ocrx_word' id='word_1_192' title='bbox 782 2410 920 2475; x_wconf 91' lang='lat' dir='ltr'><strong>hostium</strong></span> <span class='ocrx_word' id='word_1_193' title='bbox 943 2412 1070 2490; x_wconf 89' lang='lat' dir='ltr'><strong>castris,</strong></span> <span class='ocrx_word' id='word_1_194' title='bbox 1094 2428 1157 2482; x_wconf 81' lang='lat' dir='ltr'><strong>cum,</strong></span> 
     </span>
     <span class='ocr_line' id='line_1_24' title="bbox 148 2505 1158 2589; baseline 0.003 -21"><span class='ocrx_word' id='word_1_195' title='bbox 148 2506 221 2589; x_wconf 86' lang='lat' dir='ltr'><strong>quia</strong></span> <span class='ocrx_word' id='word_1_196' title='bbox 244 2505 389 2570; x_wconf 87' lang='lat' dir='ltr'><strong>simulato</strong></span> <span class='ocrx_word' id='word_1_197' title='bbox 411 2516 497 2569; x_wconf 92' lang='lat' dir='ltr'><strong>metu</strong></span> <span class='ocrx_word' id='word_1_198' title='bbox 518 2515 678 2589; x_wconf 88' lang='lat' dir='ltr'><strong>receperat</strong></span> <span class='ocrx_word' id='word_1_199' title='bbox 701 2527 735 2569; x_wconf 90' lang='lat' dir='ltr'><strong>se</strong></span> <span class='ocrx_word' id='word_1_200' title='bbox 757 2505 858 2570; x_wconf 90' lang='lat' dir='ltr'><strong>hostis</strong></span> <span class='ocrx_word' id='word_1_201' title='bbox 881 2505 922 2570; x_wconf 93' lang='lat' dir='ltr'><strong>ad</strong></span> <span class='ocrx_word' id='word_1_202' title='bbox 944 2505 1078 2584; x_wconf 86' lang='lat' dir='ltr'><strong>vallum,</strong></span> <span class='ocrx_word' id='word_1_203' title='bbox 1102 2520 1158 2589; x_wconf 67' lang='lat' dir='ltr'><strong>spel</strong></span> 
     </span>
     <span class='ocr_line' id='line_1_25' title="bbox 148 2596 1158 2688; baseline -0.003 -24"><span class='ocrx_word' id='word_1_204' title='bbox 148 2623 229 2665; x_wconf 89' lang='lat' dir='ltr'><strong>vana</strong></span> <span class='ocrx_word' id='word_1_205' title='bbox 247 2601 448 2686; x_wconf 85' lang='lat' dir='ltr'><strong>expugnandi</strong></span> <span class='ocrx_word' id='word_1_206' title='bbox 463 2610 565 2665; x_wconf 85' lang='lat' dir='ltr'><strong>castra</strong></span> <span class='ocrx_word' id='word_1_207' title='bbox 579 2622 616 2663; x_wconf 93' lang='lat' dir='ltr'><strong>eo</strong></span> <span class='ocrx_word' id='word_1_208' title='bbox 630 2599 786 2677; x_wconf 86' lang='lat' dir='ltr'><strong>traxisset,</strong></span> <span class='ocrx_word' id='word_1_209' title='bbox 805 2600 967 2686; x_wconf 89' lang='lat' dir='ltr'><strong>repentino</strong></span> <span class='ocrx_word' id='word_1_210' title='bbox 981 2600 1098 2688; x_wconf 93' lang='lat' dir='ltr'><strong>impetu</strong></span> <span class='ocrx_word' id='word_1_211' title='bbox 1108 2596 1158 2663; x_wconf 74' lang='lat' dir='ltr'><strong>Ae</strong></span> 
     </span>
     <span class='ocr_line' id='line_1_26' title="bbox 147 2691 1160 2780; baseline 0.003 -22"><span class='ocrx_word' id='word_1_212' title='bbox 147 2716 281 2777; x_wconf 87' lang='lat' dir='ltr'><strong>quorum</strong></span> <span class='ocrx_word' id='word_1_213' title='bbox 297 2717 354 2780; x_wconf 89' lang='lat' dir='ltr'><strong>per</strong></span> <span class='ocrx_word' id='word_1_214' title='bbox 372 2695 517 2780; x_wconf 89' lang='lat' dir='ltr'><strong>supinam</strong></span> <span class='ocrx_word' id='word_1_215' title='bbox 535 2694 650 2758; x_wconf 88' lang='lat' dir='ltr'><strong>vallem</strong></span> <span class='ocrx_word' id='word_1_216' title='bbox 667 2694 731 2758; x_wconf 87' lang='lat' dir='ltr'><strong>fusi</strong></span> <span class='ocrx_word' id='word_1_217' title='bbox 749 2706 837 2772; x_wconf 90' lang='lat' dir='ltr'><strong>sunt,</strong></span> <span class='ocrx_word' id='word_1_218' title='bbox 864 2695 1019 2780; x_wconf 90' lang='lat' dir='ltr'><strong>multique</strong></span> <span class='ocrx_word' id='word_1_219' title='bbox 1041 2696 1074 2760; x_wconf 94' lang='lat' dir='ltr'><strong>in</strong></span> <span class='ocrx_word' id='word_1_220' title='bbox 1088 2691 1160 2760; x_wconf 69' lang='lat' dir='ltr'><strong>ruint</strong></span> 
     </span>
    </p>

    <p class='ocr_par' dir='ltr' id='par_1_9' title="bbox 115 2788 1201 3159">
     <span class='ocr_line' id='line_1_27' title="bbox 115 2788 1201 2875; baseline -0.006 -19"><span class='ocrx_word' id='word_1_221' title='bbox 115 2810 129 2857; x_wconf 82' lang='grc'><strong>6</strong></span> <span class='ocrx_word' id='word_1_222' title='bbox 148 2790 264 2852; x_wconf 90' lang='lat' dir='ltr'><strong>maiore</strong></span> <span class='ocrx_word' id='word_1_223' title='bbox 286 2811 381 2872; x_wconf 90' lang='lat' dir='ltr'><strong>quam</strong></span> <span class='ocrx_word' id='word_1_224' title='bbox 403 2788 481 2875; x_wconf 87' lang='lat' dir='ltr'><strong>fuga</strong></span> <span class='ocrx_word' id='word_1_225' title='bbox 503 2789 646 2874; x_wconf 84' lang='lat' dir='ltr'><strong>oppressi</strong></span> <span class='ocrx_word' id='word_1_226' title='bbox 668 2788 916 2873; x_wconf 89' lang='lat' dir='ltr'><strong>obtruncatique.</strong></span> <span class='ocrx_word' id='word_1_227' title='bbox 953 2802 1113 2875; x_wconf 83' lang='lat' dir='ltr'><strong>castraque</strong></span> <span class='ocrx_word' id='word_1_228' title='bbox 1130 2804 1159 2850; x_wconf 88' lang='lat' dir='ltr'><strong>eo</strong></span> <span class='ocrx_word' id='word_1_229' title='bbox 1194 2812 1201 2869; x_wconf 66' lang='grc' dir='ltr'><strong>ι</strong></span> 
     </span>
     <span class='ocr_line' id='line_1_28' title="bbox 148 2880 1201 2972; baseline 0.005 -27"><span class='ocrx_word' id='word_1_230' title='bbox 148 2882 199 2945; x_wconf 92' lang='lat' dir='ltr'><strong>die</strong></span> <span class='ocrx_word' id='word_1_231' title='bbox 217 2904 311 2966; x_wconf 88' lang='lat' dir='ltr'><strong>aegre</strong></span> <span class='ocrx_word' id='word_1_232' title='bbox 328 2893 462 2960; x_wconf 87' lang='lat' dir='ltr'><strong>retenta,</strong></span> <span class='ocrx_word' id='word_1_233' title='bbox 489 2894 615 2969; x_wconf 92' lang='lat' dir='ltr'><strong>postero</strong></span> <span class='ocrx_word' id='word_1_234' title='bbox 633 2884 683 2947; x_wconf 89' lang='lat' dir='ltr'><strong>die</strong></span> <span class='ocrx_word' id='word_1_235' title='bbox 707 2883 905 2949; x_wconf 85' lang='lat' dir='ltr'><strong>circumfusis</strong></span> <span class='ocrx_word' id='word_1_236' title='bbox 923 2884 988 2949; x_wconf 89' lang='lat' dir='ltr'><strong>iam</strong></span> <span class='ocrx_word' id='word_1_237' title='bbox 1006 2907 1116 2972; x_wconf 81' lang='lat' dir='ltr'><strong>magua</strong></span> <span class='ocrx_word' id='word_1_238' title='bbox 1128 2897 1201 2951; x_wconf 72' lang='lat'><strong>0¹</strong></span> <span class='ocrx_word' id='word_1_239' title='bbox 1199 2880 1201 2885; x_wconf 65' lang='grc'><strong>’</strong></span> 
     </span>
     <span class='ocr_line' id='line_1_29' title="bbox 147 2974 1201 3064; baseline 0.001 -25"><span class='ocrx_word' id='word_1_240' title='bbox 147 2987 235 3060; x_wconf 88' lang='lat' dir='ltr'><strong>parte</strong></span> <span class='ocrx_word' id='word_1_241' title='bbox 252 2974 324 3040; x_wconf 91' lang='lat' dir='ltr'><strong>host</strong></span> <span class='ocrx_word' id='word_1_242' title='bbox 325 2975 396 3041; x_wconf 90' lang='lat' dir='ltr'><strong>ibus</strong></span> <span class='ocrx_word' id='word_1_243' title='bbox 414 2999 471 3062; x_wconf 91' lang='lat' dir='ltr'><strong>per</strong></span> <span class='ocrx_word' id='word_1_244' title='bbox 488 3001 631 3042; x_wconf 88' lang='lat' dir='ltr'><strong>aversam</strong></span> <span class='ocrx_word' id='word_1_245' title='bbox 649 2988 772 3064; x_wconf 88' lang='lat' dir='ltr'><strong>portam</strong></span> <span class='ocrx_word' id='word_1_246' title='bbox 789 2977 867 3064; x_wconf 85' lang='lat' dir='ltr'><strong>suga</strong></span> <span class='ocrx_word' id='word_1_247' title='bbox 885 2978 969 3064; x_wconf 89' lang='lat' dir='ltr'><strong>turpi</strong></span> <span class='ocrx_word' id='word_1_248' title='bbox 982 2978 1201 3045; x_wconf 83' lang='lat' dir='ltr'><strong>deseruntur·</strong></span> 
     </span>
     <span class='ocr_line' id='line_1_30' title="bbox 148 3068 1201 3159; baseline 0.006 -25"><span class='ocrx_word' id='word_1_249' title='bbox 148 3071 243 3135; x_wconf 88' lang='lat' dir='ltr'><strong>duces</strong></span> <span class='ocrx_word' id='word_1_250' title='bbox 266 3070 423 3158; x_wconf 89' lang='lat' dir='ltr'><strong>legatique</strong></span> <span class='ocrx_word' id='word_1_251' title='bbox 446 3083 477 3136; x_wconf 90' lang='lat' dir='ltr'><strong>et</strong></span> <span class='ocrx_word' id='word_1_252' title='bbox 499 3073 633 3157; x_wconf 91' lang='lat' dir='ltr'><strong>quod&#39;</strong></span> <span class='ocrx_word' id='word_1_253' title='bbox 607 3095 689 3137; x_wconf 88' lang='lat' dir='ltr'><strong>cuca</strong></span> <span class='ocrx_word' id='word_1_254' title='bbox 716 3073 807 3159; x_wconf 88' lang='lat' dir='ltr'><strong>signa</strong></span> <span class='ocrx_word' id='word_1_255' title='bbox 831 3072 954 3138; x_wconf 91' lang='lat' dir='ltr'><strong>roboris</strong></span> <span class='ocrx_word' id='word_1_256' title='bbox 977 3073 1018 3139; x_wconf 91' lang='lat' dir='ltr'><strong>de</strong></span> <span class='ocrx_word' id='word_1_257' title='bbox 1041 3068 1158 3139; x_wconf 62' lang='lat' dir='ltr'><strong>exercit}</strong></span> <span class='ocrx_word' id='word_1_258' title='bbox 1198 3068 1201 3157; x_wconf 69' lang='lat' dir='ltr'>j</span> 
     </span>
    </p>

    <p class='ocr_par' dir='ltr' id='par_1_10' title="bbox 113 3158 1201 3348">
     <span class='ocr_line' id='line_1_31' title="bbox 113 3158 1201 3255; baseline -0.004 -21"><span class='ocrx_word' id='word_1_259' title='bbox 113 3165 206 3234; x_wconf 68' lang='lat' dir='ltr'><strong>afuit</strong></span> <span class='ocrx_word' id='word_1_260' title='bbox 225 3166 469 3230; x_wconf 85' lang='lat' dir='ltr'><strong>Tusculumt</strong></span> <span class='ocrx_word' id='word_1_261' title='bbox 416 3178 469 3252; x_wconf 92' lang='lat' dir='ltr'><strong>pet</strong></span> <span class='ocrx_word' id='word_1_262' title='bbox 469 3168 542 3232; x_wconf 90' lang='lat' dir='ltr'><strong>iere.</strong></span> <span class='ocrx_word' id='word_1_263' title='bbox 578 3167 675 3253; x_wconf 85' lang='lat' dir='ltr'><strong>palati</strong></span> <span class='ocrx_word' id='word_1_264' title='bbox 692 3165 745 3230; x_wconf 90' lang='lat' dir='ltr'><strong>alii</strong></span> <span class='ocrx_word' id='word_1_265' title='bbox 766 3189 823 3253; x_wconf 88' lang='lat' dir='ltr'><strong>per</strong></span> <span class='ocrx_word' id='word_1_266' title='bbox 844 3190 937 3254; x_wconf 87' lang='lat' dir='ltr'><strong>agros</strong></span> <span class='ocrx_word' id='word_1_267' title='bbox 960 3168 1080 3255; x_wconf 87' lang='lat' dir='ltr'><strong>passim</strong></span> <span class='ocrx_word' id='word_1_268' title='bbox 1095 3158 1158 3230; x_wconf 64' lang='lat' dir='ltr'><strong>md*</strong></span> <span class='ocrx_word' id='word_1_269' title='bbox 1199 3162 1201 3167; x_wconf 71' lang='grc'><strong>’</strong></span> 
     </span>
     <span class='ocr_line' id='line_1_32' title="bbox 147 3256 1156 3348; baseline -0.002 -24"><span class='ocrx_word' id='word_1_270' title='bbox 147 3262 186 3325; x_wconf 91' lang='lat' dir='ltr'><strong>tis</strong></span> <span class='ocrx_word' id='word_1_271' title='bbox 204 3260 365 3326; x_wconf 86' lang='lat' dir='ltr'><strong>itineribus</strong></span> <span class='ocrx_word' id='word_1_272' title='bbox 384 3262 511 3327; x_wconf 90' lang='lat' dir='ltr'><strong>maioris</strong></span> <span class='ocrx_word' id='word_1_273' title='bbox 529 3284 624 3345; x_wconf 84' lang='lat' dir='ltr'><strong>quam</strong></span> <span class='ocrx_word' id='word_1_274' title='bbox 643 3273 772 3348; x_wconf 87' lang='lat' dir='ltr'><strong>accepta</strong></span> <span class='ocrx_word' id='word_1_275' title='bbox 789 3271 855 3326; x_wconf 88' lang='lat' dir='ltr'><strong>erat</strong></span> <span class='ocrx_word' id='word_1_276' title='bbox 843 3261 976 3327; x_wconf 86' lang='lat' dir='ltr'><strong>tcladis</strong></span> <span class='ocrx_word' id='word_1_277' title='bbox 994 3260 1093 3327; x_wconf 90' lang='lat' dir='ltr'><strong>nuntii</strong></span> <span class='ocrx_word' id='word_1_278' title='bbox 1106 3256 1156 3322; x_wconf 82' lang='lat' dir='ltr'><strong>Ro-</strong></span> 
     </span>
    </p>

    <p class='ocr_par' dir='ltr' id='par_1_11' title="bbox 112 3355 1157 3630">
     <span class='ocr_line' id='line_1_33' title="bbox 112 3355 1157 3443; baseline -0.007 -21"><span class='ocrx_word' id='word_1_279' title='bbox 112 3373 128 3422; x_wconf 87' lang='lat'>8</span> <span class='ocrx_word' id='word_1_280' title='bbox 146 3377 231 3418; x_wconf 88' lang='lat' dir='ltr'><strong>mam</strong></span> <span class='ocrx_word' id='word_1_281' title='bbox 250 3356 483 3420; x_wconf 79' lang='lat' dir='ltr'><strong>contenderunt.</strong></span> <span class='ocrx_word' id='word_1_282' title='bbox 519 3357 622 3420; x_wconf 92' lang='lat' dir='ltr'><strong>minus</strong></span> <span class='ocrx_word' id='word_1_283' title='bbox 641 3356 784 3443; x_wconf 88' lang='lat' dir='ltr'><strong>trepidat</strong></span> <span class='ocrx_word' id='word_1_284' title='bbox 776 3356 855 3421; x_wconf 90' lang='lat' dir='ltr'><strong>ronis</strong></span> <span class='ocrx_word' id='word_1_285' title='bbox 877 3355 953 3435; x_wconf 90' lang='lat' dir='ltr'><strong>fuit,</strong></span> <span class='ocrx_word' id='word_1_286' title='bbox 981 3356 1067 3441; x_wconf 91' lang='lat' dir='ltr'><strong>quod</strong></span> <span class='ocrx_word' id='word_1_287' title='bbox 1084 3370 1157 3420; x_wconf 62' lang='lat' dir='ltr'><strong>even</strong></span> 
     </span>
     <span class='ocr_line' id='line_1_34' title="bbox 147 3403 1154 3536; baseline 0.004 -25"><span class='ocrx_word' id='word_1_288' title='bbox 147 3458 197 3513; x_wconf 92' lang='lat' dir='ltr'><strong>tus</strong></span> <span class='ocrx_word' id='word_1_289' title='bbox 224 3449 326 3513; x_wconf 89' lang='lat' dir='ltr'><strong>timori</strong></span> <span class='ocrx_word' id='word_1_290' title='bbox 349 3449 510 3514; x_wconf 93' lang='lat' dir='ltr'><strong>hominum</strong></span> <span class='ocrx_word' id='word_1_291' title='bbox 532 3473 709 3536; x_wconf 83' lang='lat' dir='ltr'><strong>congruens</strong></span> <span class='ocrx_word' id='word_1_292' title='bbox 732 3449 835 3515; x_wconf 84' lang='lat' dir='ltr'><strong>fuerat</strong></span> <span class='ocrx_word' id='word_1_293' title='bbox 823 3459 888 3515; x_wconf 89' lang='lat' dir='ltr'><strong>tet</strong></span> <span class='ocrx_word' id='word_1_294' title='bbox 914 3403 1001 3534; x_wconf 82' lang='lat' dir='ltr'><strong>qdod</strong></span> <span class='ocrx_word' id='word_1_295' title='bbox 1028 3442 1154 3516; x_wconf 75' lang='lat' dir='ltr'><strong>subsidia</strong></span> 
     </span>
     <span class='ocr_line' id='line_1_35' title="bbox 147 3542 1154 3656; baseline 0.003 -51"><span class='ocrx_word' id='word_1_296' title='bbox 147 3564 227 3627; x_wconf 93' lang='lat' dir='ltr'><strong>quae</strong></span> <span class='ocrx_word' id='word_1_297' title='bbox 244 3543 434 3627; x_wconf 90' lang='lat' dir='ltr'><strong>respicerent</strong></span> <span class='ocrx_word' id='word_1_298' title='bbox 451 3545 483 3608; x_wconf 92' lang='lat' dir='ltr'><strong>in</strong></span> <span class='ocrx_word' id='word_1_299' title='bbox 497 3567 531 3609; x_wconf 88' lang='lat' dir='ltr'><strong>re</strong></span> <span class='ocrx_word' id='word_1_300' title='bbox 547 3545 677 3630; x_wconf 90' lang='lat' dir='ltr'><strong>trepida,</strong></span> <span class='ocrx_word' id='word_1_301' title='bbox 697 3555 882 3656; x_wconf 84' lang='lat' dir='ltr'><strong>praeparata</strong></span> <span class='ocrx_word' id='word_1_302' title='bbox 896 3554 985 3609; x_wconf 88' lang='lat' dir='ltr'><strong>erant</strong></span> <span class='ocrx_word' id='word_1_303' title='bbox 998 3543 1040 3610; x_wconf 91' lang='lat' dir='ltr'><strong>ab</strong></span> <span class='ocrx_word' id='word_1_304' title='bbox 1053 3542 1154 3609; x_wconf 63' lang='lat' dir='ltr'><strong>tribunt</strong></span> 
     </span>
    </p>

    <p class='ocr_par' dir='ltr' id='par_1_12' title="bbox 112 3638 1154 3915">
     <span class='ocr_line' id='line_1_36' title="bbox 112 3638 1154 3751; baseline 0 -47"><span class='ocrx_word' id='word_1_305' title='bbox 112 3655 127 3704; x_wconf 82' lang='lat'><strong>9</strong></span> <span class='ocrx_word' id='word_1_306' title='bbox 146 3638 289 3703; x_wconf 89' lang='lat' dir='ltr'><strong>mrlrtum</strong></span> <span class='ocrx_word' id='word_1_307' title='bbox 325 3639 477 3724; x_wconf 90' lang='lat' dir='ltr'><strong>iussuque</strong></span> <span class='ocrx_word' id='word_1_308' title='bbox 495 3640 651 3717; x_wconf 91' lang='lat' dir='ltr'><strong>eiusdem,</strong></span> <span class='ocrx_word' id='word_1_309' title='bbox 673 3663 730 3726; x_wconf 92' lang='lat' dir='ltr'><strong>per</strong></span> <span class='ocrx_word' id='word_1_310' title='bbox 747 3641 883 3705; x_wconf 90' lang='lat' dir='ltr'><strong>minores</strong></span> <span class='ocrx_word' id='word_1_311' title='bbox 906 3640 1125 3751; x_wconf 85' lang='lat' dir='ltr'><strong>magistratus</strong></span> <span class='ocrx_word' id='word_1_312' title='bbox 1115 3650 1154 3698; x_wconf 77' lang='grc' dir='ltr'><strong>ιθ·</strong></span> 
     </span>
     <span class='ocr_line' id='line_1_37' title="bbox 147 3724 1152 3822; baseline 0.003 -28"><span class='ocrx_word' id='word_1_313' title='bbox 147 3731 248 3796; x_wconf 90' lang='lat' dir='ltr'><strong>dato</strong></span> <span class='ocrx_word' id='word_1_314' title='bbox 189 3745 271 3796; x_wconf 92' lang='lat' dir='ltr'><strong>trn</strong></span> <span class='ocrx_word' id='word_1_315' title='bbox 288 3732 365 3799; x_wconf 89' lang='lat' dir='ltr'><strong>urbe</strong></span> <span class='ocrx_word' id='word_1_316' title='bbox 384 3734 532 3812; x_wconf 90' lang='lat' dir='ltr'><strong>tumultu,</strong></span> <span class='ocrx_word' id='word_1_317' title='bbox 560 3734 772 3820; x_wconf 88' lang='lat' dir='ltr'><strong>speculatores</strong></span> <span class='ocrx_word' id='word_1_318' title='bbox 789 3757 922 3822; x_wconf 87' lang='lat' dir='ltr'><strong>propere</strong></span> <span class='ocrx_word' id='word_1_319' title='bbox 943 3734 1034 3801; x_wconf 88' lang='lat' dir='ltr'><strong>missi</strong></span> <span class='ocrx_word' id='word_1_320' title='bbox 1053 3724 1152 3799; x_wconf 54' lang='lat' dir='ltr'><strong>nunti?</strong></span> 
     </span>
     <span class='ocr_line' id='line_1_38' title="bbox 145 3824 1150 3915; baseline -0.001 -24"><span class='ocrx_word' id='word_1_321' title='bbox 145 3849 228 3906; x_wconf 90' lang='lat' dir='ltr'><strong>vere,</strong></span> <span class='ocrx_word' id='word_1_322' title='bbox 248 3827 379 3893; x_wconf 89' lang='lat' dir='ltr'><strong>Tusculi</strong></span> <span class='ocrx_word' id='word_1_323' title='bbox 397 3829 494 3894; x_wconf 92' lang='lat' dir='ltr'><strong>duces</strong></span> <span class='ocrx_word' id='word_1_324' title='bbox 508 3830 741 3915; x_wconf 84' lang='lat' dir='ltr'><strong>exercitumque</strong></span> <span class='ocrx_word' id='word_1_325' title='bbox 755 3853 835 3908; x_wconf 89' lang='lat' dir='ltr'><strong>esse,</strong></span> <span class='ocrx_word' id='word_1_326' title='bbox 854 3831 979 3896; x_wconf 87' lang='lat' dir='ltr'><strong>hostem</strong></span> <span class='ocrx_word' id='word_1_327' title='bbox 993 3824 1150 3897; x_wconf 72' lang='lat' dir='ltr'><strong>ornatos</strong></span> 
     </span>
    </p>

    <p class='ocr_par' dir='ltr' id='par_1_13' title="bbox 96 3923 1148 4102">
     <span class='ocr_line' id='line_1_39' title="bbox 96 3923 1148 4010; baseline -0.002 -21"><span class='ocrx_word' id='word_1_328' title='bbox 96 3941 128 3989; x_wconf 91' lang='lat'><strong>10</strong></span> <span class='ocrx_word' id='word_1_329' title='bbox 146 3945 210 3987; x_wconf 91' lang='lat' dir='ltr'><strong>non</strong></span> <span class='ocrx_word' id='word_1_330' title='bbox 227 3923 374 3988; x_wconf 88' lang='lat' dir='ltr'><strong>movisse.</strong></span> <span class='ocrx_word' id='word_1_331' title='bbox 402 3933 442 4001; x_wconf 93' lang='lat' dir='ltr'><strong>et,</strong></span> <span class='ocrx_word' id='word_1_332' title='bbox 461 3924 546 4007; x_wconf 91' lang='lat' dir='ltr'><strong>quod</strong></span> <span class='ocrx_word' id='word_1_333' title='bbox 563 3924 734 4010; x_wconf 89' lang='lat' dir='ltr'><strong>plurimum</strong></span> <span class='ocrx_word' id='word_1_334' title='bbox 751 3925 928 3990; x_wconf 90' lang='lat' dir='ltr'><strong>animorum</strong></span> <span class='ocrx_word' id='word_1_335' title='bbox 941 3923 1025 4004; x_wconf 85' lang='lat' dir='ltr'><strong>fecit,</strong></span> <span class='ocrx_word' id='word_1_336' title='bbox 1043 3923 1148 3988; x_wconf 61' lang='lat' dir='ltr'><strong>dicut«</strong></span> 
     </span>
     <span class='ocr_line' id='line_1_40' title="bbox 148 4006 1201 4102; baseline 0 -20"><span class='ocrx_word' id='word_1_337' title='bbox 148 4038 187 4082; x_wconf 80' lang='lat' dir='ltr'><strong>ex</strong></span> <span class='ocrx_word' id='word_1_338' title='bbox 205 4028 332 4082; x_wconf 89' lang='lat' dir='ltr'><strong>senatus</strong></span> <span class='ocrx_word' id='word_1_339' title='bbox 350 4019 493 4082; x_wconf 88' lang='lat' dir='ltr'><strong>consulto</strong></span> <span class='ocrx_word' id='word_1_340' title='bbox 511 4019 613 4084; x_wconf 91' lang='lat' dir='ltr'><strong>dictus</strong></span> <span class='ocrx_word' id='word_1_341' title='bbox 632 4019 673 4102; x_wconf 92' lang='lat' dir='ltr'><strong>Q.</strong></span> <span class='ocrx_word' id='word_1_342' title='bbox 690 4018 842 4086; x_wconf 85' lang='lat' dir='ltr'><strong>Servilius</strong></span> <span class='ocrx_word' id='word_1_343' title='bbox 860 4019 1049 4101; x_wconf 88' lang='lat' dir='ltr'><strong>Priscus,</strong></span> <span class='ocrx_word' id='word_1_344' title='bbox 1019 4041 1066 4085; x_wconf 86' lang='lat' dir='ltr'><strong>vu</strong></span> <span class='ocrx_word' id='word_1_345' title='bbox 1080 4006 1201 4082; x_wconf 60' lang='lat' dir='ltr'><strong>culfil</strong></span> 
     </span>
    </p>
   </div>
   <div class='ocr_carea' id='block_1_3' title="bbox 0 0 1288 4524">
    <p class='ocr_par' dir='ltr' id='par_1_14' title="bbox 0 0 1288 4524">
     <span class='ocr_line' id='line_1_41' title="bbox 0 0 1288 4524; baseline 0 2"><span class='ocrx_word' id='word_1_346' title='bbox 0 0 1288 4524; x_wconf 95' lang='lat' dir='ltr'><strong> </strong></span> 
     </span>
    </p>
   </div>
  </div>
 </body>
</html>
