<?xml version="1.0" encoding="UTF-8"?>
<!DOCTYPE html PUBLIC "-//W3C//DTD XHTML 1.0 Transitional//EN"
    "http://www.w3.org/TR/xhtml1/DTD/xhtml1-transitional.dtd">
<html xmlns="http://www.w3.org/1999/xhtml" xml:lang="en" lang="en">
 <head>
  <title>
</title>
<meta http-equiv="Content-Type" content="text/html;charset=utf-8" />
  <meta name='ocr-system' content='tesseract 3.04.00' />
  <meta name='ocr-capabilities' content='ocr_page ocr_carea ocr_par ocr_line ocrx_word'/>
</head>
<body>
  <div class='ocr_page' id='page_1' title='image "./titiliviaburbec01weisgoog_0568.png"; bbox 0 0 2566 4524; ppageno 0'>
   <div class='ocr_carea' id='block_1_1' title="bbox 302 235 1089 316">
    <p class='ocr_par' dir='ltr' id='par_1_1' title="bbox 302 235 1089 316">
     <span class='ocr_line' id='line_1_1' title="bbox 302 235 1089 316; baseline 0.006 -18"><span class='ocrx_word' id='word_1_1' title='bbox 302 308 307 314; x_wconf 50' lang='grc'><strong>,</strong></span> <span class='ocrx_word' id='word_1_2' title='bbox 352 242 470 298; x_wconf 77' lang='lat' dir='ltr'>arnna</span> <span class='ocrx_word' id='word_1_3' title='bbox 489 243 627 316; x_wconf 85' lang='lat' dir='ltr'>v1,a.s.</span> <span class='ocrx_word' id='word_1_4' title='bbox 647 243 798 314; x_wconf 68' lang='lat' dir='ltr'>[sesso]</span> <span class='ocrx_word' id='word_1_5' title='bbox 1001 235 1089 304; x_wconf 80' lang='lat'><strong>·313</strong></span> 
     </span>
    </p>
   </div>
   <div class='ocr_carea' id='block_1_2' title="bbox 82 393 1087 490">
    <p class='ocr_par' dir='ltr' id='par_1_2' title="bbox 82 393 1087 490">
     <span class='ocr_line' id='line_1_2' title="bbox 82 393 1087 490; baseline 0.011 -27"><span class='ocrx_word' id='word_1_6' title='bbox 82 393 226 483; x_wconf 89' lang='lat' dir='ltr'>inhostes,</span> <span class='ocrx_word' id='word_1_7' title='bbox 252 412 439 490; x_wconf 91' lang='lat' dir='ltr'>procurrunt</span> <span class='ocrx_word' id='word_1_8' title='bbox 455 402 572 489; x_wconf 88' lang='lat' dir='ltr'>pariter</span> <span class='ocrx_word' id='word_1_9' title='bbox 588 425 698 469; x_wconf 91' lang='lat' dir='ltr'>omnes</span> <span class='ocrx_word' id='word_1_10' title='bbox 721 401 857 469; x_wconf 89' lang='lat' dir='ltr'>clamore</span> <span class='ocrx_word' id='word_1_11' title='bbox 879 403 1003 472; x_wconf 87' lang='lat' dir='ltr'>sublato</span> <span class='ocrx_word' id='word_1_12' title='bbox 1022 412 1087 474; x_wconf 86' lang='lat' dir='ltr'>‘se-</span> 
     </span>
    </p>
   </div>
   <div class='ocr_carea' id='block_1_3' title="bbox 77 495 1145 3998">
    <p class='ocr_par' dir='ltr' id='par_1_3' title="bbox 77 495 1145 3998">
     <span class='ocr_line' id='line_1_3' title="bbox 79 495 1121 585; baseline 0.011 -24"><span class='ocrx_word' id='word_1_13' title='bbox 79 512 154 578; x_wconf 89' lang='lat' dir='ltr'>quere</span> <span class='ocrx_word' id='word_1_14' title='bbox 173 495 405 585; x_wconf 88' lang='lat' dir='ltr'>imperatorem’</span> <span class='ocrx_word' id='word_1_15' title='bbox 426 518 485 584; x_wconf 94' lang='lat' dir='ltr'>pro</span> <span class='ocrx_word' id='word_1_16' title='bbox 507 498 695 583; x_wconf 86' lang='lat' dir='ltr'>aequisque</span> <span class='ocrx_word' id='word_1_17' title='bbox 717 498 898 564; x_wconf 88' lang='lat' dir='ltr'>clamantes.</span> <span class='ocrx_word' id='word_1_18' title='bbox 934 501 1086 569; x_wconf 92' lang='lat' dir='ltr'>emissum</span> <span class='ocrx_word' id='word_1_19' title='bbox 1104 523 1121 572; x_wconf 77' lang='lat' dir='ltr'>a</span> 
     </span>
     <span class='ocr_line' id='line_1_4' title="bbox 78 590 1086 681; baseline 0.011 -27"><span class='ocrx_word' id='word_1_20' title='bbox 78 590 152 658; x_wconf 86' lang='lat' dir='ltr'>etiam</span> <span class='ocrx_word' id='word_1_21' title='bbox 168 593 294 680; x_wconf 86' lang='lat' dir='ltr'>signum</span> <span class='ocrx_word' id='word_1_22' title='bbox 307 591 433 658; x_wconf 81' lang='lat' dir='ltr'>Camilli</span> <span class='ocrx_word' id='word_1_23' title='bbox 450 591 540 658; x_wconf 91' lang='lat' dir='ltr'>iussu</span> <span class='ocrx_word' id='word_1_24' title='bbox 556 593 590 658; x_wconf 92' lang='lat' dir='ltr'>in</span> <span class='ocrx_word' id='word_1_25' title='bbox 606 592 746 660; x_wconf 90' lang='lat' dir='ltr'>hostium</span> <span class='ocrx_word' id='word_1_26' title='bbox 759 593 860 659; x_wconf 82' lang='lat' dir='ltr'>aciem</span> <span class='ocrx_word' id='word_1_27' title='bbox 872 594 978 660; x_wconf 81' lang='lat' dir='ltr'>femmt</span> <span class='ocrx_word' id='word_1_28' title='bbox 990 597 1086 681; x_wconf 91' lang='lat' dir='ltr'>idque</span> 
     </span>
     <span class='ocr_line' id='line_1_5' title="bbox 77 687 1121 778; baseline 0.013 -31"><span class='ocrx_word' id='word_1_29' title='bbox 77 693 106 750; x_wconf 91' lang='lat' dir='ltr'>ut</span> <span class='ocrx_word' id='word_1_30' title='bbox 117 696 297 774; x_wconf 82' lang='lat' dir='ltr'>repeteretur</span> <span class='ocrx_word' id='word_1_31' title='bbox 309 687 480 753; x_wconf 88' lang='lat' dir='ltr'>concitatos</span> <span class='ocrx_word' id='word_1_32' title='bbox 494 689 727 775; x_wconf 88' lang='lat' dir='ltr'>antesignanos.</span> <span class='ocrx_word' id='word_1_33' title='bbox 752 687 797 755; x_wconf 92' lang='lat' dir='ltr'>ibi</span> <span class='ocrx_word' id='word_1_34' title='bbox 808 689 947 776; x_wconf 89' lang='lat' dir='ltr'>primum</span> <span class='ocrx_word' id='word_1_35' title='bbox 958 691 1087 778; x_wconf 92' lang='lat' dir='ltr'>pulsum</span> <span class='ocrx_word' id='word_1_36' title='bbox 1103 712 1121 762; x_wconf 88' lang='lat'>4</span> 
     </span>
     <span class='ocr_line' id='line_1_6' title="bbox 77 777 1087 869; baseline 0.006 -22"><span class='ocrx_word' id='word_1_37' title='bbox 77 777 217 849; x_wconf 79' lang='lat' dir='ltr'>Antiatem</span> <span class='ocrx_word' id='word_1_38' title='bbox 234 791 445 867; x_wconf 88' lang='lat' dir='ltr'>terroremque</span> <span class='ocrx_word' id='word_1_39' title='bbox 462 804 527 848; x_wconf 93' lang='lat' dir='ltr'>non</span> <span class='ocrx_word' id='word_1_40' title='bbox 542 782 576 847; x_wconf 92' lang='lat' dir='ltr'>in</span> <span class='ocrx_word' id='word_1_41' title='bbox 591 783 725 869; x_wconf 90' lang='lat' dir='ltr'>primam</span> <span class='ocrx_word' id='word_1_42' title='bbox 743 792 865 849; x_wconf 91' lang='lat' dir='ltr'>tantum</span> <span class='ocrx_word' id='word_1_43' title='bbox 887 785 1002 865; x_wconf 80' lang='lat' dir='ltr'>aciem,</span> <span class='ocrx_word' id='word_1_44' title='bbox 1029 788 1087 853; x_wconf 87' lang='lat' dir='ltr'>sed</span> 
     </span>
     <span class='ocr_line' id='line_1_7' title="bbox 77 875 1120 963; baseline 0.009 -23"><span class='ocrx_word' id='word_1_45' title='bbox 77 876 151 942; x_wconf 75' lang='lat' dir='ltr'>etiam</span> <span class='ocrx_word' id='word_1_46' title='bbox 172 877 213 943; x_wconf 89' lang='lat' dir='ltr'>ad</span> <span class='ocrx_word' id='word_1_47' title='bbox 233 875 439 943; x_wconf 88' lang='lat' dir='ltr'>subsidiarios</span> <span class='ocrx_word' id='word_1_48' title='bbox 460 876 626 963; x_wconf 87' lang='lat' dir='ltr'>perlatum.</span> <span class='ocrx_word' id='word_1_49' title='bbox 660 899 721 944; x_wconf 91' lang='lat' dir='ltr'>nec</span> <span class='ocrx_word' id='word_1_50' title='bbox 743 878 791 944; x_wconf 84' lang='lat' dir='ltr'>vis</span> <span class='ocrx_word' id='word_1_51' title='bbox 810 888 933 944; x_wconf 89' lang='lat' dir='ltr'>tantum</span> <span class='ocrx_word' id='word_1_52' title='bbox 950 881 1120 950; x_wconf 72' lang='lat' dir='ltr'>militumr</span> 
     </span>
     <span class='ocr_line' id='line_1_8' title="bbox 77 970 1086 1056; baseline 0.004 -20"><span class='ocrx_word' id='word_1_53' title='bbox 77 970 202 1037; x_wconf 86' lang='lat' dir='ltr'>novabat</span> <span class='ocrx_word' id='word_1_54' title='bbox 223 971 358 1036; x_wconf 86' lang='lat' dir='ltr'>excitata</span> <span class='ocrx_word' id='word_1_55' title='bbox 378 971 556 1056; x_wconf 86' lang='lat' dir='ltr'>praesentia</span> <span class='ocrx_word' id='word_1_56' title='bbox 577 972 680 1050; x_wconf 90' lang='lat' dir='ltr'>ducis,</span> <span class='ocrx_word' id='word_1_57' title='bbox 709 973 766 1037; x_wconf 91' lang='lat' dir='ltr'>sed</span> <span class='ocrx_word' id='word_1_58' title='bbox 787 974 874 1056; x_wconf 94' lang='lat' dir='ltr'>quod</span> <span class='ocrx_word' id='word_1_59' title='bbox 895 972 1086 1040; x_wconf 89' lang='lat' dir='ltr'>Volscorum</span> 
     </span>
     <span class='ocr_line' id='line_1_9' title="bbox 77 1064 1087 1152; baseline 0.004 -21"><span class='ocrx_word' id='word_1_60' title='bbox 77 1067 167 1131; x_wconf 85' lang='lat' dir='ltr'>mimis</span> <span class='ocrx_word' id='word_1_61' title='bbox 183 1065 263 1130; x_wconf 90' lang='lat' dir='ltr'>nihil</span> <span class='ocrx_word' id='word_1_62' title='bbox 280 1064 447 1132; x_wconf 81' lang='lat' dir='ltr'>terribilius</span> <span class='ocrx_word' id='word_1_63' title='bbox 465 1081 531 1132; x_wconf 92' lang='lat' dir='ltr'>erat</span> <span class='ocrx_word' id='word_1_64' title='bbox 548 1086 644 1150; x_wconf 88' lang='lat' dir='ltr'>quam</span> <span class='ocrx_word' id='word_1_65' title='bbox 661 1066 762 1152; x_wconf 90' lang='lat' dir='ltr'>ipsius</span> <span class='ocrx_word' id='word_1_66' title='bbox 782 1066 909 1132; x_wconf 83' lang='lat' dir='ltr'>Camilli</span> <span class='ocrx_word' id='word_1_67' title='bbox 930 1067 1012 1134; x_wconf 84' lang='lat' dir='ltr'>forte</span> <span class='ocrx_word' id='word_1_68' title='bbox 1030 1069 1087 1135; x_wconf 87' lang='lat' dir='ltr'>ob-</span> 
     </span>
     <span class='ocr_line' id='line_1_10' title="bbox 77 1160 1120 1247; baseline 0.008 -22"><span class='ocrx_word' id='word_1_69' title='bbox 77 1170 121 1226; x_wconf 85' lang='lat' dir='ltr'>ata</span> <span class='ocrx_word' id='word_1_70' title='bbox 132 1161 266 1247; x_wconf 87' lang='lat' dir='ltr'>species:</span> <span class='ocrx_word' id='word_1_71' title='bbox 284 1161 339 1238; x_wconf 85' lang='lat' dir='ltr'>ita,</span> <span class='ocrx_word' id='word_1_72' title='bbox 357 1182 555 1245; x_wconf 91' lang='lat' dir='ltr'>quocumque</span> <span class='ocrx_word' id='word_1_73' title='bbox 569 1182 604 1227; x_wconf 87' lang='lat' dir='ltr'>se</span> <span class='ocrx_word' id='word_1_74' title='bbox 616 1160 782 1239; x_wconf 89' lang='lat' dir='ltr'>intulisset,</span> <span class='ocrx_word' id='word_1_75' title='bbox 801 1162 963 1228; x_wconf 85' lang='lat' dir='ltr'>victoriam</span> <span class='ocrx_word' id='word_1_76' title='bbox 978 1184 1086 1229; x_wconf 87' lang='lat' dir='ltr'>secum</span> <span class='ocrx_word' id='word_1_77' title='bbox 1104 1185 1120 1234; x_wconf 86' lang='lat' dir='ltr'>e</span> 
     </span>
     <span class='ocr_line' id='line_1_11' title="bbox 77 1253 1087 1336; baseline 0.003 -17"><span class='ocrx_word' id='word_1_78' title='bbox 77 1256 142 1320; x_wconf 87' lang='lat' dir='ltr'>raud</span> <span class='ocrx_word' id='word_1_79' title='bbox 157 1255 286 1320; x_wconf 87' lang='lat' dir='ltr'>dubiam</span> <span class='ocrx_word' id='word_1_80' title='bbox 303 1253 456 1322; x_wconf 71' lang='lat' dir='ltr'>trahebat.</span> <span class='ocrx_word' id='word_1_81' title='bbox 495 1255 632 1321; x_wconf 89' lang='lat' dir='ltr'>maxime</span> <span class='ocrx_word' id='word_1_82' title='bbox 653 1255 687 1320; x_wconf 94' lang='lat' dir='ltr'>id</span> <span class='ocrx_word' id='word_1_83' title='bbox 709 1256 838 1321; x_wconf 89' lang='lat' dir='ltr'>evidens</span> <span class='ocrx_word' id='word_1_84' title='bbox 861 1255 935 1336; x_wconf 84' lang='lat' dir='ltr'>fuit,</span> <span class='ocrx_word' id='word_1_85' title='bbox 963 1278 1036 1322; x_wconf 91' lang='lat' dir='ltr'>cum</span> <span class='ocrx_word' id='word_1_86' title='bbox 1052 1257 1087 1322; x_wconf 91' lang='lat' dir='ltr'>in</span> 
     </span>
     <span class='ocr_line' id='line_1_12' title="bbox 78 1349 1086 1437; baseline 0.003 -23"><span class='ocrx_word' id='word_1_87' title='bbox 78 1371 178 1415; x_wconf 85' lang='lat' dir='ltr'>aerum</span> <span class='ocrx_word' id='word_1_88' title='bbox 197 1371 298 1414; x_wconf 90' lang='lat' dir='ltr'>cornu·</span> <span class='ocrx_word' id='word_1_89' title='bbox 312 1371 411 1436; x_wconf 89' lang='lat' dir='ltr'>prope</span> <span class='ocrx_word' id='word_1_90' title='bbox 423 1350 487 1415; x_wconf 93' lang='lat' dir='ltr'>iam</span> <span class='ocrx_word' id='word_1_91' title='bbox 498 1349 625 1436; x_wconf 89' lang='lat' dir='ltr'>pulsum</span> <span class='ocrx_word' id='word_1_92' title='bbox 638 1358 763 1437; x_wconf 89' lang='lat' dir='ltr'>arrepto</span> <span class='ocrx_word' id='word_1_93' title='bbox 776 1358 904 1436; x_wconf 88' lang='lat' dir='ltr'>repente</span> <span class='ocrx_word' id='word_1_94' title='bbox 915 1362 998 1435; x_wconf 71' lang='lat' dir='ltr'>&#39;equo</span> <span class='ocrx_word' id='word_1_95' title='bbox 1013 1373 1086 1417; x_wconf 91' lang='lat' dir='ltr'>cum</span> 
     </span>
     <span class='ocr_line' id='line_1_13' title="bbox 77 1445 1085 1533; baseline 0.004 -25"><span class='ocrx_word' id='word_1_96' title='bbox 77 1456 146 1512; x_wconf 74' lang='lat' dir='ltr'>acuto</span> <span class='ocrx_word' id='word_1_97' title='bbox 161 1445 300 1532; x_wconf 81' lang='lat' dir='ltr'>pedestri</span> <span class='ocrx_word' id='word_1_98' title='bbox 322 1445 472 1512; x_wconf 89' lang='lat' dir='ltr'>advectus</span> <span class='ocrx_word' id='word_1_99' title='bbox 495 1455 666 1533; x_wconf 89' lang='lat' dir='ltr'>conspectu</span> <span class='ocrx_word' id='word_1_100' title='bbox 688 1469 748 1513; x_wconf 86' lang='lat' dir='ltr'>suo</span> <span class='ocrx_word' id='word_1_101' title='bbox 768 1446 923 1533; x_wconf 91' lang='lat' dir='ltr'>proelium</span> <span class='ocrx_word' id='word_1_102' title='bbox 939 1448 1085 1527; x_wconf 81' lang='lat' dir='ltr'>restituit,</span> 
     </span>
     <span class='ocr_line' id='line_1_14' title="bbox 77 1539 1119 1621; baseline 0.01 -19"><span class='ocrx_word' id='word_1_103' title='bbox 77 1550 216 1606; x_wconf 82' lang='lat' dir='ltr'>ostentans</span> <span class='ocrx_word' id='word_1_104' title='bbox 229 1541 407 1606; x_wconf 88' lang='lat' dir='ltr'>vincentem</span> <span class='ocrx_word' id='word_1_105' title='bbox 420 1550 555 1607; x_wconf 80' lang='lat' dir='ltr'>ceteram</span> <span class='ocrx_word' id='word_1_106' title='bbox 569 1540 679 1606; x_wconf 90' lang='lat' dir='ltr'>aciem.</span> <span class='ocrx_word' id='word_1_107' title='bbox 704 1540 770 1606; x_wconf 89' lang='lat' dir='ltr'>iam</span> <span class='ocrx_word' id='word_1_108' title='bbox 782 1539 931 1607; x_wconf 88' lang='lat' dir='ltr'>inclinata</span> <span class='ocrx_word' id='word_1_109' title='bbox 942 1564 993 1608; x_wconf 90' lang='lat' dir='ltr'>res</span> <span class='ocrx_word' id='word_1_110' title='bbox 1008 1551 1084 1621; x_wconf 91' lang='lat' dir='ltr'>erat,</span> <span class='ocrx_word' id='word_1_111' title='bbox 1104 1563 1119 1612; x_wconf 80' lang='lat' dir='ltr'>t</span> 
     </span>
     <span class='ocr_line' id='line_1_15' title="bbox 77 1634 1090 1724; baseline 0.006 -27"><span class='ocrx_word' id='word_1_112' title='bbox 77 1635 117 1700; x_wconf 91' lang='lat' dir='ltr'>sed</span> <span class='ocrx_word' id='word_1_113' title='bbox 128 1637 217 1702; x_wconf 89' lang='lat' dir='ltr'>turba</span> <span class='ocrx_word' id='word_1_114' title='bbox 229 1635 368 1703; x_wconf 89' lang='lat' dir='ltr'>hostium</span> <span class='ocrx_word' id='word_1_115' title='bbox 381 1645 412 1702; x_wconf 88' lang='lat' dir='ltr'>et</span> <span class='ocrx_word' id='word_1_116' title='bbox 424 1635 536 1724; x_wconf 83' lang='lat' dir='ltr'>sugam</span> <span class='ocrx_word' id='word_1_117' title='bbox 548 1634 728 1723; x_wconf 86' lang='lat' dir='ltr'>inpediebat</span> <span class='ocrx_word' id='word_1_118' title='bbox 741 1645 773 1702; x_wconf 91' lang='lat' dir='ltr'>et</span> <span class='ocrx_word' id='word_1_119' title='bbox 788 1636 885 1724; x_wconf 89' lang='lat' dir='ltr'>longa</span> <span class='ocrx_word' id='word_1_120' title='bbox 902 1639 998 1704; x_wconf 91' lang='lat' dir='ltr'>caede</span> <span class='ocrx_word' id='word_1_121' title='bbox 1013 1660 1090 1704; x_wconf 88' lang='lat' dir='ltr'>con·</span> 
     </span>
     <span class='ocr_line' id='line_1_16' title="bbox 78 1727 1088 1820; baseline 0.004 -26"><span class='ocrx_word' id='word_1_122' title='bbox 78 1727 188 1798; x_wconf 86' lang='lat' dir='ltr'>icienda</span> <span class='ocrx_word' id='word_1_123' title='bbox 204 1731 372 1799; x_wconf 90' lang='lat' dir='ltr'>multitudo</span> <span class='ocrx_word' id='word_1_124' title='bbox 390 1740 476 1798; x_wconf 89' lang='lat' dir='ltr'>tanta</span> <span class='ocrx_word' id='word_1_125' title='bbox 493 1732 579 1798; x_wconf 81' lang='lat' dir='ltr'>fesso</span> <span class='ocrx_word' id='word_1_126' title='bbox 597 1732 688 1797; x_wconf 89' lang='lat' dir='ltr'>militi</span> <span class='ocrx_word' id='word_1_127' title='bbox 706 1741 786 1811; x_wconf 89' lang='lat' dir='ltr'>erat,</span> <span class='ocrx_word' id='word_1_128' title='bbox 804 1753 877 1798; x_wconf 92' lang='lat' dir='ltr'>cum</span> <span class='ocrx_word' id='word_1_129' title='bbox 894 1743 1022 1820; x_wconf 90' lang='lat' dir='ltr'>repente</span> <span class='ocrx_word' id='word_1_130' title='bbox 1039 1735 1088 1798; x_wconf 90' lang='lat' dir='ltr'>iu-</span> 
     </span>
     <span class='ocr_line' id='line_1_17' title="bbox 79 1820 1087 1914; baseline 0.002 -24"><span class='ocrx_word' id='word_1_131' title='bbox 79 1826 201 1907; x_wconf 83' lang='lat' dir='ltr'>gentibus</span> <span class='ocrx_word' id='word_1_132' title='bbox 210 1826 355 1912; x_wconf 89' lang='lat' dir='ltr'>procellis</span> <span class='ocrx_word' id='word_1_133' title='bbox 364 1826 455 1892; x_wconf 89' lang='lat' dir='ltr'>fusus</span> <span class='ocrx_word' id='word_1_134' title='bbox 464 1825 565 1893; x_wconf 91' lang='lat' dir='ltr'>imber</span> <span class='ocrx_word' id='word_1_135' title='bbox 574 1820 691 1894; x_wconf 90' lang='lat' dir='ltr'>certam</span> <span class='ocrx_word' id='word_1_136' title='bbox 703 1827 805 1914; x_wconf 90' lang='lat' dir='ltr'>magis</span> <span class='ocrx_word' id='word_1_137' title='bbox 814 1827 977 1893; x_wconf 87' lang='lat' dir='ltr'>victoriam</span> <span class='ocrx_word' id='word_1_138' title='bbox 991 1850 1087 1912; x_wconf 91' lang='lat' dir='ltr'>quam</span> 
     </span>
     <span class='ocr_line' id='line_1_18' title="bbox 80 1920 1120 2008; baseline 0.006 -22"><span class='ocrx_word' id='word_1_139' title='bbox 80 1920 207 2000; x_wconf 82' lang='lat' dir='ltr'>proelium</span> <span class='ocrx_word' id='word_1_140' title='bbox 225 1921 358 1986; x_wconf 89' lang='lat' dir='ltr'>diremit.</span> <span class='ocrx_word' id='word_1_141' title='bbox 385 1921 476 2008; x_wconf 85' lang='lat' dir='ltr'>signo</span> <span class='ocrx_word' id='word_1_142' title='bbox 494 1921 607 1988; x_wconf 89' lang='lat' dir='ltr'>deinde</span> <span class='ocrx_word' id='word_1_143' title='bbox 623 1922 764 2008; x_wconf 90' lang='lat' dir='ltr'>receptui</span> <span class='ocrx_word' id='word_1_144' title='bbox 781 1922 855 1989; x_wconf 87' lang='lat' dir='ltr'>dato</span> <span class='ocrx_word' id='word_1_145' title='bbox 868 1945 932 1988; x_wconf 86' lang='lat' dir='ltr'>nox</span> <span class='ocrx_word' id='word_1_146' title='bbox 944 1922 1087 1989; x_wconf 87' lang='lat' dir='ltr'>insecuta</span> <span class='ocrx_word' id='word_1_147' title='bbox 1103 1942 1120 1992; x_wconf 86' lang='lat'>8</span> 
     </span>
     <span class='ocr_line' id='line_1_19' title="bbox 82 2013 1087 2102; baseline 0.005 -25"><span class='ocrx_word' id='word_1_148' title='bbox 82 2013 168 2094; x_wconf 87' lang='lat' dir='ltr'>quietis</span> <span class='ocrx_word' id='word_1_149' title='bbox 186 2016 339 2083; x_wconf 90' lang='lat' dir='ltr'>Romania</span> <span class='ocrx_word' id='word_1_150' title='bbox 357 2016 489 2102; x_wconf 84' lang='lat' dir='ltr'>perfecit</span> <span class='ocrx_word' id='word_1_151' title='bbox 505 2015 633 2083; x_wconf 92' lang='lat' dir='ltr'>bellum.</span> <span class='ocrx_word' id='word_1_152' title='bbox 669 2017 778 2082; x_wconf 90' lang='lat' dir='ltr'>Latini</span> <span class='ocrx_word' id='word_1_153' title='bbox 799 2038 936 2102; x_wconf 89' lang='lat' dir='ltr'>namque</span> <span class='ocrx_word' id='word_1_154' title='bbox 953 2026 985 2084; x_wconf 91' lang='lat' dir='ltr'>et</span> <span class='ocrx_word' id='word_1_155' title='bbox 1001 2016 1087 2082; x_wconf 92' lang='lat' dir='ltr'>Her-</span> 
     </span>
     <span class='ocr_line' id='line_1_20' title="bbox 80 2105 1085 2197; baseline 0.008 -27"><span class='ocrx_word' id='word_1_156' title='bbox 80 2105 123 2172; x_wconf 85' lang='lat' dir='ltr'>nici</span> <span class='ocrx_word' id='word_1_157' title='bbox 140 2109 253 2176; x_wconf 88' lang='lat' dir='ltr'>relictis</span> <span class='ocrx_word' id='word_1_158' title='bbox 275 2109 402 2177; x_wconf 89' lang='lat' dir='ltr'>Volscis</span> <span class='ocrx_word' id='word_1_159' title='bbox 428 2112 539 2178; x_wconf 90' lang='lat' dir='ltr'>domos</span> <span class='ocrx_word' id='word_1_160' title='bbox 564 2111 697 2197; x_wconf 89' lang='lat' dir='ltr'>profecti</span> <span class='ocrx_word' id='word_1_161' title='bbox 720 2121 806 2191; x_wconf 89' lang='lat' dir='ltr'>sunt,</span> <span class='ocrx_word' id='word_1_162' title='bbox 833 2113 924 2178; x_wconf 88' lang='lat' dir='ltr'>malis</span> <span class='ocrx_word' id='word_1_163' title='bbox 946 2112 1085 2179; x_wconf 90' lang='lat' dir='ltr'>consiliis</span> 
     </span>
     <span class='ocr_line' id='line_1_21' title="bbox 80 2205 1119 2291; baseline 0.005 -22"><span class='ocrx_word' id='word_1_164' title='bbox 80 2218 149 2284; x_wconf 77' lang='lat' dir='ltr'>pares</span> <span class='ocrx_word' id='word_1_165' title='bbox 168 2205 274 2291; x_wconf 89' lang='lat' dir='ltr'>adepti</span> <span class='ocrx_word' id='word_1_166' title='bbox 296 2215 440 2286; x_wconf 82' lang='lat' dir='ltr'>eventus3</span> <span class='ocrx_word' id='word_1_167' title='bbox 467 2205 577 2272; x_wconf 90' lang='lat' dir='ltr'>Volsci</span> <span class='ocrx_word' id='word_1_168' title='bbox 598 2206 653 2271; x_wconf 92' lang='lat' dir='ltr'>ubi</span> <span class='ocrx_word' id='word_1_169' title='bbox 675 2228 711 2272; x_wconf 91' lang='lat' dir='ltr'>se</span> <span class='ocrx_word' id='word_1_170' title='bbox 732 2207 872 2273; x_wconf 89' lang='lat' dir='ltr'>desertos</span> <span class='ocrx_word' id='word_1_171' title='bbox 899 2207 939 2272; x_wconf 89' lang='lat' dir='ltr'>ab</span> <span class='ocrx_word' id='word_1_172' title='bbox 967 2207 1012 2273; x_wconf 87' lang='lat' dir='ltr'>eis</span> <span class='ocrx_word' id='word_1_173' title='bbox 1039 2207 1119 2274; x_wconf 84' lang='lat' dir='ltr'>vi-9</span> 
     </span>
     <span class='ocr_line' id='line_1_22' title="bbox 81 2293 1087 2384; baseline 0.004 -23"><span class='ocrx_word' id='word_1_174' title='bbox 81 2293 145 2377; x_wconf 87' lang='lat' dir='ltr'>dere,</span> <span class='ocrx_word' id='word_1_175' title='bbox 171 2322 305 2384; x_wconf 90' lang='lat' dir='ltr'>quorum</span> <span class='ocrx_word' id='word_1_176' title='bbox 326 2301 442 2367; x_wconf 89' lang='lat' dir='ltr'>fiducia</span> <span class='ocrx_word' id='word_1_177' title='bbox 462 2300 703 2380; x_wconf 86' lang='lat' dir='ltr'>rebellaverant,</span> <span class='ocrx_word' id='word_1_178' title='bbox 728 2300 845 2367; x_wconf 89' lang='lat' dir='ltr'>relictis</span> <span class='ocrx_word' id='word_1_179' title='bbox 868 2301 978 2366; x_wconf 88' lang='lat' dir='ltr'>castris</span> <span class='ocrx_word' id='word_1_180' title='bbox 1000 2323 1087 2368; x_wconf 91' lang='lat' dir='ltr'>moe-</span> 
     </span>
     <span class='ocr_line' id='line_1_23' title="bbox 79 2389 1088 2482; baseline 0.004 -27"><span class='ocrx_word' id='word_1_181' title='bbox 79 2389 150 2460; x_wconf 87' lang='lat' dir='ltr'>nibus</span> <span class='ocrx_word' id='word_1_182' title='bbox 164 2393 279 2461; x_wconf 84' lang='lat' dir='ltr'>Satrici</span> <span class='ocrx_word' id='word_1_183' title='bbox 297 2417 331 2461; x_wconf 88' lang='lat' dir='ltr'>ae</span> <span class='ocrx_word' id='word_1_184' title='bbox 347 2396 521 2463; x_wconf 90' lang='lat' dir='ltr'>includunt.</span> <span class='ocrx_word' id='word_1_185' title='bbox 549 2418 628 2480; x_wconf 89' lang='lat' dir='ltr'>quos</span> <span class='ocrx_word' id='word_1_186' title='bbox 645 2396 747 2482; x_wconf 92' lang='lat' dir='ltr'>primo</span> <span class='ocrx_word' id='word_1_187' title='bbox 762 2394 916 2462; x_wconf 85' lang='lat' dir='ltr'>Camillus</span> <span class='ocrx_word' id='word_1_188' title='bbox 930 2395 1013 2460; x_wconf 88' lang='lat' dir='ltr'>vallo</span> <span class='ocrx_word' id='word_1_189' title='bbox 1027 2395 1088 2460; x_wconf 90' lang='lat' dir='ltr'>cir-</span> 
     </span>
     <span class='ocr_line' id='line_1_24' title="bbox 80 2488 1085 2577; baseline 0.001 -25"><span class='ocrx_word' id='word_1_190' title='bbox 80 2488 204 2555; x_wconf 82' lang='lat' dir='ltr'>cumdare</span> <span class='ocrx_word' id='word_1_191' title='bbox 221 2499 254 2556; x_wconf 90' lang='lat' dir='ltr'>et</span> <span class='ocrx_word' id='word_1_192' title='bbox 269 2512 386 2577; x_wconf 87' lang='lat' dir='ltr'>aggere</span> <span class='ocrx_word' id='word_1_193' title='bbox 404 2500 498 2576; x_wconf 88' lang='lat' dir='ltr'>atque</span> <span class='ocrx_word' id='word_1_194' title='bbox 517 2489 664 2577; x_wconf 82' lang='lat' dir='ltr'>operibus</span> <span class='ocrx_word' id='word_1_195' title='bbox 682 2511 864 2577; x_wconf 86' lang='lat' dir='ltr'>oppugnare</span> <span class='ocrx_word' id='word_1_196' title='bbox 882 2500 930 2555; x_wconf 88' lang='lat' dir='ltr'>est</span> <span class='ocrx_word' id='word_1_197' title='bbox 947 2489 1085 2554; x_wconf 86' lang='lat' dir='ltr'>adortus.</span> 
     </span>
     <span class='ocr_line' id='line_1_25' title="bbox 80 2583 1139 2671; baseline 0.005 -25"><span class='ocrx_word' id='word_1_198' title='bbox 80 2597 142 2660; x_wconf 83' lang='lat' dir='ltr'>quae</span> <span class='ocrx_word' id='word_1_199' title='bbox 156 2592 323 2669; x_wconf 89' lang='lat' dir='ltr'>postquam</span> <span class='ocrx_word' id='word_1_200' title='bbox 339 2585 426 2650; x_wconf 90' lang='lat' dir='ltr'>nulla</span> <span class='ocrx_word' id='word_1_201' title='bbox 443 2586 606 2671; x_wconf 88' lang='lat' dir='ltr'>eruptione</span> <span class='ocrx_word' id='word_1_202' title='bbox 622 2585 756 2671; x_wconf 86' lang='lat' dir='ltr'>inpediri</span> <span class='ocrx_word' id='word_1_203' title='bbox 773 2584 872 2662; x_wconf 88' lang='lat' dir='ltr'>videt,</span> <span class='ocrx_word' id='word_1_204' title='bbox 892 2583 996 2649; x_wconf 91' lang='lat' dir='ltr'>minus</span> <span class='ocrx_word' id='word_1_205' title='bbox 1015 2604 1086 2648; x_wconf 90' lang='lat' dir='ltr'>esse</span> <span class='ocrx_word' id='word_1_206' title='bbox 1104 2600 1139 2651; x_wconf 85' lang='lat' dir='ltr'>ro</span> 
     </span>
     <span class='ocr_line' id='line_1_26' title="bbox 80 2672 1088 2766; baseline 0 -24"><span class='ocrx_word' id='word_1_207' title='bbox 80 2672 155 2741; x_wconf 75' lang='lat' dir='ltr'>enini</span> <span class='ocrx_word' id='word_1_208' title='bbox 169 2689 257 2745; x_wconf 89' lang='lat' dir='ltr'>ratus</span> <span class='ocrx_word' id='word_1_209' title='bbox 273 2679 307 2745; x_wconf 93' lang='lat' dir='ltr'>in</span> <span class='ocrx_word' id='word_1_210' title='bbox 324 2679 414 2746; x_wconf 88' lang='lat' dir='ltr'>hoste</span> <span class='ocrx_word' id='word_1_211' title='bbox 431 2701 527 2764; x_wconf 90' lang='lat' dir='ltr'>quam</span> <span class='ocrx_word' id='word_1_212' title='bbox 544 2690 579 2745; x_wconf 92' lang='lat' dir='ltr'>ut</span> <span class='ocrx_word' id='word_1_213' title='bbox 595 2680 630 2745; x_wconf 93' lang='lat' dir='ltr'>in</span> <span class='ocrx_word' id='word_1_214' title='bbox 646 2701 684 2746; x_wconf 88' lang='lat' dir='ltr'>eo</span> <span class='ocrx_word' id='word_1_215' title='bbox 702 2689 767 2745; x_wconf 88' lang='lat' dir='ltr'>tarn</span> <span class='ocrx_word' id='word_1_216' title='bbox 783 2679 886 2745; x_wconf 89' lang='lat' dir='ltr'>lentae</span> <span class='ocrx_word' id='word_1_217' title='bbox 904 2678 972 2766; x_wconf 86' lang='lat' dir='ltr'>spei</span> <span class='ocrx_word' id='word_1_218' title='bbox 989 2677 1088 2743; x_wconf 87' lang='lat' dir='ltr'>victo-</span> 
     </span>
     <span class='ocr_line' id='line_1_27' title="bbox 78 2768 1087 2862; baseline 0.001 -24"><span class='ocrx_word' id='word_1_219' title='bbox 78 2768 140 2838; x_wconf 83' lang='lat' dir='ltr'>riam</span> <span class='ocrx_word' id='word_1_220' title='bbox 160 2784 370 2862; x_wconf 83' lang='lat' dir='ltr'>exspectaret,</span> <span class='ocrx_word' id='word_1_221' title='bbox 397 2775 577 2842; x_wconf 87' lang='lat' dir='ltr'>cohortatus</span> <span class='ocrx_word' id='word_1_222' title='bbox 595 2774 725 2853; x_wconf 89' lang='lat' dir='ltr'>milites,</span> <span class='ocrx_word' id='word_1_223' title='bbox 752 2798 792 2842; x_wconf 88' lang='lat' dir='ltr'>ne</span> <span class='ocrx_word' id='word_1_224' title='bbox 810 2783 970 2860; x_wconf 90' lang='lat' dir='ltr'>tamquam</span> <span class='ocrx_word' id='word_1_225' title='bbox 988 2770 1087 2839; x_wconf 84' lang='lat' dir='ltr'>Veios</span> 
     </span>
     <span class='ocr_line' id='line_1_28' title="bbox 79 2867 1088 2958; baseline -0.002 -24"><span class='ocrx_word' id='word_1_226' title='bbox 79 2879 276 2957; x_wconf 80' lang='lat' dir='ltr'>oppugnantes</span> <span class='ocrx_word' id='word_1_227' title='bbox 297 2871 331 2935; x_wconf 93' lang='lat' dir='ltr'>in</span> <span class='ocrx_word' id='word_1_228' title='bbox 352 2891 447 2958; x_wconf 90' lang='lat' dir='ltr'>opere</span> <span class='ocrx_word' id='word_1_229' title='bbox 467 2870 640 2957; x_wconf 89' lang='lat' dir='ltr'>longinquo</span> <span class='ocrx_word' id='word_1_230' title='bbox 658 2892 729 2937; x_wconf 89' lang='lat' dir='ltr'>sese</span> <span class='ocrx_word' id='word_1_231' title='bbox 750 2878 898 2948; x_wconf 90' lang='lat' dir='ltr'>tererent,</span> <span class='ocrx_word' id='word_1_232' title='bbox 925 2867 1088 2934; x_wconf 67' lang='lat' dir='ltr'>matonam</span> 
     </span>
     <span class='ocr_line' id='line_1_29' title="bbox 78 2956 1091 3053; baseline 0.004 -29"><span class='ocrx_word' id='word_1_233' title='bbox 78 2956 252 3031; x_wconf 85' lang='lat' dir='ltr'>inmanibus</span> <span class='ocrx_word' id='word_1_234' title='bbox 272 2986 356 3044; x_wconf 88' lang='lat' dir='ltr'>esse,</span> <span class='ocrx_word' id='word_1_235' title='bbox 382 2964 503 3053; x_wconf 88' lang='lat' dir='ltr'>ingenti</span> <span class='ocrx_word' id='word_1_236' title='bbox 519 2966 653 3031; x_wconf 92' lang='lat' dir='ltr'>militum</span> <span class='ocrx_word' id='word_1_237' title='bbox 676 2965 835 3032; x_wconf 88' lang='lat' dir='ltr'>alacritate</span> <span class='ocrx_word' id='word_1_238' title='bbox 856 2964 981 3030; x_wconf 87' lang='lat' dir='ltr'>moenia</span> <span class='ocrx_word' id='word_1_239' title='bbox 998 2963 1091 3028; x_wconf 91' lang='lat' dir='ltr'>undi-</span> 
     </span>
     <span class='ocr_line' id='line_1_30' title="bbox 80 3058 1087 3148; baseline -0.001 -25"><span class='ocrx_word' id='word_1_240' title='bbox 80 3074 126 3138; x_wconf 89' lang='lat' dir='ltr'>que</span> <span class='ocrx_word' id='word_1_241' title='bbox 142 3061 308 3148; x_wconf 83' lang='lat' dir='ltr'>adgressus</span> <span class='ocrx_word' id='word_1_242' title='bbox 327 3060 419 3127; x_wconf 86' lang='lat' dir='ltr'>scalis</span> <span class='ocrx_word' id='word_1_243' title='bbox 437 3060 589 3148; x_wconf 89' lang='lat' dir='ltr'>oppidum</span> <span class='ocrx_word' id='word_1_244' title='bbox 606 3061 697 3147; x_wconf 91' lang='lat' dir='ltr'>cepit.</span> <span class='ocrx_word' id='word_1_245' title='bbox 720 3058 831 3126; x_wconf 90' lang='lat' dir='ltr'>Volsci</span> <span class='ocrx_word' id='word_1_246' title='bbox 844 3059 974 3126; x_wconf 90' lang='lat' dir='ltr'>abiectis</span> <span class='ocrx_word' id='word_1_247' title='bbox 992 3059 1087 3124; x_wconf 90' lang='lat' dir='ltr'>armis</span> 
     </span>
     <span class='ocr_line' id='line_1_31' title="bbox 81 3155 1145 3222; baseline 0.005 -6"><span class='ocrx_word' id='word_1_248' title='bbox 81 3168 138 3217; x_wconf 79' lang='lat' dir='ltr'>sese</span> <span class='ocrx_word' id='word_1_249' title='bbox 153 3155 343 3222; x_wconf 90' lang='lat' dir='ltr'>dediderunt.</span> <span class='ocrx_word' id='word_1_250' title='bbox 1142 3178 1145 3183; x_wconf 88' lang='lat'>·</span> 
     </span>
     <span class='ocr_line' id='line_1_32' title="bbox 132 3244 1120 3326; baseline -0.003 -10"><span class='ocrx_word' id='word_1_251' title='bbox 132 3246 234 3316; x_wconf 88' lang='lat' dir='ltr'>VIIII.</span> <span class='ocrx_word' id='word_1_252' title='bbox 265 3249 413 3316; x_wconf 85' lang='lat' dir='ltr'>Ceterum</span> <span class='ocrx_word' id='word_1_253' title='bbox 427 3251 550 3316; x_wconf 90' lang='lat' dir='ltr'>animus</span> <span class='ocrx_word' id='word_1_254' title='bbox 564 3251 653 3316; x_wconf 89' lang='lat' dir='ltr'>ducis</span> <span class='ocrx_word' id='word_1_255' title='bbox 670 3249 716 3315; x_wconf 91' lang='lat' dir='ltr'>rei</span> <span class='ocrx_word' id='word_1_256' title='bbox 728 3248 848 3326; x_wconf 90' lang='lat' dir='ltr'>maiori,</span> <span class='ocrx_word' id='word_1_257' title='bbox 866 3246 975 3324; x_wconf 87' lang='lat' dir='ltr'>Antio,</span> <span class='ocrx_word' id='word_1_258' title='bbox 994 3244 1088 3309; x_wconf 91' lang='lat' dir='ltr'>inmi-</span> <span class='ocrx_word' id='word_1_259' title='bbox 1106 3265 1120 3313; x_wconf 90' lang='lat'>1</span> 
     </span>
     <span class='ocr_line' id='line_1_33' title="bbox 78 3338 1089 3432; baseline -0.001 -28"><span class='ocrx_word' id='word_1_260' title='bbox 78 3338 167 3409; x_wconf 83' lang='lat' dir='ltr'>nebat:</span> <span class='ocrx_word' id='word_1_261' title='bbox 187 3346 223 3410; x_wconf 90' lang='lat' dir='ltr'>id</span> <span class='ocrx_word' id='word_1_262' title='bbox 240 3355 335 3432; x_wconf 88' lang='lat' dir='ltr'>caput</span> <span class='ocrx_word' id='word_1_263' title='bbox 351 3344 555 3424; x_wconf 91' lang='lat' dir='ltr'>Volscorum,</span> <span class='ocrx_word' id='word_1_264' title='bbox 579 3368 649 3429; x_wconf 89' lang='lat' dir='ltr'>eam</span> <span class='ocrx_word' id='word_1_265' title='bbox 665 3344 765 3411; x_wconf 86' lang='lat' dir='ltr'>fuisse</span> <span class='ocrx_word' id='word_1_266' title='bbox 784 3341 936 3428; x_wconf 88' lang='lat' dir='ltr'>originem</span> <span class='ocrx_word' id='word_1_267' title='bbox 952 3339 1089 3427; x_wconf 86' lang='lat' dir='ltr'>proximi</span> 
     </span>
     <span class='ocr_line' id='line_1_34' title="bbox 79 3425 1122 3526; baseline 0 -24"><span class='ocrx_word' id='word_1_268' title='bbox 79 3425 144 3502; x_wconf 81' lang='lat' dir='ltr'>beth</span> <span class='ocrx_word' id='word_1_269' title='bbox 178 3441 236 3505; x_wconf 86' lang='lat' dir='ltr'>sed</span> <span class='ocrx_word' id='word_1_270' title='bbox 254 3439 328 3524; x_wconf 89' lang='lat' dir='ltr'>quia</span> <span class='ocrx_word' id='word_1_271' title='bbox 345 3440 406 3506; x_wconf 89' lang='lat' dir='ltr'>nisi</span> <span class='ocrx_word' id='word_1_272' title='bbox 423 3462 539 3526; x_wconf 88' lang='lat' dir='ltr'>magno</span> <span class='ocrx_word' id='word_1_273' title='bbox 556 3447 723 3526; x_wconf 85' lang='lat' dir='ltr'>apparatu,</span> <span class='ocrx_word' id='word_1_274' title='bbox 741 3436 903 3503; x_wconf 85' lang='lat' dir='ltr'>tormentis</span> <span class='ocrx_word' id='word_1_275' title='bbox 920 3434 1089 3500; x_wconf 87' lang='lat' dir='ltr'>machinis·</span> <span class='ocrx_word' id='word_1_276' title='bbox 1106 3453 1122 3502; x_wconf 78' lang='lat'>2</span> 
     </span>
     <span class='ocr_line' id='line_1_35' title="bbox 79 3529 1089 3620; baseline -0.001 -26"><span class='ocrx_word' id='word_1_277' title='bbox 79 3542 138 3609; x_wconf 79' lang='lat' dir='ltr'>que,</span> <span class='ocrx_word' id='word_1_278' title='bbox 159 3542 224 3598; x_wconf 89' lang='lat' dir='ltr'>tam</span> <span class='ocrx_word' id='word_1_279' title='bbox 241 3533 347 3599; x_wconf 86' lang='lat' dir='ltr'>valida</span> <span class='ocrx_word' id='word_1_280' title='bbox 363 3533 438 3600; x_wconf 88' lang='lat' dir='ltr'>urbs</span> <span class='ocrx_word' id='word_1_281' title='bbox 457 3534 527 3620; x_wconf 89' lang='lat' dir='ltr'>capi</span> <span class='ocrx_word' id='word_1_282' title='bbox 543 3557 607 3599; x_wconf 92' lang='lat' dir='ltr'>non</span> <span class='ocrx_word' id='word_1_283' title='bbox 625 3540 760 3620; x_wconf 88' lang='lat' dir='ltr'>poterat,</span> <span class='ocrx_word' id='word_1_284' title='bbox 782 3531 891 3597; x_wconf 89' lang='lat' dir='ltr'>relicto</span> <span class='ocrx_word' id='word_1_285' title='bbox 908 3530 950 3596; x_wconf 90' lang='lat' dir='ltr'>ad</span> <span class='ocrx_word' id='word_1_286' title='bbox 971 3529 1089 3596; x_wconf 86' lang='lat' dir='ltr'>exerci-</span> 
     </span>
     <span class='ocr_line' id='line_1_36' title="bbox 79 3623 1091 3715; baseline -0.002 -26"><span class='ocrx_word' id='word_1_287' title='bbox 79 3624 131 3689; x_wconf 69' lang='lat' dir='ltr'>tum</span> <span class='ocrx_word' id='word_1_288' title='bbox 149 3626 272 3714; x_wconf 90' lang='lat' dir='ltr'>collega</span> <span class='ocrx_word' id='word_1_289' title='bbox 292 3625 428 3701; x_wconf 82' lang='lat' dir='ltr'>Romam</span> <span class='ocrx_word' id='word_1_290' title='bbox 450 3639 498 3695; x_wconf 91' lang='lat' dir='ltr'>est</span> <span class='ocrx_word' id='word_1_291' title='bbox 519 3629 693 3715; x_wconf 88' lang='lat' dir='ltr'>profectus,</span> <span class='ocrx_word' id='word_1_292' title='bbox 720 3635 756 3691; x_wconf 87' lang='lat' dir='ltr'>ut</span> <span class='ocrx_word' id='word_1_293' title='bbox 778 3634 921 3692; x_wconf 87' lang='lat' dir='ltr'>senatum</span> <span class='ocrx_word' id='word_1_294' title='bbox 943 3623 985 3689; x_wconf 88' lang='lat' dir='ltr'>ad</span> <span class='ocrx_word' id='word_1_295' title='bbox 1006 3623 1091 3690; x_wconf 82' lang='lat' dir='ltr'>exci-</span> 
     </span>
     <span class='ocr_line' id='line_1_37' title="bbox 77 3708 1124 3790; baseline 0.002 -7"><span class='ocrx_word' id='word_1_296' title='bbox 77 3708 198 3787; x_wconf 73' lang='lat' dir='ltr'>dudum</span> <span class='ocrx_word' id='word_1_297' title='bbox 210 3721 346 3789; x_wconf 85' lang='lat' dir='ltr'>Antium</span> <span class='ocrx_word' id='word_1_298' title='bbox 358 3723 542 3790; x_wconf 85' lang='lat' dir='ltr'>hortaretur.</span> <span class='ocrx_word' id='word_1_299' title='bbox 574 3724 655 3788; x_wconf 91' lang='lat' dir='ltr'>inter</span> <span class='ocrx_word' id='word_1_300' title='bbox 668 3743 846 3788; x_wconf 89' lang='lat' dir='ltr'>sermonem</span> <span class='ocrx_word' id='word_1_301' title='bbox 859 3720 926 3786; x_wconf 90' lang='lat' dir='ltr'>eius</span> <span class='ocrx_word' id='word_1_302' title='bbox 939 3757 982 3768; x_wconf 92' lang='lat'><em>-</em></span> <span class='ocrx_word' id='word_1_303' title='bbox 996 3717 1089 3784; x_wconf 89' lang='lat' dir='ltr'>credo</span> <span class='ocrx_word' id='word_1_304' title='bbox 1107 3735 1124 3785; x_wconf 75' lang='lat'>3</span> 
     </span>
     <span class='ocr_line' id='line_1_38' title="bbox 77 3814 1090 3884; baseline -0.002 -4"><span class='ocrx_word' id='word_1_305' title='bbox 77 3823 129 3880; x_wconf 69' lang='lat' dir='ltr'>ltu</span> <span class='ocrx_word' id='word_1_306' title='bbox 147 3815 313 3883; x_wconf 83' lang='lat' dir='ltr'>Antiatem</span> <span class='ocrx_word' id='word_1_307' title='bbox 334 3818 560 3884; x_wconf 90' lang='lat' dir='ltr'>diuturniorem</span> <span class='ocrx_word' id='word_1_308' title='bbox 580 3840 708 3883; x_wconf 89' lang='lat' dir='ltr'>manere</span> <span class='ocrx_word' id='word_1_309' title='bbox 734 3817 794 3883; x_wconf 89' lang='lat' dir='ltr'>diis</span> <span class='ocrx_word' id='word_1_310' title='bbox 817 3815 904 3882; x_wconf 90' lang='lat' dir='ltr'>cordi</span> <span class='ocrx_word' id='word_1_311' title='bbox 924 3814 1025 3880; x_wconf 81' lang='lat' dir='ltr'>fuisse</span> <span class='ocrx_word' id='word_1_312' title='bbox 1046 3848 1090 3861; x_wconf 88' lang='lat'>-</span> 
     </span>
     <span class='ocr_line' id='line_1_39' title="bbox 77 3892 1087 3998; baseline -0.009 -22"><span class='ocrx_word' id='word_1_313' title='bbox 77 3892 156 3991; x_wconf 74' lang='lat' dir='ltr'>legat</span> <span class='ocrx_word' id='word_1_314' title='bbox 178 3908 221 3978; x_wconf 89' lang='lat' dir='ltr'>ab</span> <span class='ocrx_word' id='word_1_315' title='bbox 242 3909 363 3998; x_wconf 86' lang='lat' dir='ltr'>Nepete</span> <span class='ocrx_word' id='word_1_316' title='bbox 389 3935 427 3978; x_wconf 93' lang='lat' dir='ltr'>ac</span> <span class='ocrx_word' id='word_1_317' title='bbox 450 3911 557 3979; x_wconf 90' lang='lat' dir='ltr'>Sutrio</span> <span class='ocrx_word' id='word_1_318' title='bbox 583 3912 734 3978; x_wconf 85' lang='lat' dir='ltr'>auxilium</span> <span class='ocrx_word' id='word_1_319' title='bbox 760 3911 912 3978; x_wconf 90' lang='lat' dir='ltr'>adversus</span> <span class='ocrx_word' id='word_1_320' title='bbox 934 3908 1087 3974; x_wconf 83' lang='lat' dir='ltr'>Etruscos</span> 
     </span>
    </p>
   </div>
   <div class='ocr_carea' id='block_1_4' title="bbox 77 3997 1092 4087">
    <p class='ocr_par' dir='ltr' id='par_1_4' title="bbox 77 3997 1092 4087">
     <span class='ocr_line' id='line_1_40' title="bbox 77 3997 1092 4087; baseline -0.013 -13"><span class='ocrx_word' id='word_1_321' title='bbox 77 4004 204 4074; x_wconf 66' lang='lat' dir='ltr'>uterer</span> <span class='ocrx_word' id='word_1_322' title='bbox 222 4005 365 4087; x_wconf 77' lang='lat' dir='ltr'>ueniunt,</span> <span class='ocrx_word' id='word_1_323' title='bbox 392 4005 523 4074; x_wconf 91' lang='lat' dir='ltr'>brevem</span> <span class='ocrx_word' id='word_1_324' title='bbox 538 4007 735 4074; x_wconf 90' lang='lat' dir='ltr'>occasionem</span> <span class='ocrx_word' id='word_1_325' title='bbox 752 4029 823 4073; x_wconf 88' lang='lat' dir='ltr'>ease</span> <span class='ocrx_word' id='word_1_326' title='bbox 844 4002 967 4072; x_wconf 87' lang='lat' dir='ltr'>ferendi</span> <span class='ocrx_word' id='word_1_327' title='bbox 983 3997 1092 4065; x_wconf 78' lang='lat' dir='ltr'>auxilii</span> 
     </span>
    </p>
   </div>
   <div class='ocr_carea' id='block_1_5' title="bbox 0 0 1288 4524">
    <p class='ocr_par' dir='ltr' id='par_1_5' title="bbox 0 0 1288 4524">
     <span class='ocr_line' id='line_1_41' title="bbox 0 0 1288 4524; baseline 0 0"><span class='ocrx_word' id='word_1_328' title='bbox 0 0 1288 4524; x_wconf 95' lang='lat' dir='ltr'> </span> 
     </span>
    </p>
   </div>
  </div>
 </body>
</html>
