2566 4524
133 261 202 329 430
359 272 478 329 amna
494 272 580 343 v111,
598 271 642 330 ar.
653 272 696 330 aa.
715 271 947 346 [anamma]

108 437 114 445 “
133 433 273 500 voluisse
291 431 566 520 cupidissimisque
584 454 671 497 arma
688 430 868 498 ablaturum
886 431 986 499 fidisse
1003 435 1043 499 mi

99 551 176 598 ane
194 550 229 596 se
245 526 376 594 absente
394 526 513 593 moveri
529 535 673 612 possent,
693 534 724 592 et
741 548 826 592 nunc
843 527 878 592 id
890 526 1008 608 furere,
1026 529 1043 594 it

133 623 214 711 pati,
232 621 318 709 quod
331 621 399 688 sine
411 621 453 686 L.
466 619 595 707 Papirio
609 642 671 687 non
684 621 835 700 inermes,
854 644 920 687 non
932 625 1034 690 manci

133 717 264 797 fuerint,
282 715 368 802 quod
386 738 420 781 se
435 713 475 799 Q,
489 714 608 782 Fabius
626 715 813 802 magistrum
830 717 975 801 equitum
991 719 1043 785 dm

99 832 116 882 a
133 834 198 879 non
219 832 387 877 accensum
409 809 579 876 dictatoris.
616 809 692 894 quid
709 809 798 875 illum
816 810 977 878 facturum
992 813 1043 878 fui

116 919 119 927 '
134 906 220 993 quod
233 903 413 972 bellicosus
429 903 533 970 ferunt
541 903 694 989 Marsque
707 905 893 984 communis,
914 907 1043 974 adversa

134 1000 304 1080 evenisset,
323 998 378 1085 qui
392 998 452 1064 sibi
466 999 596 1064 devictis
610 998 765 1079 hostibus,
783 999 961 1086 republica
974 1001 1043 1067 bene

132 1095 178 1161 ita
194 1103 230 1160 ut
247 1117 311 1161 non
328 1092 369 1160 ab
387 1093 441 1160 illo
458 1092 551 1160 unico
570 1093 650 1158 duce
668 1091 780 1159 melius
798 1094 866 1180 geri
877 1095 1028 1179 potuerit,

100 1190 219 1260 scium
243 1188 396 1276 magistro
422 1187 563 1273 equitum
589 1187 738 1253 minetur!
770 1210 873 1273 neque
898 1189 990 1255 illum
1014 1214 1043 1255 m

135 1283 275 1369 equitum
296 1283 491 1350 infestiorem
509 1304 603 1366 quam
621 1281 754 1349 tribunis
772 1281 923 1363 militum,
946 1306 1038 1368 quam

133 1378 288 1458 rionibus,
307 1401 403 1465 quam
421 1376 577 1450 militibus
590 1398 671 1443 esse.
708 1377 736 1442 si
749 1387 872 1464 posset,
889 1378 924 1443 in
939 1402 1043 1445 omnes

101 1495 114 1542 7
134 1485 240 1540 turum
257 1473 372 1553 fuisse3
394 1473 469 1558 quia
485 1473 519 1538 id
535 1481 685 1558 nequeat,
704 1472 738 1538 in
754 1495 854 1538 unum
872 1475 994 1542 saevire
1010 1513 1043 1524 -

131 1569 283 1634 invidiam
300 1577 461 1653 tamquam
478 1568 586 1655 ignem
604 1583 728 1635 summa
739 1578 914 1656 petere-,
933 1571 966 1635 in
983 1593 1043 1657 capt

133 1662 208 1742 silii,
226 1663 260 1728 in
272 1662 386 1729 ducem
398 1661 565 1728 incurrere.
593 1661 621 1729 si
634 1686 668 1729 se
683 1662 777 1729 simul
790 1686 863 1730 cum
877 1664 978 1752 gloria
993 1665 1034 1730 rei

132 1758 332 1838 extinxisset,
355 1767 430 1824 tunc
451 1758 602 1824 victorem
624 1757 765 1824 velutin
787 1769 879 1846 capto
902 1761 1035 1826 exercitu

131 1863 270 1934 nantem,
287 1853 441 1939 quidquid
453 1853 576 1919 licuerit
588 1853 622 1918 in
634 1852 785 1940 magistro
800 1853 951 1939 equitum,
969 1855 1000 1919 in
1011 1853 1043 1918 mi

98 1968 114 2016 8
134 1971 295 2015 ausurum.
320 1947 452 2035 proinde
467 1947 615 2013 adessent
627 1947 660 2012 in
674 1971 732 2014 sua
749 1969 846 2015 causa
864 1950 1001 2015 omnium
1015 1947 1043 2012 lii

134 2043 161 2108 si
184 2063 373 2109 consensum
396 2041 551 2107 exercitus
571 2042 719 2120 eundem,
743 2043 797 2127 qui
814 2042 848 2107 in
865 2044 984 2131 proelio
1000 2042 1043 2107 sue

132 2135 251 2202 tuenda
275 2134 407 2201 victoria
432 2135 538 2201 videat
563 2145 595 2201 et
621 2136 754 2203 salutem
780 2137 875 2203 unius
902 2135 1037 2204 omnibus

133 2252 218 2310 esse,
245 2228 465 2296 inclinaturum
488 2228 529 2295 ad
550 2230 783 2296 clementiorem
805 2232 989 2297 sententiam
1009 2229 1043 2296 ari

99 2346 113 2393 a
132 2335 291 2412 postremo
306 2345 340 2390 se
354 2322 451 2390 vitam
463 2323 669 2410 fortunasque
683 2348 756 2391 suas
770 2325 895 2391 illorum
908 2326 981 2392 fidei
993 2324 1042 2391 virt

132 2420 321 2506 permittere.
925 2452 931 2460 ·

99 2535 111 2581 1
196 2512 353 2579 XXXII.
391 2511 519 2579 Clamor
541 2523 590 2579 est
612 2523 677 2579 tota
694 2515 839 2580 contione
857 2524 958 2595 ortus,
979 2510 1043 2580 usit

130 2610 271 2674 animum
283 2608 426 2674 haberet:
444 2608 602 2673 neminem
615 2608 660 2674 illi
673 2609 738 2673 vim
756 2609 933 2676 adlaturum
952 2608 1036 2676 salvis

130 2704 225 2770 nibus
242 2704 405 2770 Romanis.
441 2703 527 2770 haud
548 2704 646 2769 multo
668 2714 742 2790 post
759 2705 893 2771 dictator
910 2704 1043 2771 advenit*

97 2816 232 2882 reoque
258 2798 415 2884 extemplo
443 2800 482 2864 ad
514 2799 692 2865 contionem
722 2800 897 2866 advocavit.
942 2810 1005 2866 tum
1030 2818 1043 2860 s

128 2890 213 2956 facto
230 2913 345 2978 praeco
364 2889 405 2975 Q.
423 2892 559 2959 Fabium
577 2894 764 2981 magistrum
786 2894 927 2978 equitum
950 2890 1043 2959 citavit

97 3006 112 3054 3
132 2984 226 3051 simul
244 3008 284 3052 ex
300 2985 448 3053 inferiore
465 2987 535 3053 loco
553 2989 594 3054 ad
612 2988 749 3054 tribunal
767 2990 914 3068 accessit,
934 2999 997 3054 tum
1009 2984 1043 3050 dit

130 3080 276 3166 ‘quaero’
293 3081 394 3167 inquit
413 3082 467 3148 ‘de
486 3093 530 3162 te,
551 3081 591 3167 Q.
609 3082 705 3162 Fabi,
729 3106 801 3148 cum
820 3106 979 3149 summum
993 3082 1043 3164 inf

131 3175 291 3243 dictatoris
311 3177 352 3244 sit
367 3187 559 3263 pareantque
578 3178 607 3243 ei
620 3177 780 3256 consules,
798 3179 888 3266 regia
900 3185 1042 3265 potestas,

128 3280 212 3338 tores
230 3271 332 3339 isdem
350 3271 503 3360 auspiciis>
517 3272 632 3357 quibus
651 3272 796 3339 consules
811 3273 921 3351 creati,
941 3288 1043 3356 aequm

130 3386 200 3430 sess
225 3389 339 3446 necne,
376 3367 562 3455 magistrum
589 3368 730 3452 equitum
756 3367 841 3433 dioto
868 3369 1036 3433 audientem

93 3459 267 3544 uitamque
293 3462 371 3527 illud
396 3464 569 3551 interrogo,
597 3487 669 3536 cum
691 3486 742 3528 me
765 3463 892 3529 incertis
916 3456 1043 3548 auspiciis

129 3551 248 3618 fectum
266 3552 306 3620 ab
325 3556 419 3624 domo
438 3559 564 3636 scirem,
588 3567 693 3622 utrum
710 3557 788 3622 mihi
806 3556 940 3624 turbatis
957 3551 1043 3639 religit

130 3667 180 3711 res
202 3648 329 3733 publica
350 3651 384 3717 in
406 3652 572 3718 discrimen
596 3651 819 3718 committenda
841 3651 938 3717 fuerit
960 3667 1043 3717 anau

95 3761 111 3810 5
128 3743 313 3828 repetenda,
336 3769 376 3811 ne
394 3747 470 3832 quid
488 3746 592 3814 dubiis
610 3746 659 3812 dis
678 3746 825 3834 agerem?
851 3746 946 3813 simul
965 3741 1043 3816 illud,

127 3836 271 3903 dictatori
288 3840 398 3928 religio
416 3841 629 3928 inpedimento
643 3842 763 3907 adrem
776 3842 949 3930 gerendam
961 3834 1043 3910 ruent

128 3952 165 3996 ea
190 3933 342 4022 magister
363 3936 504 4022 equitum
526 3937 648 4003 solutus
670 3959 708 4002 ac
729 3935 810 4003 liber
830 3937 967 4024 potuerit
986 3949 1043 3998 esse

126 4026 203 4112 (1ῑιίἆ
228 4052 289 4117 ego
315 4030 394 4098 haec
419 4032 593 4120 interrogo,
620 4055 708 4112 cum,
737 4032 764 4099 si
787 4055 849 4120 ego
870 4033 982 4099 tacitus
1004 4021 1043 4092 abi
