2566 4524
299 267 420 324 amun
436 267 494 338 m,
513 267 554 322 cs.
568 268 609 322 cs.
630 267 867 341 [aoso-447]
1037 261 1100 329 185

77 428 213 518 producti
234 427 276 492 ad
296 426 449 513 populum
471 426 730 513 interrogatique,
754 428 782 493 si
804 451 857 494 eos
878 431 1015 516 populus
1032 433 1099 499 Ro-

77 547 195 601 manus,
218 543 340 586 memor
360 520 511 586 libertatis
533 543 591 607 per
607 521 677 586 illos
695 534 839 609 receptae
857 525 956 606 domi,
979 549 1100 593 memor

77 619 195 683 militiae
209 638 376 700 rerumque
389 627 559 702 gestarum,
579 616 723 682 consules
736 617 850 682 iterum
863 618 989 701 faceret,
1009 623 1099 706 quid-

77 735 144 778 nam
160 711 273 776 facturi
296 719 414 787 essent,
432 709 509 774 nihil
528 711 700 774 sententiae
718 733 794 776 suae
811 724 1001 794 mutassent,
1025 738 1098 781 con-
1115 736 1133 786 8

79 805 202 872 laudatis
221 803 417 883 consulibus,
436 805 522 888 quod
538 816 775 890 perseverarent
792 808 833 871 ad
846 807 991 874 ultimum
1005 810 1098 875 dissi·

83 902 158 966 niles
182 900 433 965 decemvirorum
456 921 540 976 esse,
564 900 690 964 comitia
706 899 817 965 habuit
834 911 866 966 et
891 903 1028 988 quinque
1045 905 1100 969 tri-

84 993 160 1060 bunis
186 993 273 1080 plebi
299 993 426 1072 creatis,
454 1015 526 1058 cum
551 1016 627 1080 prae
654 995 765 1060 studiis
794 1005 900 1081 aperte
924 999 1098 1083 petentium

86 1112 181 1155 novem
208 1088 402 1153 tribunorum
433 1088 485 1152 alii
517 1089 673 1152 candidati
703 1089 802 1154 tribus
832 1112 897 1155 non
927 1092 1096 1178 explerent,

87 1185 234 1248 concilium
265 1183 383 1247 dimisit
408 1204 467 1247 nec
493 1182 606 1246 deinde
633 1183 829 1248 comitiorum
855 1206 952 1249 causa
977 1184 1096 1250 habuit

86 1279 265 1342 satisfactum
287 1277 350 1362 legi
372 1275 489 1355 aiebat,
512 1298 593 1360 quae
610 1299 741 1342 numero
759 1300 915 1362 nusquam
932 1279 1096 1364 praefinito
1115 1300 1130 1348 9

87 1372 214 1450 tribunis,
240 1373 335 1436 modo
357 1382 392 1435 ut
413 1371 661 1455 relinquerentur
683 1372 817 1436 sanciret
839 1382 869 1437 et
895 1372 935 1438 ab
961 1373 1015 1452 iis,
1042 1373 1097 1457 qui

88 1467 165 1530 creati
181 1477 301 1544 essent,
320 1465 459 1551 cooptari
472 1465 609 1552 collegas
623 1464 758 1543 iuberet,
776 1465 990 1551 recitabatque
1004 1489 1096 1554 roga

88 1559 163 1626 tionis
183 1584 324 1638 carmen,
346 1561 475 1644 inquo:
500 1560 540 1624 ‘si
558 1559 699 1626 tribunos
716 1560 821 1646 plebei
839 1562 948 1626 decem
965 1563 1094 1649 rogabo,
1115 1582 1147 1631 10

88 1653 167 1738 siqui
183 1679 241 1720 vos
259 1655 363 1720 minus
380 1655 474 1720 hodie
492 1655 600 1719 decem
619 1654 761 1720 tribunos
778 1655 880 1742 plebis
899 1657 1049 1735 feceritis,
1071 1657 1095 1721 ii

88 1755 138 1813 lum
157 1751 214 1829 uti,
243 1772 322 1834 quos
346 1749 406 1814 sibi
432 1749 568 1836 collegas
595 1750 802 1836 cooptassint,
832 1760 869 1814 ut
893 1750 939 1814 illi
963 1750 1095 1835 legitimi

88 1843 176 1908 cadem
194 1845 264 1931 lege
282 1843 397 1909 tribuni
415 1842 518 1930 plebei
532 1843 608 1922 sint,
627 1854 662 1907 ut
675 1843 733 1921 illi,
752 1865 832 1927 quos
845 1843 938 1908 hodie
952 1843 1093 1908 tribunos

87 1935 170 2022 plebei
186 1938 341 2003 feceritis?
375 1937 514 2002 Duillius
538 1959 609 2002 cum
632 1938 674 2002 ad
696 1938 840 2002 ultimum
861 1946 1094 2023 perseverasset
1113 1960 1143 2008 11

89 2034 223 2116 negando,
244 2032 422 2117 quindecim
440 2033 580 2098 tribunos
599 2032 702 2118 plebei
719 2056 784 2097 rem
801 2032 960 2118 publicam
977 2033 1093 2098 habere

90 2142 179 2207 posse,
194 2128 275 2192 victa
293 2127 483 2213 collegarum
501 2128 670 2212 cupiditate
687 2128 803 2212 pariter
819 2127 961 2213 patribus
974 2125 1093 2213 plebei-

92 2236 139 2300 que
153 2233 294 2309 acceptus
316 2222 503 2308 magistratu
520 2222 607 2287 abiit.

135 2314 240 2380 LXV.
275 2315 358 2381 Novi
380 2314 496 2380 tribuni
517 2315 619 2402 plebis
636 2315 669 2379 in
688 2315 870 2400 cooptandis
889 2315 1018 2402 collegis
1035 2337 1092 2401 pa·
1111 2337 1124 2383 1

88 2412 150 2473 bum
162 2410 353 2475 voluntatem
365 2411 520 2488 foverunt,
535 2411 615 2474 duos
630 2409 724 2474 etiam
737 2409 884 2495 patricios
899 2410 1093 2475 consulares-

81 2518 131 2583 ·que
148 2502 202 2591 sp.
221 2505 391 2590 Tarpeium
413 2514 445 2569 et
460 2503 504 2569 A.
521 2503 690 2569 Aternium
713 2515 907 2589 cooptavere.
947 2503 1091 2569 consules
1110 2525 1126 2572 2

88 2600 162 2662 uati
188 2597 323 2684 Spurius
344 2599 545 2677 Herminius,
572 2599 611 2664 Τ.
631 2598 801 2686 Verginius
825 2597 1091 2675 Caelimontanus,

87 2688 145 2757 nihil
167 2717 358 2781 magnopere
384 2696 425 2759 ad
446 2704 571 2780 patrum
593 2705 648 2760 aut
668 2694 770 2780 plebis
793 2716 921 2758 causam
942 2691 1090 2769 inclinati,

85 2784 163 2853 otum
180 2791 266 2855 domi
284 2790 416 2855 ausoris
433 2788 582 2855 habuere.
617 2789 659 2854 L.
670 2789 846 2854 Trebonius
864 2788 1008 2874 tribunus
1026 2787 1092 2874 ple-
1110 2808 1125 2855 3

84 2872 123 2944 bis
136 2884 266 2950 infestus
284 2883 440 2970 patribus,
459 2885 544 2968 quod
562 2905 596 2947 se
610 2883 650 2949 ab
664 2884 702 2948 iis
715 2884 747 2948 in
762 2883 944 2968 cooptandis
959 2881 1090 2947 tribunis

82 2968 176 3043 fraude
193 2990 320 3064 captum
337 2979 557 3065 proditumque
575 3001 595 3042 a
612 2977 739 3063 collegis
758 2976 874 3054 aiebat,
897 2977 1090 3063 rogationem
1109 2998 1125 3043 4

85 3067 155 3148 tulit,
173 3074 277 3158 utqui
294 3073 418 3158 plebem
438 3073 614 3138 Romanam
632 3071 773 3135 tribunos
795 3071 881 3155 plebi
901 3080 1040 3155 rogaret,
1063 3070 1090 3134 is

85 3177 172 3245 usque
188 3187 222 3231 eo
237 3176 377 3254 rogaret,
396 3167 471 3231 dum
490 3167 598 3230 decem
615 3165 756 3229 tribunos
775 3162 878 3248 plebei
895 3162 1025 3239 faceret,
1044 3162 1091 3225 in-

81 3260 283 3345 sectandisque
308 3260 464 3346 patribus,
495 3261 578 3324 unde
604 3257 729 3345 Aspero
756 3258 849 3322 etiam
879 3255 1012 3320 inditum
1042 3265 1091 3320 est

79 3368 253 3439 cognomen,
271 3355 463 3420 tribunatum
481 3355 589 3441 gessit.

130 3447 206 3514 Inde
228 3448 277 3513 M.
302 3447 465 3536 Geganius
487 3447 668 3512 Macerinus
696 3455 727 3510 et
754 3444 792 3511 C.
814 3444 916 3509 Iulius
943 3444 1087 3510 consules
1110 3459 1126 3506 5

77 3533 140 3606 facti
161 3543 376 3609 contentiones
398 3542 592 3608 tribunorum
610 3542 761 3605 adversus
778 3537 930 3604 nobilium
947 3539 1092 3602 iuventu-

77 3634 130 3698 tern
153 3651 237 3702 ortas
265 3637 334 3702 sine
363 3637 566 3702 insectatione
595 3635 759 3721 potestatis
791 3634 871 3711 eius,
907 3641 1091 3698 conservata

77 3729 225 3795 maiestate
251 3743 376 3816 patrum
408 3732 567 3797 sedavere.
603 3728 726 3814 plebem
755 3728 879 3798 decreto
906 3728 947 3792 ad
972 3726 1123 3792 bellumt

77 3811 252 3891 Volscorum
274 3836 306 3889 et
322 3823 506 3910 Aequorum
529 3825 645 3889 dilectu
666 3822 848 3888 sustinendo
865 3844 931 3885 rem
950 3820 989 3886 ab
1008 3820 1090 3884 sedi-

77 3913 200 3985 tionibus
219 3920 412 3999 continuere,
432 3919 549 3985 urbano
568 3939 692 4003 quoque
709 3918 773 3982 otio
790 3917 866 3980 foris
885 3915 989 3980 omnia
1006 3924 1090 3977 tran-

77 4013 160 4095 ]uilla
185 4036 257 4080 csse
284 4015 497 4094 adfirmantes,
527 4036 585 4101 per
610 4013 781 4078 discordias
809 4011 915 4075 civiles
943 3986 1227 4258 emor
