2566 4524
142 242 205 309 184
359 254 546 324 uranum,
566 252 608 308 aa.
624 252 666 307 ec.
687 252 955 323 [aeneos-30⁷]

139 414 203 480 iam
230 423 297 479 tum
318 411 503 499 Apollinare
530 409 729 497 appellabant
751 449 794 459 -
816 432 990 476 avocavere
1016 420 1142 477 senatun.

106 510 195 578 subi
221 532 293 574 curn
318 508 439 595 ingenti
464 528 619 572 consensu
645 515 770 591 patmm
794 517 965 593 negaretur
984 506 1145 593 triumphus,

139 605 181 670 L.
199 603 307 669 Icilius
331 603 474 668 tribunus
496 600 596 687 plebis
620 600 690 664 tulit
712 601 753 664 ad
774 599 928 686 populum
952 600 991 666 de
1014 600 1146 688 triumpho

141 697 319 775 consulum,
355 696 461 760 multis
489 696 668 760 dissuasum
694 693 936 780 prodeuntibus,
968 694 1100 761 maxime
1120 692 1148 760 0.

142 791 277 857 Claudio
294 790 499 857 vociferante:
519 790 558 854 de
575 789 717 876 patribus
736 812 799 854 non
813 790 852 854 de
866 789 1014 856 hostibus
1028 790 1149 856 consules

108 906 123 954 9
142 886 333 972 triumphare
350 885 446 964 velle,
468 885 663 971 gratiamque
680 906 738 970 pro
755 884 878 969 privato
896 885 1009 950 merito
1025 885 1061 949 in
1076 882 1150 950 tribu-

140 1002 231 1057 num,
258 1002 322 1045 non
342 1003 400 1066 pro
422 977 536 1044 virtute
558 978 709 1044 honorem
730 978 804 1065 peti.
841 1002 1017 1062 numquam
1040 978 1151 1045 antedc

141 1074 299 1160 triumpho
320 1098 377 1161 per
397 1074 547 1160 populum
571 1083 689 1152 actum,
714 1096 838 1159 semper
854 1074 1103 1140 aestimationem
1116 1096 1153 1138 ar·
1188 1152 1191 1159 .

91 1187 123 1236 10
140 1166 329 1253 bitriumque
352 1170 419 1234 eius
441 1169 567 1234 honoris
590 1190 687 1254 penes
711 1179 854 1233 senatum
876 1168 988 1234 fuisse.
1025 1192 1066 1235 ne
1080 1190 1152 1256 reget
1188 1250 1191 1266 ¹

141 1263 268 1345 quidem
294 1264 489 1329 maiestatem
522 1262 638 1328 summi
669 1263 786 1327 ordinis
817 1263 1015 1328 inminuisse.
1060 1285 1098 1328 ne
1121 1263 1154 1327 ita

141 1359 246 1422 omnia
264 1358 379 1423 tribuni
396 1358 561 1445 potcstatis
588 1380 664 1422 suae
685 1358 853 1443 inplerent,
876 1368 911 1423 ut
929 1357 1054 1423 nullum
1070 1356 1154 1445 publi·

141 1472 212 1516 cum
231 1454 395 1518 consilium
414 1454 550 1517 sinerent
564 1474 643 1517 esse.
670 1451 715 1516 ita
728 1453 854 1516 demum
867 1450 1001 1517 liberam
1014 1452 1153 1517 civitaten

140 1544 222 1623 fore,
245 1546 289 1610 ita
307 1557 456 1631 aequatas
472 1547 575 1633 leges,
599 1546 627 1610 si
645 1570 703 1611 sua
720 1547 852 1631 quisque
873 1546 944 1611 iura
966 1546 1059 1626 ordo,
1082 1566 1152 1612 suam

91 1657 121 1705 11
141 1638 337 1704 maiestatem
352 1650 465 1706 teneat.
493 1641 526 1704 in
540 1640 672 1704 eandem
690 1640 875 1705 sententiam
893 1640 995 1705 multa
1011 1651 1045 1706 et
1061 1638 1148 1706 ceteris

140 1733 315 1800 senioribus
332 1745 457 1821 patrum
475 1757 548 1801 cum
566 1744 672 1800 essent
684 1735 781 1813 dicta,
801 1757 909 1800 omnes
923 1734 1025 1801 tribus
1040 1754 1150 1801 earnm

139 1830 297 1916 gationcm
320 1839 514 1916 acceperunt.
551 1840 618 1893 tum
639 1830 774 1915 primum
793 1830 860 1896 sine
878 1830 1064 1896 auctoritate
1080 1850 1150 1894 sena·

139 1935 190 1991 tus
207 1926 315 2012 populi
332 1927 421 1990 iussu
439 1924 664 2011 triumphatum
683 1935 740 1989 est.

109 2035 120 2080 1
203 2020 352 2083 LXIIlI.
379 2019 472 2084 Haeo
483 2020 614 2084 victoria
627 2018 822 2085 tribunorum
839 2018 1005 2106 plebisque
1022 2016 1150 2108 propein

138 2112 225 2177 haud
243 2112 400 2177 salubrem
417 2112 573 2177 luxuriam
586 2113 678 2179 vertit
692 2114 920 2200 conspiratione
933 2114 1016 2180 inter
1028 2114 1149 2180 tribrmos

139 2205 238 2284 facta,
261 2216 297 2271 ut
312 2207 398 2272 idom
417 2207 533 2272 tribuni
549 2208 750 2273 reficerentur
767 2218 811 2287 et,
834 2230 897 2293 quo
915 2232 974 2274 sua
988 2210 1096 2275 minus
1110 2227 1149 2271 cu·

139 2300 254 2387 piditas
277 2302 439 2381 emineret,
413 2301 648 2368 tconsulibus
676 2325 800 2388 quoque
827 2303 1045 2369 continuarent
1068 2298 1148 2387 magi·
1188 2318 1191 2370 ἑ

106 2407 282 2463 astratum.
319 2420 507 2463 consensum
525 2408 650 2484 patrum
668 2398 840 2463 causabant
827 2408 886 2476 t‚ur
909 2421 972 2482 quo
986 2422 1044 2484 per
1060 2408 1148 2464 contu
1188 2392 1191 2479 '3

106 2510 121 2559 a
139 2491 264 2556 meliam
278 2492 464 2557 consulum
455 2516 523 2557 1ura
531 2492 632 2578 plebis
641 2491 797 2558 labefacta
810 2502 923 2558 essent.
942 2494 1191 2585 quidfuturuu÷

139 2588 277 2652 nondum
299 2588 430 2652 firmatis
452 2586 643 2673 legibus,'
618 2610 645 2652 s1
667 2610 766 2654 novos
789 2587 928 2653 tribunos
948 2610 1006 2673 per
1022 2582 1147 2653 factionis
1186 2532 1191 2655 i

140 2705 214 2747 suas
241 2681 386 2746 consules
413 2681 514 2746 adorti
536 2682 660 2746 essent?
685 2683 853 2747 nonenim
876 2705 1002 2768 semper
1022 2679 1191 2767 Valerios}

139 2773 352 2858 Horatiosque
375 2774 520 2839 consules
542 2774 624 2853 fore,
648 2777 703 2860 qui
723 2776 859 2843 libertati
875 2776 976 2862 plebis
997 2800 1071 2843 suas
1088 2792 1191 2887 opet¹¹

138 2880 211 2953 post
199 2868 337 2933 t.ferrent

104 2987 122 3034 ι
202 2961 297 3027 Forte
324 2964 460 3047 quadam
485 2962 553 3028 utili
581 2965 660 3029 adt
647 2975 815 3052 tuempus
792 2966 983 3032 utcomitiis
1005 2960 1191 3054 praecauti
1189 3036 1191 3055 Ε

136 3057 334 3144 potissimum
355 3056 404 3123 M.
425 3058 546 3124 Duillio
569 3070 650 3124 sorte
673 3061 790 3139 evenit,
818 3061 884 3126 viro
905 3062 1052 3146 prudenti
1072 3070 1146 3126 etex

138 3153 368 3219 continuatione
389 3153 591 3240 magistratus
613 3154 763 3218 invidiam
784 3155 988 3220 inminentem
1015 3149 1145 3221 cemenb
1187 3152 1191 3175 ¹

104 3267 120 3314 5
138 3250 192 3333 qui
214 3272 286 3313 cum
309 3271 348 3313 ex
370 3247 528 3314 veteribus
551 3247 683 3314 tribunis
701 3260 831 3336 negaret
849 3271 883 3314 se
900 3249 994 3315 ullius
1012 3250 1146 3315 rationem

137 3344 331 3420 habiturum,
358 3354 595 3430 pugnarentque
622 3343 774 3431 collegae,
804 3353 838 3408 ut
825 3343 978 3409 tliberas
1005 3338 1130 3410 tribus
1122 3358 1146 3403 n
1187 3353 1191 3435 1

139 3436 324 3522 suffmgium
342 3437 477 3503 mitteret
494 3450 549 3503 aut
565 3437 749 3502 concederet
736 3446 878 3503 tsortem
891 3438 1086 3503 comitiorum
1098 3430 1147 3499 col·

137 3530 218 3617 legis
240 3528 393 3594 habituris
416 3553 434 3595 e
455 3530 525 3617 lege
547 3532 651 3618 potius
673 3532 799 3596 comitia
825 3554 918 3616 quam
940 3554 982 3597 ex
1002 3532 1147 3597 voluntate
1187 3494 1191 3590 l

104 3644 120 3693 6
137 3636 276 3733 patrum,
294 3623 408 3688 iniecta
425 3627 621 3691 contentione
633 3626 774 3692 Duillius
792 3626 936 3692 consules
954 3626 996 3691 ad
1014 3621 1191 3692 subsellis
1187 3612 1191 3657 ¹

136 3718 254 3784 accitos
277 3739 350 3782 cum
370 3718 606 3806 interrogasset,
634 3720 710 3804 quid
732 3720 772 3784 de
793 3721 926 3786 comitiis
944 3718 1145 3786 consularibus
1189 3728 1191 3750 ¹

135 3813 170 3879 in
187 3810 292 3877 animo
313 3809 477 3891 haberent,
499 3815 811 3899 respondissentque,
839 3837 873 3880 se
895 3838 994 3880 novos
1015 3810 1145 3880 consules
1189 3814 1191 3855 :

136 3916 310 3983 creaturos,
337 3916 480 3971 auctores
500 3908 667 3993 populares
694 3908 865 3975 sententiae
891 3908 977 3974 haud
1001 3902 1145 3995 populna

102 4022 119 4072 t
135 4012 262 4081 nactus,
279 4000 313 4065 in
330 3998 506 4067 contionem
524 4024 596 4067 cum
613 4005 652 4070 iis
669 4004 831 4091 processit.
859 4003 914 4068 ubi
926 4025 998 4068 cum
1016 3997 1145 4067 consules
