2566 4524
364 275 483 332 amna
499 277 553 349 vr,
571 277 613 333 ao.
633 275 785 349 [acam]
1025 269 1091 337 325
1187 347 1192 359 ,

82 450 103 506 et
110 437 243 528 proximi
260 445 382 502 vestem
394 443 559 503 mutarent.
586 433 651 522 Ap.
663 434 797 502 Claudio
808 436 843 502 in
855 436 981 506 vincula
994 439 1089 510 ducto
1107 460 1123 510 e

84 534 109 601 C.
122 532 287 600 Claudium
304 530 467 597 inimicum
486 529 716 615 Claudiamque
734 553 859 599 onmem
877 542 1004 621 gentem
1015 558 1090 602 -sor-

82 629 198 695 didatam
215 627 326 692 fuisse.
353 648 511 692 consensu
524 625 658 712 opprimi
669 627 855 714 popularem
867 629 984 710 virum,
1003 631 1090 715 quod

81 724 178 810 primus
196 747 216 789 a
232 720 375 809 patribus
392 721 434 787 ad
445 720 576 807 plebem
594 721 771 788 defecisset.
808 745 881 789 cum
903 725 970 790 dies
993 726 1088 806 venit,
1106 746 1124 794 4

82 841 143 903 quae
165 827 290 905 praeter
316 825 424 883 coetus
451 815 659 881 multitudinis
688 818 915 904 seditiosasque
941 843 1035 886 voees
1056 829 1090 886 et

81 912 257 1002 largitionem
275 921 306 977 et
323 905 421 978 fallax
437 911 589 976 indicium
605 911 793 999 pertinentia
808 915 933 1002 proprie
946 917 987 981 ad
999 916 1091 1004 regni

81 1009 178 1074 crimen
195 1008 236 1074 ab
255 1006 491 1076 accusatoribus
510 1006 632 1073 obiecta
651 1007 713 1073 sint
734 1031 802 1087 reo,
826 1011 911 1096 apud
931 1011 1091 1076 neminem

80 1113 221 1168 auctorem
240 1102 382 1182 invenio;
409 1124 468 1167 neo
491 1100 614 1180 dubito,
640 1101 726 1167 haud
751 1125 850 1191 parva
875 1104 990 1184 fuisse,
1018 1126 1124 1173 cuma

80 1198 231 1264 burnendi
257 1219 346 1265 mora
371 1197 457 1284 plebi
482 1220 547 1263 non
566 1197 600 1263 in
623 1219 732 1277 causa,
761 1199 817 1264 sed
835 1199 872 1263 in
893 1198 964 1266 loco
985 1200 1089 1266 fuerit.

78 1290 142 1359 illud
157 1293 329 1359 notandum
346 1292 480 1372 videtur,
498 1301 534 1357 ut
547 1292 647 1358 sciant
659 1292 816 1373 homines,
836 1315 916 1378 quae
931 1304 961 1359 et
974 1304 1091 1379 quanta

79 1386 175 1454 decora
191 1387 287 1453 foeda
299 1387 455 1473 cupiditas
469 1387 559 1474 regni
572 1409 636 1452 non
649 1387 773 1473 ingrata
786 1387 902 1474 solum,
922 1389 978 1454 sed
989 1389 1092 1455 invisa

79 1481 157 1548 etiam
173 1481 356 1548 reddiderit:
374 1481 518 1548 homines
531 1503 629 1568 prope
643 1482 889 1570 quadringentos
902 1484 1091 1569 produxisse
1109 1505 1124 1552 a

78 1576 184 1657 dicitur,
198 1576 314 1663 quibus
324 1577 391 1643 sinc
400 1577 527 1644 faenore
542 1598 696 1663 expensas
705 1578 855 1665 pecunias
866 1579 998 1658 tulisset,
1013 1603 1092 1665 quo-

77 1692 135 1737 rum
147 1671 230 1739 bona
241 1671 358 1750 venire,
378 1693 458 1756 quos
471 1671 546 1736 duci
559 1671 701 1736 addictos
713 1672 926 1758 prohibuisset
931 1700 940 1753 ;
959 1674 1091 1741 adhaec
1111 1696 1124 1742 r

77 1766 176 1833 decora
193 1789 318 1853 quoque
335 1765 411 1832 belli
423 1788 492 1831 non
509 1787 771 1832 commemorasse
792 1776 927 1847 tanturn,
947 1769 1003 1833 sed
1019 1791 1092 1854 pro-

77 1862 174 1927 tulisse
196 1863 291 1928 etiam
313 1861 547 1947 conspicienda,
575 1862 676 1948 spolia
696 1861 835 1927 hostium
861 1885 1024 1928 caesorum
1052 1863 1093 1928 ad

77 1956 203 2044 triginta,
222 1957 306 2021 dona
322 1956 546 2042 imperatorum
564 1957 605 2021 ad
622 1957 843 2044 quadraginta,
862 1957 895 2022 in
912 1957 1026 2042 quibus
1044 1956 1094 2021 in·

77 2053 170 2140 signes
193 2052 273 2117 duas
294 2049 430 2116 murales
454 2073 600 2130 coronas,
628 2052 743 2118 civicas
767 2060 846 2118 octo.
883 2053 1005 2119 adhoc
1028 2069 1126 2118 ser-8

77 2157 153 2214 ratos
172 2169 212 2212 ex
230 2145 374 2213 hostibus
393 2147 478 2212 cives
490 2147 653 2233 produxit,
672 2146 753 2212 inter
766 2169 845 2231 quos
861 2145 899 2212 C.
912 2145 1091 2226 Servilium,

77 2242 250 2329 nagistrum
268 2240 408 2325 equitum
421 2240 585 2307 absentem
598 2241 802 2305 nominatum.
834 2248 865 2305 et
879 2262 951 2304 cum
965 2263 1002 2304 ea
1015 2262 1093 2324 quo·
1215 2314 1218 2321 ¹

77 2358 141 2422 pue,
159 2357 241 2422 quae
257 2334 342 2401 bello
360 2344 451 2422 gesta
469 2344 588 2413 essent,
604 2356 664 2420 pro
681 2333 811 2420 fastigio
828 2355 933 2398 rerum
953 2333 1092 2399 oratione

77 2431 159 2497 ttiam
185 2429 354 2517 magnifica
379 2429 464 2495 facta
486 2430 578 2495 dictis
601 2428 766 2514 aequando
788 2434 1007 2506 memorasset,
1035 2450 1094 2492 nu-

77 2525 157 2591 lasse
174 2526 286 2611 peetus
304 2524 428 2611 insigne
446 2523 642 2590 cicatricibus
664 2522 747 2589 bello
770 2522 907 2608 acceptis
930 2531 961 2587 et
980 2520 1093 2586 identi-
1112 2541 1126 2588 9

77 2620 138 2686 lem
155 2618 349 2706 Capitolium
371 2629 517 2705 spectans
534 2619 645 2685 Iovem
668 2619 807 2703 deosque
826 2618 903 2684 alios
922 2619 1095 2684 devocasse

77 2715 104 2782 td
135 2713 289 2783 auxilium
319 2713 516 2779 fortunarum
546 2737 675 2780 suarum
704 2723 913 2800 precatusque
941 2734 1026 2791 esse,
1060 2719 1097 2775 ut
1215 2779 1218 2786 ,

77 2833 160 2896 pram
184 2817 322 2873 mentem
344 2808 405 2874 sibi
425 2807 636 2894 Capitolinam
658 2832 761 2875 arcem
782 2807 960 2896 protegenti
983 2807 1024 2873 ad
1046 2827 1097 2878 sve.

77 2915 165 2973 utem
182 2903 292 2991 populi
310 2903 446 2969 Romani
467 2903 641 2984 dedissent,
669 2926 739 2970 eam
762 2904 878 2991 populo
897 2904 1041 2970 Romano
1063 2901 1098 2967 in

77 3023 122 3067 uo
136 2998 318 3065 discrimine
331 2999 454 3077 darent,
473 3007 505 3064 et
521 3021 628 3064 orasse
647 2998 788 3086 singulos
807 2999 1043 3081 universosque,
1062 3003 1098 3060 ut

77 3093 261 3180 lapitolium
284 3102 377 3176 atque
394 3115 500 3158 arcem
517 3093 687 3171 intuentes,
710 3101 746 3156 ut
763 3092 803 3156 ad
821 3092 897 3155 deos
915 3089 1096 3154 inmortales

77 3187 152 3259 yersi
169 3188 209 3257 de
228 3211 263 3254 se
280 3188 462 3253 iudicarent
498 3187 531 3251 in
549 3209 660 3274 campo
674 3186 792 3251 Martio
811 3207 883 3250 cum
901 3182 1097 3248 centuriatim
1116 3201 1148 3250 10

77 3283 205 3373 »opulus
223 3282 371 3348 citaretur
389 3292 421 3346 et
436 3304 510 3348 reus
524 3283 564 3347 ad
580 3280 772 3369 Capitolium
785 3303 897 3345 manus
912 3278 1043 3343 tendens
1057 3275 1097 3343 ab

77 3375 248 3446 ominibus
275 3375 317 3441 ad
342 3376 419 3442 deos
444 3398 555 3462 preces
582 3377 760 3454 avertisset,
788 3374 931 3462 apparuit
953 3371 1097 3450 tribunis,

77 3473 125 3546 isi
153 3470 264 3538 oeulos
291 3492 416 3556 quoque
442 3471 606 3536 hominum
631 3469 818 3536 liberassent
844 3468 922 3534 tenti
948 3466 1100 3533 memoria

77 3567 205 3644 scotis,
227 3587 401 3650 numquam
424 3565 491 3631 fore
508 3566 542 3630 in
559 3564 796 3652 praeoccupatis
814 3562 967 3629 beneficio
985 3560 1098 3626 animis
1185 3627 1187 3630 ,

77 3684 141 3733 'ero
164 3660 289 3727 crimini
309 3660 424 3726 locum.
459 3661 503 3726 ita
519 3661 662 3747 prodicta
679 3661 730 3725 die
747 3659 781 3723 in
798 3657 977 3723 Petelinum
991 3655 1099 3721 lucum
1118 3673 1149 3722 11

77 3768 157 3827 xtra
179 3764 304 3843 portam
320 3754 578 3835 Flumentanam,
600 3755 685 3820 unde
708 3761 896 3840 conspectus
918 3752 952 3816 in
971 3750 1100 3836 Capito-

77 3856 144 3927 ium
162 3860 345 3931 uocasset,
364 3849 530 3918 concilium
547 3850 657 3936 populi
673 3849 825 3916 indictum
839 3856 896 3916 est.
922 3846 968 3912 ibi
981 3844 1100 3910 crimen

77 3948 181 4028 raluit,
214 3956 247 4013 et
276 3945 442 4013 obstinatis
470 3945 583 4012 animis
610 3944 697 4011 triste
723 3944 874 4010 iudicium
899 3939 1100 4019 invisumque

77 4044 165 4111 tiam
187 4040 344 4109 iudicibus
366 4041 496 4108 factum.
533 4050 607 4107 sunt
624 4040 679 4126 qui
695 4062 752 4127 per
768 4035 967 4112 duumviros,
989 4028 1044 4116 qui
1061 4027 1100 4094 de
1120 4045 1151 4115 rr
