2566 4524
127 235 194 301 322
355 242 475 298 LIBER
490 242 547 313 VI,
565 241 608 296 ll.
622 241 663 296 18.
683 241 935 318 [accusauit]

130 404 267 494 agminis
287 400 452 469 Gallorum
473 424 532 489 per
549 400 718 488 Tarpeiam
739 421 851 486 rupem
874 401 1068 467 scandentis?
1088 425 1135 468 nou

129 500 232 588 ipsius
253 495 301 563 M.
320 496 436 575 Manli,
464 496 590 581 qualem
614 517 687 560 eum
708 503 864 560 armatum
886 495 1016 582 plenum
1037 496 1135 563 sudoris

131 616 170 661 ac
191 591 353 681 sanguinis
375 590 446 676 ipso
463 612 564 678 paene
581 590 659 656 Iove
677 599 784 676 erepto
802 611 842 656 ex
858 588 1000 657 hostium
1016 590 1136 658 manibus

95 686 303 761 svidissent?
329 684 502 752 selibrisne
515 684 608 750 farris
625 683 761 772 gratiam
779 683 931 750 servatori
947 685 1066 773 patriae
1078 685 1137 753 rela-

131 780 216 848 tam?
241 789 272 847 et
293 800 388 865 quem
404 800 503 866 prope
521 777 703 857 caelestem,
726 778 913 865 cognomine
931 788 1018 846 certe
1035 778 1137 869 Capito

130 876 196 942 lino
212 874 284 941 Iovi
300 896 410 961 parem
428 873 572 950 fecerint,
592 895 665 937 eum
680 873 748 958 pati
764 872 905 939 vinctum
922 873 958 940 in
973 875 1137 954 carcerata

132 970 269 1039 tenebris
287 970 459 1037 obnoxiam
472 968 626 1035 carnificis
640 969 768 1035 arbitrio
781 969 896 1035 ducere
909 971 1066 1037 animam
1078 970 1135 1038 edes

131 1068 166 1133 in
187 1089 250 1133 uno
272 1064 419 1132 omnibus
442 1064 518 1132 satis
537 1063 645 1130 amitii
662 1063 777 1144 fuisse,
798 1062 919 1130 nullam
937 1087 1032 1152 opem
1048 1067 1138 1132 mum

29 1196 35 1203 ·
133 1162 242 1228 multis
260 1160 314 1225 uni
331 1160 423 1226 esse?

99 1277 115 1326 s
196 1256 267 1322 Iam
292 1278 333 1321 ne
359 1262 452 1321 nocte
477 1253 606 1338 quidem
628 1252 721 1319 turba
742 1275 783 1319 ex
804 1275 842 1320 eo
863 1253 934 1320 loco
957 1253 1140 1332 dilabebatur,

131 1350 385 1435 refracturosque
412 1370 569 1415 carcerem
595 1347 807 1426 minabantur,
844 1370 917 1413 cum
947 1349 1090 1429 remisso,
1116 1347 1141 1414 id

133 1445 220 1530 quod
241 1444 377 1532 erepturi
399 1452 500 1522 erant,
525 1464 565 1508 ex
583 1451 711 1508 senatus
730 1441 872 1508 consulto
889 1441 1035 1510 Manlius
1050 1441 1140 1511 vinclis

131 1539 291 1606 liberatur.
328 1562 390 1624 quo
412 1538 497 1604 facto
519 1560 583 1603 non
606 1536 717 1603 seditio
734 1536 836 1616 finita,
859 1537 916 1603 sed
934 1539 1001 1604 dux
1019 1535 1143 1606 seditioni

134 1634 228 1699 datus
246 1646 304 1698 est.

100 1753 115 1798 ⁷
197 1727 262 1793 Per
287 1727 415 1793 eosdem
442 1727 509 1792 dies
535 1725 661 1792 Latinis
688 1736 720 1792 et
745 1726 894 1792 Hernicis
921 1727 1018 1794 simul
1044 1726 1142 1795 colonis

135 1824 369 1892 Circeiensibus
388 1834 419 1890 et
437 1822 613 1902 aVelitris,
631 1822 839 1911 purgantibus
858 1818 893 1890 se
905 1822 1019 1892 Volsci
1036 1822 1144 1891 crimino

134 1918 209 1985 belli
226 1919 430 2004 captivosque
443 1916 665 2004 repetentibus,
684 1927 719 1983 ut
732 1918 799 1985 suis
811 1917 936 2006 legibus
948 1919 984 1984 iu
998 1941 1053 1987 eos
1065 1917 1145 1985 anim·

134 2013 341 2090 adverterent,
356 2012 457 2077 tristia
468 2034 621 2098 responsa
633 2013 763 2093 reddita,
782 2012 918 2079 tristiora
931 2013 1061 2095 colonis,
1077 2008 1163 2099 quod·

135 2105 220 2171 cives
238 2104 375 2170 Romani
396 2106 516 2193 patriae
537 2107 768 2196 oppugnandae
783 2106 923 2173 nefanda
939 2109 1071 2177 consilia
1085 2105 1146 2174 inis·

99 2217 116 2268 8
135 2207 213 2266 sent
239 2221 304 2264 non
320 2209 471 2288 negatum
487 2201 593 2286 itaque
609 2210 732 2267 tantmn
744 2201 784 2267 de
797 2202 944 2289 captivis,
963 2203 1037 2283 sed,
1054 2203 1146 2287 inqu

133 2293 174 2360 ab
193 2294 288 2361 sociis
306 2303 411 2360 tamen
428 2303 692 2381 temperaverunt,
711 2296 930 2363 denuntiatum
948 2308 1076 2365 senatus
1091 2316 1148 2364 res·
1180 2338 1183 2367 ι

133 2387 197 2467 bis,
219 2388 414 2456 facesserent
433 2412 567 2477 propere
590 2412 630 2455 ex
650 2389 729 2457 urbe
747 2390 788 2457 ab
806 2412 859 2457 ore
877 2400 972 2477 atque
990 2392 1089 2460 oculis
1103 2411 1148 2479 po·

132 2483 200 2570 puli
221 2483 372 2564 Romani,
399 2506 439 2550 ne
464 2483 543 2550 nihil
568 2507 623 2550 eos
649 2484 815 2572 legationis
837 2485 901 2566 ius,
930 2496 1075 2567 externo,
1098 2506 1150 2551 nou

134 2577 196 2644 civi
214 2588 432 2664 conparatum,
451 2587 581 2666 tegeret.
1180 2604 1183 2633 =

101 2701 114 2748 1
197 2672 329 2738 XVIII.
365 2672 619 2739 Recrudescente
637 2673 800 2741 Manliana
823 2674 976 2742 seditione
1000 2675 1061 2742 sub
1078 2673 1151 2742 exitu

134 2767 210 2833 anni
236 2766 363 2832 comitia
389 2766 497 2833 habita
522 2768 680 2854 creatique
707 2768 824 2835 tribuni
849 2769 985 2835 militum
1008 2766 1152 2838 consulari

133 2869 289 2947 potestate
308 2858 439 2927 Servius
459 2860 625 2929 Cornelius
643 2862 875 2951 Maluginensis
892 2864 1024 2944 iterum,
1046 2863 1085 2930 Ρ.
1097 2860 1152 2930 Va·

132 2953 229 3021 lerius
246 2953 371 3020 Potitus
389 2956 517 3036 iterum,
535 2955 584 3023 Μ.
601 2957 717 3023 Furius
737 2957 891 3025 Camillus
908 2958 1072 3043 quintum,
1090 2955 1154 3025 Ser·

133 3049 204 3115 rius
232 3048 393 3138 Sulpicius
418 3052 525 3118 Rufus
551 3053 677 3133 iterum,
706 3051 744 3120 C.
766 3051 913 3140 Papirius
942 3051 1097 3136 Crassus,
1121 3050 1153 3118 Τ.

99 3143 302 3231 uQuinotius
330 3145 537 3214 Cincinnatus
562 3148 685 3215 iterum.
730 3147 820 3214 cuius
850 3147 1007 3236 principio
1034 3149 1153 3217 auniet

131 3242 273 3330 patribus
300 3253 332 3309 et
356 3243 443 3331 plebi
467 3253 678 3331 peroportune
703 3252 833 3310 externa
856 3266 922 3331 pax
948 3245 1040 3313 data:
1070 3241 1152 3334 plebi.

133 3337 220 3421 quod
236 3359 300 3403 non
318 3348 449 3404 avocata
467 3338 583 3405 dilectu
601 3360 689 3426 spem
707 3339 804 3431 cepit,
826 3337 903 3404 dum
919 3346 987 3404 tam
1005 3349 1154 3428 potentem

132 3428 263 3496 haberet
275 3430 403 3512 ducem,
422 3432 559 3499 faenoris
572 3433 790 3519 expugnandi3
806 3431 960 3519 patribus,
978 3455 1022 3500 ne
1036 3457 1099 3521 quo
1110 3453 1153 3500 ex·

134 3535 223 3592 terno
250 3535 367 3592 terrore
393 3539 598 3596 avocarentur
623 3527 720 3594 animi
746 3527 786 3594 ab
810 3526 959 3595 sanandis
982 3526 1153 3597 domesb'cis

100 3619 234 3688 ematis.
269 3619 366 3708 igitur
392 3643 465 3688 cum
489 3645 562 3710 pars
589 3631 721 3707 utreque
747 3621 848 3689 acrior
873 3621 1038 3708 aliquanto
1060 3628 1152 3690 ooorb

133 3724 231 3793 esset,
258 3715 321 3780 iam
342 3716 554 3804 propinquum
571 3727 729 3783 certamen
750 3718 873 3798 aderat3
899 3726 932 3784 et
948 3715 1092 3785 Manlius
1106 3712 1152 3783 ad·

132 3818 245 3876 vocata
262 3810 393 3878 domum
408 3812 502 3899 plebe
520 3835 593 3880 cum
610 3812 804 3900 principibus
821 3812 1043 3880 novandarum
1059 3828 1152 3879 rerum

131 3903 268 3970 interdiu
285 3917 443 3993 noctuque
461 3907 592 3973 consilia
604 3907 715 3995 agitat,
734 3907 856 3995 plenior
863 3907 1033 3993 aliquanto
1046 3906 1150 3973 animu-

9 4089 11 4093 γ
95 4017 202 4068 trum
218 3999 398 4088 irarumque
415 4023 511 4089 quam
529 4012 622 4070 antea
638 4001 750 4069 fuerat.
776 4002 857 4070 iram
870 4002 1056 4070 accenderat
1072 4000 1149 4088 igne,
