2566 4524
83 268 86 272 ’
150 273 214 340 380
430 282 548 337 mana
564 281 900 353 v11,30.[au.e.411]

149 444 247 510 miore
274 442 400 508 vinculo
426 450 584 507 contracta
614 450 708 505 esset.
752 449 828 505 tunc
859 441 958 520 enim,
995 452 1029 508 ut
1057 443 1154 529 quiex
1190 426 1194 439 Ι

151 561 252 624 aequo
279 561 337 604 nos
363 535 489 603 venisse
519 537 553 600 in
583 534 753 601 amicitiam
784 535 1052 618 meminissemus,
1085 537 1155 606 amici

150 633 284 701 forsitan
308 631 425 718 pariter
451 652 488 696 ac
513 652 613 708 nunc,
649 629 782 696 subiecti
812 639 908 715 atque
935 630 1064 698 obnoxii
1086 631 1155 700 vobis

116 748 132 797 a
150 728 254 793 minus
273 747 430 792 essemus:
448 746 545 803 nunc,
565 723 779 791 misericordia
795 733 902 790 vestra
919 726 1075 792 conciliati
1089 727 1156 794 auni-

150 823 256 907 lioque
272 822 307 886 in
324 819 428 885 dubiis
446 819 541 886 rebus
559 819 697 898 defensi,
720 819 908 885 beneficium
926 843 1054 907 quoque
1070 844 1156 909 accep

151 927 217 982 tum
241 914 380 981 colamus
403 923 538 1000 oportet,
564 936 605 980 ne
626 913 741 1002 ingrati
764 924 857 999 atque
880 916 968 980 omni
991 939 1052 1003 ope
1073 915 1156 982 divina

116 1032 134 1080 4
150 1011 351 1094 humanaque
368 1009 491 1096 indigni
508 1009 680 1074 videamur.
707 1031 809 1094 neque
827 1009 971 1089 hercule,
990 1010 1075 1096 quod
1086 1007 1157 1077 Sam·

150 1106 231 1171 nites
248 1106 369 1191 priores
387 1104 480 1170 amici
498 1103 636 1187 sociique
654 1103 745 1170 vobis
763 1104 839 1170 facti
857 1114 945 1184 sunt,
969 1106 1012 1171 ad
1028 1106 1061 1171 id
1076 1105 1157 1172 valere

151 1200 292 1279 arbitror,
311 1221 352 1266 ne
369 1221 428 1265 nos
445 1200 479 1263 in
497 1198 665 1265 amicitiam
684 1199 882 1286 accipiamur,
903 1200 962 1266 sed
978 1210 1015 1266 ut
1028 1207 1158 1267 vetustate

151 1305 182 1361 et
213 1296 314 1382 gradu
343 1293 471 1360 honoris
501 1316 559 1359 nos
589 1302 758 1380 praestent.
802 1317 904 1379 neque
936 1295 1023 1362 enim
1056 1294 1159 1363 foedere

152 1388 357 1467 Samnitium,
379 1411 420 1455 ne
441 1410 506 1473 qua
521 1411 605 1454 nova
622 1389 792 1476 iungeretis
811 1389 953 1468 foedera,
977 1399 1102 1456 cautum
1115 1396 1160 1455 est.

116 1505 133 1554 s
150 1483 210 1549 fuit
232 1483 360 1567 quidem
382 1482 467 1569 apud
488 1504 545 1548 vos
565 1505 688 1569 semper
706 1483 782 1549 satis
799 1482 883 1550 iusta
901 1505 999 1553 causa
1017 1482 1159 1560 amicitiae,

117 1577 232 1647 evelle
250 1600 323 1643 eum
340 1576 432 1642 vobis
455 1576 590 1642 amicum
612 1599 696 1656 esse,
724 1577 779 1660 qui
800 1600 858 1644 vos
882 1587 1060 1665 appeteret:
1086 1577 1161 1669 Cam

149 1672 239 1758 pani,
259 1671 318 1736 etsi
335 1671 461 1737 fortuna
477 1693 627 1758 praesens
644 1671 811 1760 magnifice
829 1672 916 1756 loqui
933 1673 1094 1759 prohibet,
1113 1692 1161 1738 non

151 1765 237 1832 urbis
256 1767 475 1853 amplitudine,
497 1790 562 1833 non
580 1767 648 1853 agri
664 1767 806 1833 ubertate
827 1767 884 1831 ulli
904 1769 1026 1854 populo
1048 1776 1162 1857 praeter

150 1884 247 1945 quam
268 1862 359 1929 vobis
382 1864 543 1941 cedentes,
570 1862 655 1928 haud
677 1885 788 1948 parva,
815 1872 850 1926 ut
872 1861 1021 1943 arbitror,
1045 1860 1161 1933 accessu

117 1975 131 2023 ι
151 1955 242 2022 bonis
261 1956 355 2022 rebus
369 1957 482 2022 vestris
496 1958 530 2020 in
543 1956 712 2022 amicitiam
724 1957 868 2022 venimus
882 1966 1034 2023 vestram.
1060 1954 1161 2043 Aaqrir'
1189 1949 1194 1993 ²

150 2048 353 2132 Volscisque,
373 2051 506 2117 aeternis
524 2050 668 2118 hostibus
686 2051 780 2118 huius
792 2051 894 2131 urbis,
917 2054 1164 2149 quandocunque

152 2164 186 2207 se
209 2143 375 2222 moverint,
404 2143 443 2210 ab
466 2155 555 2232 tergo
581 2147 697 2212 erimus
725 2155 769 2224 et,
797 2147 882 2231 quod
909 2169 968 2214 vos
996 2169 1055 2235 pro
1080 2136 1159 2214 salntt'

149 2247 256 2303 nostra
273 2239 392 2325 priores
411 2239 562 2318 feceritis,
581 2240 613 2305 id
630 2262 689 2306 nos
702 2262 759 2326 pro
772 2240 903 2326 imperio
917 2251 1027 2309 vestro
1040 2253 1071 2310 et
1082 2238 1159 2330 glutit
1186 2310 1188 2317 ,

116 2348 276 2417 esemper
297 2332 459 2398 faciemus.
506 2333 644 2399 subactis
667 2333 717 2400 his
740 2334 902 2421 gentibus,
926 2357 1010 2420 quae
1027 2338 1103 2403 mter
1115 2350 1157 2399 not
1188 2346 1193 2355 '

150 2449 271 2512 vosque
290 2439 376 2507 sunt,
400 2429 485 2513 quod
502 2451 599 2514 prope
618 2428 701 2493 diem
719 2428 860 2494 futurum
878 2431 1016 2516 spondet
1034 2443 1065 2497 et
1081 2430 1156 2495 virtu

151 2531 182 2586 et
195 2523 321 2588 fortuna
334 2533 453 2602 vestra,
473 2524 633 2589 continens
647 2524 812 2610 imperium
830 2547 933 2609 usque
950 2526 993 2590 ad
1011 2550 1068 2593 nos
1084 2522 1155 2589 habe

117 2615 234 2683 ebitis.
279 2617 427 2683 acerbum
449 2640 487 2684 ac
508 2618 659 2683 miserum
681 2627 743 2695 est,
767 2619 852 2701 quod
870 2618 963 2684 fateri
980 2644 1040 2686 nos
1057 2621 1155 2685 focan
1185 2646 1193 2675 r

150 2732 258 2776 nostra
285 2713 382 2798 cogit:
415 2735 452 2779 eo
475 2722 603 2781 ventum
631 2722 692 2790 est,
723 2724 828 2798 patres
856 2715 1041 2801 conscripti,
1068 2724 1098 2778 ut
1118 2712 1184 2775 aut*

101 2823 134 2873 10
152 2807 323 2871 amicorum
342 2817 396 2872 aut
412 2807 610 2874 inimicorum
629 2806 784 2895 Campani
808 2808 922 2875 simus:
951 2811 979 2874 si
1002 2804 1152 2882 defenditis
1178 2820 1186 2842 ¹

151 2900 261 2977 vestri,
290 2901 318 2964 si
340 2901 496 2981 deseritis,
522 2900 710 2968 Samnitium
734 2903 864 2982 erimus3
892 2903 1040 2990 Capuam
1058 2898 1152 2990 ergotl
1183 2899 1194 2906 ’

152 2993 361 3080 Campaniam
383 3018 508 3062 omnem
530 2999 643 3064 vestris
666 3021 707 3062 an
731 2995 922 3063 Samnitium
945 2998 1066 3065 viribus
1089 3010 1151 3062 cett·
1178 3062 1194 3076 ,,

99 3105 130 3155 11
151 3088 225 3154 dere
243 3090 374 3169 malitis,
399 3090 577 3156 deliberate.
623 3091 768 3158 omnibus
787 3093 930 3176 quidem,
953 3092 1100 3169 Romani,
1116 3104 1150 3152 11·
1181 3119 1194 3129 ·

150 3193 247 3249 stram
278 3184 523 3252 misericordiam
554 3197 756 3271 vestrumque
788 3186 941 3251 auxilium
972 3178 1149 3272 aequum&
1176 3234 1178 3243 ,

148 3289 204 3363 pat
205 3301 271 3356 ere,
298 3280 338 3344 iis
360 3290 466 3346 tamen
487 3281 637 3358 maxime,
665 3282 734 3365 qui,
762 3303 833 3346 eam
855 3280 1082 3367 inplorantibus
1103 3270 1148 3342 all
1179 3278 1194 3318 ²

150 3373 303 3437 auxilium
322 3376 397 3439 dum
417 3398 511 3461 supra
528 3377 611 3442 vires
630 3399 704 3442 suas
718 3397 810 3462 praes
811 3385 892 3454 tant,
913 3374 1054 3463 (omnes)
1068 3364 1148 3460 ipsilt
1175 3372 1194 3453 s·

98 3483 131 3531 ιι
149 3465 232 3531 hanc
245 3469 367 3533 necessi
368 3479 463 3534 tatem
473 3481 634 3535 venerunt.
654 3493 844 3555 quamquam
858 3472 1070 3557 pugnavimus
1081 3458 1194 3563 vedt

122 3581 207 3644 pro
224 3557 388 3642 Sidicinis,
406 3587 512 3650 repro
529 3565 635 3643 nobis,
654 3587 726 3630 cum
744 3565 923 3630 videremus
941 3565 1099 3631 finitimum
1111 3573 1147 3643 pt·
1175 3531 1194 3602 [

148 3653 259 3737 pulum
281 3656 402 3724 nefario
424 3657 586 3725 latrocinio
610 3656 743 3724 Samnit
722 3669 801 3723 trum
826 3659 891 3744 peti
915 3668 961 3737 et,
989 3659 1045 3725 ubi
1064 3646 1146 3722 conl*

148 3759 293 3835 grassent
305 3748 450 3829 Sidicini,
470 3754 510 3818 ad
524 3776 581 3819 nos
595 3754 796 3819 traiecturum
809 3753 888 3817 illud
900 3752 1076 3817 incendium
1090 3758 1143 3810 0⁸³⁰·
1175 3792 1177 3825 ς

98 3863 130 3912 13
148 3865 207 3909 nec
225 3845 309 3909 enim
327 3869 426 3925 nune,
445 3848 520 3930 quia
537 3848 670 3915 dolent
661 3847 808 3913 iniuriam
826 3858 990 3933 acceptam
1010 3838 1142 3913 samnius
1188 3860 1191 3865 ’

148 3939 204 4003 sed
222 3940 296 4022 quia
313 3941 468 4026 gaudent,
488 3941 625 4008 oblatam
639 3943 699 4008 sibi
713 3965 784 4008 esse
797 3964 942 4020 causam,
963 3941 1140 4050 oppugntlffl

98 4050 131 4098 14
148 4053 206 4097 nos
225 4033 363 4100 veniunt.
410 4059 464 4115 an,
488 4037 515 4102 si
537 4037 592 4102 ult
571 4046 614 4104 tro
637 4038 701 4104 irae
723 4037 852 4104 haecet
839 4049 933 4104 tnon
951 4034 1067 4103 occasio
1081 4016 1138 4108 ctlp't
1177 4034 1194 4075 ¹
