<?xml version="1.0" encoding="UTF-8"?>
<!DOCTYPE html PUBLIC "-//W3C//DTD XHTML 1.0 Transitional//EN"
    "http://www.w3.org/TR/xhtml1/DTD/xhtml1-transitional.dtd">
<html xmlns="http://www.w3.org/1999/xhtml" xml:lang="en" lang="en">
 <head>
  <title>
</title>
<meta http-equiv="Content-Type" content="text/html;charset=utf-8" />
  <meta name='ocr-system' content='tesseract 3.04.00' />
  <meta name='ocr-capabilities' content='ocr_page ocr_carea ocr_par ocr_line ocrx_word'/>
</head>
<body>
  <div class='ocr_page' id='page_1' title='image "./titiliviaburbec01weisgoog_0335.png"; bbox 0 0 2566 4524; ppageno 0'>
   <div class='ocr_carea' id='block_1_1' title="bbox 148 229 929 309">
    <p class='ocr_par' dir='ltr' id='par_1_1' title="bbox 148 229 929 309">
     <span class='ocr_line' id='line_1_1' title="bbox 148 229 929 309; baseline -0.001 -14"><span class='ocrx_word' id='word_1_1' title='bbox 148 229 212 296; x_wconf 86' lang='grc'>248</span> <span class='ocrx_word' id='word_1_2' title='bbox 396 239 515 295; x_wconf 88' lang='lat' dir='ltr'>LIBER</span> <span class='ocrx_word' id='word_1_3' title='bbox 531 239 604 309; x_wconf 90' lang='lat' dir='ltr'>IIII,</span> <span class='ocrx_word' id='word_1_4' title='bbox 622 237 665 293; x_wconf 86' lang='grc'>58.</span> <span class='ocrx_word' id='word_1_5' title='bbox 678 237 722 293; x_wconf 85' lang='grc'>59.</span> <span class='ocrx_word' id='word_1_6' title='bbox 741 239 781 305; x_wconf 92' lang='lat' dir='ltr'>[a.</span> <span class='ocrx_word' id='word_1_7' title='bbox 790 254 818 294; x_wconf 90' lang='lat' dir='ltr'>u.</span> <span class='ocrx_word' id='word_1_8' title='bbox 829 254 854 293; x_wconf 85' lang='lat' dir='ltr'>c.</span> <span class='ocrx_word' id='word_1_9' title='bbox 865 237 929 308; x_wconf 80' lang='lat'>348]</span> 
     </span>
    </p>
   </div>
   <div class='ocr_carea' id='block_1_2' title="bbox 97 395 1203 3417">
    <p class='ocr_par' dir='ltr' id='par_1_2' title="bbox 113 395 1165 673">
     <span class='ocr_line' id='line_1_2' title="bbox 113 395 1165 488; baseline -0.007 -18"><span class='ocrx_word' id='word_1_10' title='bbox 113 400 248 488; x_wconf 79' lang='lat' dir='ltr'>aprime</span> <span class='ocrx_word' id='word_1_11' title='bbox 270 421 395 485; x_wconf 93' lang='lat' dir='ltr'>quoque</span> <span class='ocrx_word' id='word_1_12' title='bbox 417 399 468 462; x_wconf 93' lang='lat' dir='ltr'>die</span> <span class='ocrx_word' id='word_1_13' title='bbox 491 398 532 462; x_wconf 87' lang='lat' dir='ltr'>ad</span> <span class='ocrx_word' id='word_1_14' title='bbox 552 396 704 483; x_wconf 91' lang='lat' dir='ltr'>populum</span> <span class='ocrx_word' id='word_1_15' title='bbox 729 395 856 461; x_wconf 81' lang='lat' dir='ltr'>ferrent.</span> <span class='ocrx_word' id='word_1_16' title='bbox 893 396 981 481; x_wconf 93' lang='lat' dir='ltr'>quod</span> <span class='ocrx_word' id='word_1_17' title='bbox 1001 395 1058 461; x_wconf 90' lang='lat' dir='ltr'>ubi</span> <span class='ocrx_word' id='word_1_18' title='bbox 1078 397 1165 483; x_wconf 86' lang='lat' dir='ltr'>primo</span> 
     </span>
     <span class='ocr_line' id='line_1_3' title="bbox 146 490 1164 583; baseline -0.003 -23"><span class='ocrx_word' id='word_1_19' title='bbox 146 494 380 583; x_wconf 84' lang='lat' dir='ltr'>promulgatum</span> <span class='ocrx_word' id='word_1_20' title='bbox 399 502 459 571; x_wconf 92' lang='lat' dir='ltr'>est,</span> <span class='ocrx_word' id='word_1_21' title='bbox 487 491 621 556; x_wconf 83' lang='lat' dir='ltr'>fremere</span> <span class='ocrx_word' id='word_1_22' title='bbox 637 492 798 570; x_wconf 86' lang='lat' dir='ltr'>iuventus,</span> <span class='ocrx_word' id='word_1_23' title='bbox 825 490 967 557; x_wconf 91' lang='lat' dir='ltr'>nondum</span> <span class='ocrx_word' id='word_1_24' title='bbox 988 490 1164 557; x_wconf 88' lang='lat' dir='ltr'>debellatum</span> 
     </span>
     <span class='ocr_line' id='line_1_4' title="bbox 148 586 1164 673; baseline -0.005 -17"><span class='ocrx_word' id='word_1_25' title='bbox 148 613 219 656; x_wconf 90' lang='lat' dir='ltr'>cum</span> <span class='ocrx_word' id='word_1_26' title='bbox 233 589 360 655; x_wconf 80' lang='lat' dir='ltr'>Volscis</span> <span class='ocrx_word' id='word_1_27' title='bbox 380 609 460 665; x_wconf 87' lang='lat' dir='ltr'>esse,</span> <span class='ocrx_word' id='word_1_28' title='bbox 479 587 573 651; x_wconf 92' lang='lat' dir='ltr'>modo</span> <span class='ocrx_word' id='word_1_29' title='bbox 591 587 654 652; x_wconf 93' lang='lat' dir='ltr'>duo</span> <span class='ocrx_word' id='word_1_30' title='bbox 671 586 829 673; x_wconf 90' lang='lat' dir='ltr'>praesidia</span> <span class='ocrx_word' id='word_1_31' title='bbox 846 586 1009 652; x_wconf 76' lang='lat' dir='ltr'>occidione</span> <span class='ocrx_word' id='word_1_32' title='bbox 1028 586 1164 652; x_wconf 84' lang='lat' dir='ltr'>occisast</span> 
     </span>
    </p>

    <p class='ocr_par' dir='ltr' id='par_1_3' title="bbox 97 678 1203 957">
     <span class='ocr_line' id='line_1_5' title="bbox 97 678 1202 770; baseline -0.007 -16"><span class='ocrx_word' id='word_1_33' title='bbox 97 707 130 755; x_wconf 92' lang='lat'>10</span> <span class='ocrx_word' id='word_1_34' title='bbox 148 707 220 751; x_wconf 92' lang='lat' dir='ltr'>cum</span> <span class='ocrx_word' id='word_1_35' title='bbox 237 682 376 770; x_wconf 87' lang='lat' dir='ltr'>periculo</span> <span class='ocrx_word' id='word_1_36' title='bbox 392 704 426 746; x_wconf 89' lang='lat' dir='ltr'>re</span> <span class='ocrx_word' id='word_1_37' title='bbox 428 681 532 760; x_wconf 84' lang='lat' dir='ltr'>tineri3</span> <span class='ocrx_word' id='word_1_38' title='bbox 559 681 679 746; x_wconf 90' lang='lat' dir='ltr'>nullum</span> <span class='ocrx_word' id='word_1_39' title='bbox 697 704 815 746; x_wconf 88' lang='lat' dir='ltr'>annum</span> <span class='ocrx_word' id='word_1_40' title='bbox 837 703 922 760; x_wconf 88' lang='lat' dir='ltr'>esse,</span> <span class='ocrx_word' id='word_1_41' title='bbox 949 703 1015 767; x_wconf 91' lang='lat' dir='ltr'>quo</span> <span class='ocrx_word' id='word_1_42' title='bbox 1031 703 1095 748; x_wconf 90' lang='lat' dir='ltr'>non</span> <span class='ocrx_word' id='word_1_43' title='bbox 1110 680 1163 746; x_wconf 86' lang='lat' dir='ltr'>acic</span> <span class='ocrx_word' id='word_1_44' title='bbox 1199 678 1202 683; x_wconf 76' lang='grc'><strong>’</strong></span> 
     </span>
     <span class='ocr_line' id='line_1_6' title="bbox 148 775 1203 862; baseline -0.001 -20"><span class='ocrx_word' id='word_1_45' title='bbox 148 779 325 854; x_wconf 79' lang='lat' dir='ltr'>dimicetur,</span> <span class='ocrx_word' id='word_1_46' title='bbox 353 784 384 841; x_wconf 91' lang='lat' dir='ltr'>et</span> <span class='ocrx_word' id='word_1_47' title='bbox 411 785 571 860; x_wconf 79' lang='lat' dir='ltr'>tamquam</span> <span class='ocrx_word' id='word_1_48' title='bbox 592 775 685 862; x_wconf 89' lang='lat' dir='ltr'>paeni</span> <span class='ocrx_word' id='word_1_49' title='bbox 687 785 750 841; x_wconf 92' lang='lat' dir='ltr'>ttea</span> <span class='ocrx_word' id='word_1_50' title='bbox 738 775 888 841; x_wconf 90' lang='lat' dir='ltr'>tlaboris</span> <span class='ocrx_word' id='word_1_51' title='bbox 914 797 1036 841; x_wconf 90' lang='lat' dir='ltr'>novum</span> <span class='ocrx_word' id='word_1_52' title='bbox 1061 775 1164 842; x_wconf 89' lang='lat' dir='ltr'>bellun</span> <span class='ocrx_word' id='word_1_53' title='bbox 1201 832 1203 841; x_wconf 93' lang='lat'><em>.</em></span> 
     </span>
     <span class='ocr_line' id='line_1_7' title="bbox 148 856 1203 957; baseline -0.005 -18"><span class='ocrx_word' id='word_1_54' title='bbox 148 896 220 939; x_wconf 92' lang='lat' dir='ltr'>cum</span> <span class='ocrx_word' id='word_1_55' title='bbox 242 872 373 936; x_wconf 91' lang='lat' dir='ltr'>finitimo</span> <span class='ocrx_word' id='word_1_56' title='bbox 394 870 512 957; x_wconf 94' lang='lat' dir='ltr'>populo</span> <span class='ocrx_word' id='word_1_57' title='bbox 535 881 567 936; x_wconf 90' lang='lat' dir='ltr'>et</span> <span class='ocrx_word' id='word_1_58' title='bbox 587 871 807 956; x_wconf 90' lang='lat' dir='ltr'>potentissimo</span> <span class='ocrx_word' id='word_1_59' title='bbox 828 871 946 957; x_wconf 82' lang='lat' dir='ltr'>paraui,</span> <span class='ocrx_word' id='word_1_60' title='bbox 974 871 1031 956; x_wconf 94' lang='lat' dir='ltr'>qui</span> <span class='ocrx_word' id='word_1_61' title='bbox 1053 892 1163 936; x_wconf 88' lang='lat' dir='ltr'>omnen</span> <span class='ocrx_word' id='word_1_62' title='bbox 1199 856 1203 927; x_wconf 84' lang='lat' dir='ltr'>l</span> 
     </span>
    </p>

    <p class='ocr_par' dir='ltr' id='par_1_4' title="bbox 97 965 1203 1148">
     <span class='ocr_line' id='line_1_8' title="bbox 97 965 1163 1054; baseline -0.006 -18"><span class='ocrx_word' id='word_1_63' title='bbox 97 990 127 1037; x_wconf 93' lang='lat'>11</span> <span class='ocrx_word' id='word_1_64' title='bbox 147 967 372 1033; x_wconf 85' lang='lat' dir='ltr'>Etruriam&#39;t</span> <span class='ocrx_word' id='word_1_65' title='bbox 332 976 372 1031; x_wconf 92' lang='lat' dir='ltr'>s1t</span> <span class='ocrx_word' id='word_1_66' title='bbox 398 966 619 1031; x_wconf 84' lang='lat' dir='ltr'>concitaturus.</span> <span class='ocrx_word' id='word_1_67' title='bbox 659 965 738 1032; x_wconf 90' lang='lat' dir='ltr'>haec</span> <span class='ocrx_word' id='word_1_68' title='bbox 765 990 823 1032; x_wconf 87' lang='lat' dir='ltr'>sua</span> <span class='ocrx_word' id='word_1_69' title='bbox 849 974 960 1052; x_wconf 87' lang='lat' dir='ltr'>sponte</span> <span class='ocrx_word' id='word_1_70' title='bbox 987 967 1105 1054; x_wconf 83' lang='lat' dir='ltr'>agitata</span> <span class='ocrx_word' id='word_1_71' title='bbox 1126 966 1163 1030; x_wconf 91' lang='lat' dir='ltr'>in-</span> 
     </span>
     <span class='ocr_line' id='line_1_9' title="bbox 148 940 1203 1175; baseline -0.004 -47"><span class='ocrx_word' id='word_1_72' title='bbox 148 1084 243 1148; x_wconf 86' lang='lat' dir='ltr'>super</span> <span class='ocrx_word' id='word_1_73' title='bbox 264 1061 380 1126; x_wconf 90' lang='lat' dir='ltr'>tribuni</span> <span class='ocrx_word' id='word_1_74' title='bbox 402 1060 503 1146; x_wconf 88' lang='lat' dir='ltr'>plebis</span> <span class='ocrx_word' id='word_1_75' title='bbox 526 1060 711 1126; x_wconf 88' lang='lat' dir='ltr'>accendunt.</span> <span class='ocrx_word' id='word_1_76' title='bbox 747 1061 919 1126; x_wconf 87' lang='lat' dir='ltr'>maximum</span> <span class='ocrx_word' id='word_1_77' title='bbox 942 1060 1064 1126; x_wconf 89' lang='lat' dir='ltr'>bellum</span> <span class='ocrx_word' id='word_1_78' title='bbox 1083 1059 1203 1175; x_wconf 81' lang='lat' dir='ltr'>patri</span> <span class='ocrx_word' id='word_1_79' title='bbox 1198 940 1203 1115; x_wconf 86' lang='lat' dir='ltr'>l</span> 
     </span>
    </p>

    <p class='ocr_par' dir='ltr' id='par_1_5' title="bbox 97 1153 1203 1526">
     <span class='ocr_line' id='line_1_10' title="bbox 97 1153 1161 1241; baseline -0.001 -21"><span class='ocrx_word' id='word_1_80' title='bbox 97 1172 128 1220; x_wconf 81' lang='lat'>12</span> <span class='ocrx_word' id='word_1_81' title='bbox 147 1155 208 1221; x_wconf 88' lang='lat' dir='ltr'>bus</span> <span class='ocrx_word' id='word_1_82' title='bbox 227 1178 298 1221; x_wconf 90' lang='lat' dir='ltr'>oum</span> <span class='ocrx_word' id='word_1_83' title='bbox 315 1154 407 1241; x_wconf 83' lang='lat' dir='ltr'>plebe</span> <span class='ocrx_word' id='word_1_84' title='bbox 426 1177 495 1219; x_wconf 87' lang='lat' dir='ltr'>esse</span> <span class='ocrx_word' id='word_1_85' title='bbox 514 1153 657 1218; x_wconf 89' lang='lat' dir='ltr'>dictitant</span> <span class='ocrx_word' id='word_1_86' title='bbox 644 1164 670 1218; x_wconf 87' lang='lat' dir='ltr'>t:</span> <span class='ocrx_word' id='word_1_87' title='bbox 689 1177 759 1219; x_wconf 89' lang='lat' dir='ltr'>eam</span> <span class='ocrx_word' id='word_1_88' title='bbox 777 1155 816 1220; x_wconf 92' lang='lat' dir='ltr'>de</span> <span class='ocrx_word' id='word_1_89' title='bbox 834 1155 989 1220; x_wconf 87' lang='lat' dir='ltr'>industria</span> <span class='ocrx_word' id='word_1_90' title='bbox 1001 1155 1161 1235; x_wconf 79' lang='lat' dir='ltr'>vexandam</span> 
     </span>
     <span class='ocr_line' id='line_1_11' title="bbox 145 1118 1203 1336; baseline 0.004 -21"><span class='ocrx_word' id='word_1_91' title='bbox 145 1251 257 1315; x_wconf 85' lang='lat' dir='ltr'>militia</span> <span class='ocrx_word' id='word_1_92' title='bbox 279 1250 557 1334; x_wconf 80' lang='lat' dir='ltr'>trucidandamque</span> <span class='ocrx_word' id='word_1_93' title='bbox 579 1248 723 1314; x_wconf 86' lang='lat' dir='ltr'>hostibus</span> <span class='ocrx_word' id='word_1_94' title='bbox 747 1248 843 1327; x_wconf 90' lang='lat' dir='ltr'>obici,</span> <span class='ocrx_word' id='word_1_95' title='bbox 872 1272 942 1316; x_wconf 91' lang='lat' dir='ltr'>eam</span> <span class='ocrx_word' id='word_1_96' title='bbox 967 1249 1081 1336; x_wconf 89' lang='lat' dir='ltr'>procul</span> <span class='ocrx_word' id='word_1_97' title='bbox 1099 1230 1161 1315; x_wconf 79' lang='lat' dir='ltr'>urbe</span> <span class='ocrx_word' id='word_1_98' title='bbox 1199 1118 1203 1319; x_wconf 87' lang='lat' dir='ltr'>l</span> 
     </span>
     <span class='ocr_line' id='line_1_12' title="bbox 144 1332 1203 1439; baseline -0.002 -29"><span class='ocrx_word' id='word_1_99' title='bbox 144 1345 254 1411; x_wconf 88' lang='lat' dir='ltr'>haberi</span> <span class='ocrx_word' id='word_1_100' title='bbox 273 1355 366 1429; x_wconf 89' lang='lat' dir='ltr'>atque</span> <span class='ocrx_word' id='word_1_101' title='bbox 384 1345 533 1432; x_wconf 85' lang='lat' dir='ltr'>ablegari,</span> <span class='ocrx_word' id='word_1_102' title='bbox 552 1367 591 1408; x_wconf 92' lang='lat' dir='ltr'>ne</span> <span class='ocrx_word' id='word_1_103' title='bbox 610 1344 695 1409; x_wconf 92' lang='lat' dir='ltr'>domi</span> <span class='ocrx_word' id='word_1_104' title='bbox 709 1366 766 1430; x_wconf 88' lang='lat' dir='ltr'>per</span> <span class='ocrx_word' id='word_1_105' title='bbox 779 1346 877 1410; x_wconf 88' lang='lat' dir='ltr'>otium</span> <span class='ocrx_word' id='word_1_106' title='bbox 891 1366 1014 1410; x_wconf 91' lang='lat' dir='ltr'>memor</span> <span class='ocrx_word' id='word_1_107' title='bbox 1026 1342 1163 1410; x_wconf 82' lang='lat' dir='ltr'>libertatis</span> <span class='ocrx_word' id='word_1_108' title='bbox 1198 1332 1203 1439; x_wconf 66' lang='lat' dir='ltr'>l</span> 
     </span>
     <span class='ocr_line' id='line_1_13' title="bbox 147 1437 1163 1526; baseline -0.002 -21"><span class='ocrx_word' id='word_1_109' title='bbox 147 1441 401 1523; x_wconf 89' lang='lat' dir='ltr'>coloniarumque</span> <span class='ocrx_word' id='word_1_110' title='bbox 419 1451 473 1505; x_wconf 90' lang='lat' dir='ltr'>aut</span> <span class='ocrx_word' id='word_1_111' title='bbox 490 1441 558 1526; x_wconf 83' lang='lat' dir='ltr'>agri</span> <span class='ocrx_word' id='word_1_112' title='bbox 575 1439 695 1525; x_wconf 88' lang='lat' dir='ltr'>publici</span> <span class='ocrx_word' id='word_1_113' title='bbox 712 1448 767 1504; x_wconf 91' lang='lat' dir='ltr'>aut</span> <span class='ocrx_word' id='word_1_114' title='bbox 785 1439 928 1526; x_wconf 84' lang='lat' dir='ltr'>suffragii</span> <span class='ocrx_word' id='word_1_115' title='bbox 945 1439 1046 1505; x_wconf 87' lang='lat' dir='ltr'>libere</span> <span class='ocrx_word' id='word_1_116' title='bbox 1058 1437 1163 1504; x_wconf 87' lang='lat' dir='ltr'>ferendi</span> 
     </span>
    </p>

    <p class='ocr_par' dir='ltr' id='par_1_6' title="bbox 98 1533 1163 1810">
     <span class='ocr_line' id='line_1_14' title="bbox 98 1533 1163 1620; baseline -0.002 -19"><span class='ocrx_word' id='word_1_117' title='bbox 98 1552 129 1602; x_wconf 79' lang='lat' dir='ltr'>la</span> <span class='ocrx_word' id='word_1_118' title='bbox 147 1536 279 1600; x_wconf 88' lang='lat' dir='ltr'>consilia</span> <span class='ocrx_word' id='word_1_119' title='bbox 296 1536 402 1620; x_wconf 83' lang='lat' dir='ltr'>agitet.</span> <span class='ocrx_word' id='word_1_120' title='bbox 438 1545 686 1620; x_wconf 87' lang='lat' dir='ltr'>prensantesque</span> <span class='ocrx_word' id='word_1_121' title='bbox 705 1543 869 1600; x_wconf 88' lang='lat' dir='ltr'>veteranos</span> <span class='ocrx_word' id='word_1_122' title='bbox 893 1533 1053 1620; x_wconf 89' lang='lat' dir='ltr'>stipendia</span> <span class='ocrx_word' id='word_1_123' title='bbox 1073 1533 1163 1599; x_wconf 78' lang='lat' dir='ltr'>ottins-</span> 
     </span>
     <span class='ocr_line' id='line_1_15' title="bbox 146 1625 1160 1714; baseline 0.002 -22"><span class='ocrx_word' id='word_1_124' title='bbox 146 1651 207 1714; x_wconf 92' lang='lat' dir='ltr'>que</span> <span class='ocrx_word' id='word_1_125' title='bbox 226 1639 257 1693; x_wconf 92' lang='lat' dir='ltr'>et</span> <span class='ocrx_word' id='word_1_126' title='bbox 274 1629 402 1693; x_wconf 87' lang='lat' dir='ltr'>volnera</span> <span class='ocrx_word' id='word_1_127' title='bbox 420 1651 457 1693; x_wconf 91' lang='lat' dir='ltr'>ac</span> <span class='ocrx_word' id='word_1_128' title='bbox 475 1629 634 1694; x_wconf 85' lang='lat' dir='ltr'>cicatrices</span> <span class='ocrx_word' id='word_1_129' title='bbox 652 1629 867 1708; x_wconf 86' lang='lat' dir='ltr'>numerabant,</span> <span class='ocrx_word' id='word_1_130' title='bbox 886 1629 965 1714; x_wconf 90' lang='lat' dir='ltr'>quid</span> <span class='ocrx_word' id='word_1_131' title='bbox 981 1629 1048 1694; x_wconf 90' lang='lat' dir='ltr'>iam</span> <span class='ocrx_word' id='word_1_132' title='bbox 1064 1625 1160 1713; x_wconf 76' lang='lat' dir='ltr'>integri</span> 
     </span>
     <span class='ocr_line' id='line_1_16' title="bbox 146 1719 1162 1810; baseline -0.005 -22"><span class='ocrx_word' id='word_1_133' title='bbox 146 1731 230 1789; x_wconf 86' lang='lat' dir='ltr'>esset</span> <span class='ocrx_word' id='word_1_134' title='bbox 251 1722 285 1787; x_wconf 94' lang='lat' dir='ltr'>in</span> <span class='ocrx_word' id='word_1_135' title='bbox 306 1745 435 1808; x_wconf 81' lang='lat' dir='ltr'>corpore</span> <span class='ocrx_word' id='word_1_136' title='bbox 456 1723 518 1787; x_wconf 91' lang='lat' dir='ltr'>loci</span> <span class='ocrx_word' id='word_1_137' title='bbox 545 1725 585 1788; x_wconf 90' lang='lat' dir='ltr'>ad</span> <span class='ocrx_word' id='word_1_138' title='bbox 611 1746 694 1789; x_wconf 92' lang='lat' dir='ltr'>nova</span> <span class='ocrx_word' id='word_1_139' title='bbox 720 1724 849 1789; x_wconf 86' lang='lat' dir='ltr'>volnera</span> <span class='ocrx_word' id='word_1_140' title='bbox 875 1723 1075 1810; x_wconf 88' lang='lat' dir='ltr'>accipienda,</span> <span class='ocrx_word' id='word_1_141' title='bbox 1098 1719 1162 1806; x_wconf 90' lang='lat' dir='ltr'>quid</span> 
     </span>
    </p>

    <p class='ocr_par' dir='ltr' id='par_1_7' title="bbox 112 1817 1160 1905">
     <span class='ocr_line' id='line_1_17' title="bbox 112 1817 1160 1905; baseline -0.003 -22"><span class='ocrx_word' id='word_1_142' title='bbox 112 1837 114 1841; x_wconf 88' lang='grc'><em>·</em></span> <span class='ocrx_word' id='word_1_143' title='bbox 146 1841 241 1904; x_wconf 89' lang='lat' dir='ltr'>super</span> <span class='ocrx_word' id='word_1_144' title='bbox 259 1818 431 1904; x_wconf 84' lang='lat' dir='ltr'>sanguinis,</span> <span class='ocrx_word' id='word_1_145' title='bbox 451 1818 505 1901; x_wconf 93' lang='lat' dir='ltr'>qui</span> <span class='ocrx_word' id='word_1_146' title='bbox 523 1818 590 1882; x_wconf 87' lang='lat' dir='ltr'>dari</span> <span class='ocrx_word' id='word_1_147' title='bbox 603 1841 660 1903; x_wconf 92' lang='lat' dir='ltr'>pro</span> <span class='ocrx_word' id='word_1_148' title='bbox 672 1841 706 1883; x_wconf 90' lang='lat' dir='ltr'>re</span> <span class='ocrx_word' id='word_1_149' title='bbox 719 1817 845 1904; x_wconf 89' lang='lat' dir='ltr'>publica</span> <span class='ocrx_word' id='word_1_150' title='bbox 856 1832 975 1904; x_wconf 89' lang='lat' dir='ltr'>posset,</span> <span class='ocrx_word' id='word_1_151' title='bbox 994 1818 1160 1905; x_wconf 80' lang='lat' dir='ltr'>rogitantes</span> 
     </span>
    </p>

    <p class='ocr_par' dir='ltr' id='par_1_8' title="bbox 110 1912 1162 2280">
     <span class='ocr_line' id='line_1_18' title="bbox 110 1912 1161 1999; baseline 0 -22"><span class='ocrx_word' id='word_1_152' title='bbox 110 1932 128 1978; x_wconf 84' lang='lat'>4</span> <span class='ocrx_word' id='word_1_153' title='bbox 145 1913 224 1977; x_wconf 88' lang='lat' dir='ltr'>haec</span> <span class='ocrx_word' id='word_1_154' title='bbox 241 1934 313 1977; x_wconf 92' lang='lat' dir='ltr'>cum</span> <span class='ocrx_word' id='word_1_155' title='bbox 331 1912 364 1976; x_wconf 93' lang='lat' dir='ltr'>in</span> <span class='ocrx_word' id='word_1_156' title='bbox 382 1912 578 1977; x_wconf 89' lang='lat' dir='ltr'>sermonibus</span> <span class='ocrx_word' id='word_1_157' title='bbox 598 1912 859 1996; x_wconf 87' lang='lat' dir='ltr'>contionibusque</span> <span class='ocrx_word' id='word_1_158' title='bbox 877 1913 1039 1977; x_wconf 89' lang='lat' dir='ltr'>interdum</span> <span class='ocrx_word' id='word_1_159' title='bbox 1057 1912 1161 1999; x_wconf 81' lang='lat' dir='ltr'>agitau-</span> 
     </span>
     <span class='ocr_line' id='line_1_19' title="bbox 144 2006 1162 2094; baseline 0.001 -23"><span class='ocrx_word' id='word_1_160' title='bbox 144 2017 193 2072; x_wconf 90' lang='lat' dir='ltr'>tes</span> <span class='ocrx_word' id='word_1_161' title='bbox 208 2007 394 2072; x_wconf 89' lang='lat' dir='ltr'>avertissent</span> <span class='ocrx_word' id='word_1_162' title='bbox 406 2006 531 2091; x_wconf 91' lang='lat' dir='ltr'>plebem</span> <span class='ocrx_word' id='word_1_163' title='bbox 544 2006 585 2070; x_wconf 91' lang='lat' dir='ltr'>ab</span> <span class='ocrx_word' id='word_1_164' title='bbox 599 2009 799 2094; x_wconf 88' lang='lat' dir='ltr'>suscipiendo</span> <span class='ocrx_word' id='word_1_165' title='bbox 814 2008 905 2086; x_wconf 91' lang='lat' dir='ltr'>bello,</span> <span class='ocrx_word' id='word_1_166' title='bbox 924 2007 1086 2094; x_wconf 81' lang='lat' dir='ltr'>profertur</span> <span class='ocrx_word' id='word_1_167' title='bbox 1097 2018 1162 2073; x_wconf 87' lang='lat' dir='ltr'>tem·</span> 
     </span>
     <span class='ocr_line' id='line_1_20' title="bbox 143 2100 1162 2187; baseline 0 -21"><span class='ocrx_word' id='word_1_168' title='bbox 143 2123 204 2187; x_wconf 87' lang='lat' dir='ltr'>pus</span> <span class='ocrx_word' id='word_1_169' title='bbox 223 2100 374 2164; x_wconf 82' lang='lat' dir='ltr'>ferundae</span> <span class='ocrx_word' id='word_1_170' title='bbox 391 2100 485 2187; x_wconf 85' lang='lat' dir='ltr'>legis,</span> <span class='ocrx_word' id='word_1_171' title='bbox 510 2124 619 2185; x_wconf 87' lang='lat' dir='ltr'>quam,</span> <span class='ocrx_word' id='word_1_172' title='bbox 643 2103 671 2167; x_wconf 93' lang='lat' dir='ltr'>si</span> <span class='ocrx_word' id='word_1_173' title='bbox 689 2103 831 2168; x_wconf 88' lang='lat' dir='ltr'>subiecta</span> <span class='ocrx_word' id='word_1_174' title='bbox 847 2103 985 2168; x_wconf 88' lang='lat' dir='ltr'>invidiae</span> <span class='ocrx_word' id='word_1_175' title='bbox 1004 2111 1102 2182; x_wconf 91' lang='lat' dir='ltr'>esset,</span> <span class='ocrx_word' id='word_1_176' title='bbox 1116 2122 1162 2166; x_wconf 85' lang='lat' dir='ltr'>an-</span> 
     </span>
     <span class='ocr_line' id='line_1_21' title="bbox 144 2195 456 2280; baseline 0.006 -22"><span class='ocrx_word' id='word_1_177' title='bbox 144 2195 258 2280; x_wconf 90' lang='lat' dir='ltr'>tiquari</span> <span class='ocrx_word' id='word_1_178' title='bbox 276 2195 456 2280; x_wconf 88' lang='lat' dir='ltr'>apparebat.</span> 
     </span>
    </p>

    <p class='ocr_par' dir='ltr' id='par_1_9' title="bbox 108 2289 1185 2758">
     <span class='ocr_line' id='line_1_22' title="bbox 112 2289 1161 2379; baseline 0 -22"><span class='ocrx_word' id='word_1_179' title='bbox 112 2311 125 2357; x_wconf 93' lang='lat'>1</span> <span class='ocrx_word' id='word_1_180' title='bbox 208 2289 354 2356; x_wconf 86' lang='lat' dir='ltr'><strong>LVIIII.</strong></span> <span class='ocrx_word' id='word_1_181' title='bbox 389 2290 519 2356; x_wconf 86' lang='lat' dir='ltr'>Interim</span> <span class='ocrx_word' id='word_1_182' title='bbox 537 2291 678 2357; x_wconf 88' lang='lat' dir='ltr'>tribunos</span> <span class='ocrx_word' id='word_1_183' title='bbox 696 2292 830 2356; x_wconf 88' lang='lat' dir='ltr'>militum</span> <span class='ocrx_word' id='word_1_184' title='bbox 847 2291 880 2355; x_wconf 93' lang='lat' dir='ltr'>in</span> <span class='ocrx_word' id='word_1_185' title='bbox 892 2291 1049 2357; x_wconf 87' lang='lat' dir='ltr'>Volscum</span> <span class='ocrx_word' id='word_1_186' title='bbox 1066 2312 1161 2379; x_wconf 65' lang='grc' dir='ltr'>αςωω</span> 
     </span>
     <span class='ocr_line' id='line_1_23' title="bbox 143 2384 1160 2470; baseline 0.002 -22"><span class='ocrx_word' id='word_1_187' title='bbox 143 2385 259 2450; x_wconf 89' lang='lat' dir='ltr'>ducere</span> <span class='ocrx_word' id='word_1_188' title='bbox 276 2385 446 2450; x_wconf 87' lang='lat' dir='ltr'>exercitum</span> <span class='ocrx_word' id='word_1_189' title='bbox 464 2385 595 2470; x_wconf 89' lang='lat' dir='ltr'>placuit;</span> <span class='ocrx_word' id='word_1_190' title='bbox 621 2384 680 2450; x_wconf 82' lang='lat' dir='ltr'>Cn.</span> <span class='ocrx_word' id='word_1_191' title='bbox 701 2384 867 2450; x_wconf 83' lang='lat' dir='ltr'>Cornelius</span> <span class='ocrx_word' id='word_1_192' title='bbox 885 2408 968 2450; x_wconf 89' lang='lat' dir='ltr'>unus</span> <span class='ocrx_word' id='word_1_193' title='bbox 987 2386 1109 2452; x_wconf 86' lang='lat' dir='ltr'>Romae</span> <span class='ocrx_word' id='word_1_194' title='bbox 1122 2406 1160 2450; x_wconf 87' lang='lat' dir='ltr'>re·</span> 
     </span>
     <span class='ocr_line' id='line_1_24' title="bbox 108 2478 1185 2566; baseline 0 -20"><span class='ocrx_word' id='word_1_195' title='bbox 108 2478 246 2546; x_wconf 79' lang='lat' dir='ltr'>alietas.</span> <span class='ocrx_word' id='word_1_196' title='bbox 282 2491 346 2546; x_wconf 88' lang='lat' dir='ltr'>tres</span> <span class='ocrx_word' id='word_1_197' title='bbox 368 2480 498 2557; x_wconf 90' lang='lat' dir='ltr'>tribuni,</span> <span class='ocrx_word' id='word_1_198' title='bbox 526 2490 696 2566; x_wconf 87' lang='lat' dir='ltr'>postquam</span> <span class='ocrx_word' id='word_1_199' title='bbox 718 2481 805 2545; x_wconf 92' lang='lat' dir='ltr'>nullo</span> <span class='ocrx_word' id='word_1_200' title='bbox 826 2482 896 2545; x_wconf 87' lang='lat' dir='ltr'>loco</span> <span class='ocrx_word' id='word_1_201' title='bbox 920 2491 1025 2547; x_wconf 87' lang='lat' dir='ltr'>castra</span> <span class='ocrx_word' id='word_1_202' title='bbox 1042 2482 1159 2548; x_wconf 88' lang='lat' dir='ltr'>Volsco·</span> <span class='ocrx_word' id='word_1_203' title='bbox 1182 2530 1185 2535; x_wconf 85' lang='lat'><em>-</em></span> 
     </span>
     <span class='ocr_line' id='line_1_25' title="bbox 142 2575 1159 2664; baseline 0.001 -26"><span class='ocrx_word' id='word_1_204' title='bbox 142 2597 213 2638; x_wconf 85' lang='lat' dir='ltr'>rum</span> <span class='ocrx_word' id='word_1_205' title='bbox 232 2597 301 2639; x_wconf 89' lang='lat' dir='ltr'>esse</span> <span class='ocrx_word' id='word_1_206' title='bbox 319 2597 377 2640; x_wconf 86' lang='lat' dir='ltr'>nec</span> <span class='ocrx_word' id='word_1_207' title='bbox 395 2575 619 2640; x_wconf 87' lang='lat' dir='ltr'>commissuros</span> <span class='ocrx_word' id='word_1_208' title='bbox 639 2598 673 2640; x_wconf 89' lang='lat' dir='ltr'>se</span> <span class='ocrx_word' id='word_1_209' title='bbox 691 2575 810 2661; x_wconf 91' lang='lat' dir='ltr'>proelio</span> <span class='ocrx_word' id='word_1_210' title='bbox 833 2575 992 2660; x_wconf 89' lang='lat' dir='ltr'>apparuit,</span> <span class='ocrx_word' id='word_1_211' title='bbox 1021 2575 1159 2664; x_wconf 87' lang='lat' dir='ltr'>tripertito</span> 
     </span>
     <span class='ocr_line' id='line_1_26' title="bbox 143 2668 1159 2758; baseline 0.003 -26"><span class='ocrx_word' id='word_1_212' title='bbox 143 2669 184 2732; x_wconf 91' lang='lat' dir='ltr'>ad</span> <span class='ocrx_word' id='word_1_213' title='bbox 206 2668 416 2733; x_wconf 86' lang='lat' dir='ltr'>devastandos</span> <span class='ocrx_word' id='word_1_214' title='bbox 438 2669 518 2733; x_wconf 90' lang='lat' dir='ltr'>fines</span> <span class='ocrx_word' id='word_1_215' title='bbox 541 2670 724 2735; x_wconf 88' lang='lat' dir='ltr'>discessere.</span> <span class='ocrx_word' id='word_1_216' title='bbox 764 2669 912 2735; x_wconf 87' lang='lat' dir='ltr'>Valerius</span> <span class='ocrx_word' id='word_1_217' title='bbox 929 2668 1067 2736; x_wconf 87' lang='lat' dir='ltr'>Antium</span> <span class='ocrx_word' id='word_1_218' title='bbox 1086 2669 1159 2758; x_wconf 83' lang='lat' dir='ltr'>petit,</span> 
     </span>
    </p>

    <p class='ocr_par' dir='ltr' id='par_1_10' title="bbox 109 2759 1159 3042">
     <span class='ocr_line' id='line_1_27' title="bbox 109 2759 1159 2851; baseline -0.002 -25"><span class='ocrx_word' id='word_1_219' title='bbox 109 2778 125 2826; x_wconf 80' lang='lat'><strong>3</strong></span> <span class='ocrx_word' id='word_1_220' title='bbox 145 2759 311 2826; x_wconf 85' lang='lat' dir='ltr'>Cornelius</span> <span class='ocrx_word' id='word_1_221' title='bbox 320 2763 452 2825; x_wconf 84' lang='lat' dir='ltr'>Ecetras</span> <span class='ocrx_word' id='word_1_222' title='bbox 458 2787 467 2839; x_wconf 92' lang='lat'>;</span> <span class='ocrx_word' id='word_1_223' title='bbox 486 2783 683 2846; x_wconf 87' lang='lat' dir='ltr'>quacumque</span> <span class='ocrx_word' id='word_1_224' title='bbox 692 2764 858 2841; x_wconf 88' lang='lat' dir='ltr'>incessere,</span> <span class='ocrx_word' id='word_1_225' title='bbox 877 2764 940 2829; x_wconf 87' lang='lat' dir='ltr'>late</span> <span class='ocrx_word' id='word_1_226' title='bbox 949 2766 1093 2851; x_wconf 90' lang='lat' dir='ltr'>populati</span> <span class='ocrx_word' id='word_1_227' title='bbox 1100 2770 1159 2830; x_wconf 88' lang='lat' dir='ltr'>sunt</span> 
     </span>
     <span class='ocr_line' id='line_1_28' title="bbox 142 2856 1159 2944; baseline 0.004 -27"><span class='ocrx_word' id='word_1_228' title='bbox 142 2863 226 2918; x_wconf 86' lang='lat' dir='ltr'>tecta</span> <span class='ocrx_word' id='word_1_229' title='bbox 243 2877 408 2940; x_wconf 82' lang='lat' dir='ltr'>agrosque,</span> <span class='ocrx_word' id='word_1_230' title='bbox 427 2864 462 2919; x_wconf 90' lang='lat' dir='ltr'>ut</span> <span class='ocrx_word' id='word_1_231' title='bbox 480 2856 663 2921; x_wconf 88' lang='lat' dir='ltr'>distinerent</span> <span class='ocrx_word' id='word_1_232' title='bbox 681 2858 832 2937; x_wconf 80' lang='lat' dir='ltr'>Volscos3</span> <span class='ocrx_word' id='word_1_233' title='bbox 849 2859 985 2936; x_wconf 85' lang='lat' dir='ltr'>Fabius,</span> <span class='ocrx_word' id='word_1_234' title='bbox 1005 2861 1092 2944; x_wconf 91' lang='lat' dir='ltr'>quod</span> <span class='ocrx_word' id='word_1_235' title='bbox 1105 2879 1159 2923; x_wconf 89' lang='lat' dir='ltr'>ma·</span> 
     </span>
     <span class='ocr_line' id='line_1_29' title="bbox 142 2948 1159 3042; baseline 0.004 -31"><span class='ocrx_word' id='word_1_236' title='bbox 142 2948 227 3012; x_wconf 87' lang='lat' dir='ltr'>xime</span> <span class='ocrx_word' id='word_1_237' title='bbox 245 2948 421 3034; x_wconf 87' lang='lat' dir='ltr'>petebatur,</span> <span class='ocrx_word' id='word_1_238' title='bbox 445 2951 485 3015; x_wconf 90' lang='lat' dir='ltr'>ad</span> <span class='ocrx_word' id='word_1_239' title='bbox 502 2949 618 3018; x_wconf 80' lang='lat' dir='ltr'>Anxur</span> <span class='ocrx_word' id='word_1_240' title='bbox 635 2955 883 3040; x_wconf 84' lang='lat' dir='ltr'>oppugnandum</span> <span class='ocrx_word' id='word_1_241' title='bbox 901 2954 969 3018; x_wconf 91' lang='lat' dir='ltr'>sine</span> <span class='ocrx_word' id='word_1_242' title='bbox 991 2955 1059 3020; x_wconf 93' lang='lat' dir='ltr'>ulla</span> <span class='ocrx_word' id='word_1_243' title='bbox 1074 2973 1159 3042; x_wconf 91' lang='lat' dir='ltr'>popu·</span> 
     </span>
    </p>

    <p class='ocr_par' dir='ltr' id='par_1_11' title="bbox 108 3042 1157 3231">
     <span class='ocr_line' id='line_1_30' title="bbox 108 3042 1156 3131; baseline 0.005 -23"><span class='ocrx_word' id='word_1_244' title='bbox 108 3061 124 3108; x_wconf 86' lang='lat'>4</span> <span class='ocrx_word' id='word_1_245' title='bbox 141 3042 257 3108; x_wconf 91' lang='lat' dir='ltr'>latione</span> <span class='ocrx_word' id='word_1_246' title='bbox 274 3044 416 3109; x_wconf 87' lang='lat' dir='ltr'>accessit.</span> <span class='ocrx_word' id='word_1_247' title='bbox 452 3043 568 3111; x_wconf 87' lang='lat' dir='ltr'>Anxur</span> <span class='ocrx_word' id='word_1_248' title='bbox 589 3047 649 3110; x_wconf 88' lang='lat' dir='ltr'>fuit</span> <span class='ocrx_word' id='word_1_249' title='bbox 671 3070 752 3131; x_wconf 88' lang='lat' dir='ltr'>quae</span> <span class='ocrx_word' id='word_1_250' title='bbox 775 3070 858 3112; x_wconf 91' lang='lat' dir='ltr'>nunc</span> <span class='ocrx_word' id='word_1_251' title='bbox 876 3047 1069 3115; x_wconf 87' lang='lat' dir='ltr'>Tarracinae</span> <span class='ocrx_word' id='word_1_252' title='bbox 1090 3053 1156 3122; x_wconf 85' lang='lat' dir='ltr'>sunt,</span> 
     </span>
     <span class='ocr_line' id='line_1_31' title="bbox 140 3136 1157 3231; baseline 0.003 -29"><span class='ocrx_word' id='word_1_253' title='bbox 140 3136 217 3202; x_wconf 88' lang='lat' dir='ltr'>urbs</span> <span class='ocrx_word' id='word_1_254' title='bbox 239 3161 339 3224; x_wconf 90' lang='lat' dir='ltr'>prona</span> <span class='ocrx_word' id='word_1_255' title='bbox 359 3139 393 3203; x_wconf 95' lang='lat' dir='ltr'>in</span> <span class='ocrx_word' id='word_1_256' title='bbox 414 3139 556 3224; x_wconf 88' lang='lat' dir='ltr'>paludes.</span> <span class='ocrx_word' id='word_1_257' title='bbox 597 3140 637 3205; x_wconf 93' lang='lat' dir='ltr'>ab</span> <span class='ocrx_word' id='word_1_258' title='bbox 656 3163 694 3205; x_wconf 90' lang='lat' dir='ltr'>ea</span> <span class='ocrx_word' id='word_1_259' title='bbox 715 3151 803 3227; x_wconf 88' lang='lat' dir='ltr'>parte</span> <span class='ocrx_word' id='word_1_260' title='bbox 819 3140 940 3207; x_wconf 84' lang='lat' dir='ltr'>Fabius</span> <span class='ocrx_word' id='word_1_261' title='bbox 964 3140 1157 3231; x_wconf 87' lang='lat' dir='ltr'>oppugnatio-</span> 
     </span>
    </p>

    <p class='ocr_par' dir='ltr' id='par_1_12' title="bbox 106 3233 1155 3417">
     <span class='ocr_line' id='line_1_32' title="bbox 106 3233 1155 3319; baseline 0.004 -19"><span class='ocrx_word' id='word_1_262' title='bbox 106 3252 123 3300; x_wconf 83' lang='lat'>5</span> <span class='ocrx_word' id='word_1_263' title='bbox 141 3255 214 3297; x_wconf 91' lang='lat' dir='ltr'>nem</span> <span class='ocrx_word' id='word_1_264' title='bbox 229 3234 373 3299; x_wconf 90' lang='lat' dir='ltr'>ostendit.</span> <span class='ocrx_word' id='word_1_265' title='bbox 401 3233 635 3300; x_wconf 88' lang='lat' dir='ltr'>circummissae</span> <span class='ocrx_word' id='word_1_266' title='bbox 648 3246 795 3319; x_wconf 91' lang='lat' dir='ltr'>quattuor</span> <span class='ocrx_word' id='word_1_267' title='bbox 809 3235 952 3301; x_wconf 86' lang='lat' dir='ltr'>cohortes</span> <span class='ocrx_word' id='word_1_268' title='bbox 964 3259 1039 3302; x_wconf 92' lang='lat' dir='ltr'>cum</span> <span class='ocrx_word' id='word_1_269' title='bbox 1049 3237 1087 3304; x_wconf 83' lang='lat' dir='ltr'>O.</span> <span class='ocrx_word' id='word_1_270' title='bbox 1097 3234 1155 3303; x_wconf 78' lang='lat' dir='ltr'>Ser·</span> 
     </span>
     <span class='ocr_line' id='line_1_33' title="bbox 140 3326 1154 3417; baseline 0.007 -27"><span class='ocrx_word' id='word_1_271' title='bbox 140 3327 215 3390; x_wconf 82' lang='lat' dir='ltr'>vilio</span> <span class='ocrx_word' id='word_1_272' title='bbox 228 3326 335 3392; x_wconf 89' lang='lat' dir='ltr'>Ahala</span> <span class='ocrx_word' id='word_1_273' title='bbox 347 3349 418 3392; x_wconf 91' lang='lat' dir='ltr'>cum</span> <span class='ocrx_word' id='word_1_274' title='bbox 432 3328 636 3394; x_wconf 89' lang='lat' dir='ltr'>inminentem</span> <span class='ocrx_word' id='word_1_275' title='bbox 650 3329 720 3395; x_wconf 92' lang='lat' dir='ltr'>urbi</span> <span class='ocrx_word' id='word_1_276' title='bbox 734 3330 845 3395; x_wconf 89' lang='lat' dir='ltr'>collem</span> <span class='ocrx_word' id='word_1_277' title='bbox 860 3331 1030 3417; x_wconf 85' lang='lat' dir='ltr'>cepissent,</span> <span class='ocrx_word' id='word_1_278' title='bbox 1050 3355 1089 3399; x_wconf 86' lang='lat' dir='ltr'>ex</span> <span class='ocrx_word' id='word_1_279' title='bbox 1099 3331 1154 3397; x_wconf 81' lang='lat' dir='ltr'>loco</span> 
     </span>
    </p>
   </div>
   <div class='ocr_carea' id='block_1_3' title="bbox 106 3419 1154 4080">
    <p class='ocr_par' dir='ltr' id='par_1_13' title="bbox 106 3419 1154 4080">
     <span class='ocr_line' id='line_1_34' title="bbox 141 3419 1154 3512; baseline 0.004 -29"><span class='ocrx_word' id='word_1_280' title='bbox 141 3419 250 3484; x_wconf 87' lang='lat' dir='ltr'>altiore</span> <span class='ocrx_word' id='word_1_281' title='bbox 268 3442 330 3504; x_wconf 87' lang='lat' dir='ltr'>qua</span> <span class='ocrx_word' id='word_1_282' title='bbox 347 3422 467 3487; x_wconf 91' lang='lat' dir='ltr'>nullum</span> <span class='ocrx_word' id='word_1_283' title='bbox 486 3432 552 3488; x_wconf 89' lang='lat' dir='ltr'>erat</span> <span class='ocrx_word' id='word_1_284' title='bbox 569 3424 761 3509; x_wconf 90' lang='lat' dir='ltr'>praesidium</span> <span class='ocrx_word' id='word_1_285' title='bbox 778 3425 899 3512; x_wconf 87' lang='lat' dir='ltr'>ingenti</span> <span class='ocrx_word' id='word_1_286' title='bbox 916 3424 1055 3492; x_wconf 90' lang='lat' dir='ltr'>clamore</span> <span class='ocrx_word' id='word_1_287' title='bbox 1072 3448 1107 3492; x_wconf 89' lang='lat' dir='ltr'>ac</span> <span class='ocrx_word' id='word_1_288' title='bbox 1117 3432 1154 3487; x_wconf 85' lang='lat' dir='ltr'>tu·</span> 
     </span>
     <span class='ocr_line' id='line_1_35' title="bbox 107 3512 1153 3608; baseline 0.002 -26"><span class='ocrx_word' id='word_1_289' title='bbox 107 3533 122 3582; x_wconf 85' lang='lat'><strong>6</strong></span> <span class='ocrx_word' id='word_1_290' title='bbox 142 3513 244 3578; x_wconf 93' lang='lat' dir='ltr'>multu</span> <span class='ocrx_word' id='word_1_291' title='bbox 261 3515 386 3579; x_wconf 89' lang='lat' dir='ltr'>moenia</span> <span class='ocrx_word' id='word_1_292' title='bbox 403 3515 554 3582; x_wconf 85' lang='lat' dir='ltr'>invasere.</span> <span class='ocrx_word' id='word_1_293' title='bbox 592 3519 632 3582; x_wconf 89' lang='lat' dir='ltr'>ad</span> <span class='ocrx_word' id='word_1_294' title='bbox 655 3541 749 3602; x_wconf 93' lang='lat' dir='ltr'>quem</span> <span class='ocrx_word' id='word_1_295' title='bbox 772 3520 940 3584; x_wconf 89' lang='lat' dir='ltr'>tumultum</span> <span class='ocrx_word' id='word_1_296' title='bbox 958 3512 1153 3608; x_wconf 77' lang='lat' dir='ltr'>obstupefacti</span> 
     </span>
     <span class='ocr_line' id='line_1_36' title="bbox 138 3608 1152 3691; baseline 0.007 -21"><span class='ocrx_word' id='word_1_297' title='bbox 138 3609 194 3691; x_wconf 91' lang='lat' dir='ltr'>qui</span> <span class='ocrx_word' id='word_1_298' title='bbox 212 3608 363 3674; x_wconf 88' lang='lat' dir='ltr'>adversus</span> <span class='ocrx_word' id='word_1_299' title='bbox 376 3608 513 3675; x_wconf 84' lang='lat' dir='ltr'>Fabium</span> <span class='ocrx_word' id='word_1_300' title='bbox 531 3612 640 3678; x_wconf 91' lang='lat' dir='ltr'>urbem</span> <span class='ocrx_word' id='word_1_301' title='bbox 658 3614 798 3679; x_wconf 91' lang='lat' dir='ltr'>infimam</span> <span class='ocrx_word' id='word_1_302' title='bbox 816 3614 986 3679; x_wconf 89' lang='lat' dir='ltr'>tuebantur</span> <span class='ocrx_word' id='word_1_303' title='bbox 997 3615 1100 3682; x_wconf 90' lang='lat' dir='ltr'>locum</span> <span class='ocrx_word' id='word_1_304' title='bbox 1111 3612 1152 3677; x_wconf 83' lang='lat' dir='ltr'>de·</span> 
     </span>
     <span class='ocr_line' id='line_1_37' title="bbox 139 3702 1150 3792; baseline 0.003 -27"><span class='ocrx_word' id='word_1_305' title='bbox 139 3703 214 3766; x_wconf 88' lang='lat' dir='ltr'>dere</span> <span class='ocrx_word' id='word_1_306' title='bbox 233 3702 333 3768; x_wconf 89' lang='lat' dir='ltr'>scalas</span> <span class='ocrx_word' id='word_1_307' title='bbox 352 3704 553 3784; x_wconf 87' lang='lat' dir='ltr'>admovendi,</span> <span class='ocrx_word' id='word_1_308' title='bbox 572 3707 726 3792; x_wconf 89' lang='lat' dir='ltr'>plenaque</span> <span class='ocrx_word' id='word_1_309' title='bbox 744 3709 882 3774; x_wconf 88' lang='lat' dir='ltr'>hostium</span> <span class='ocrx_word' id='word_1_310' title='bbox 900 3718 1015 3775; x_wconf 88' lang='lat' dir='ltr'>cuncta</span> <span class='ocrx_word' id='word_1_311' title='bbox 1032 3705 1150 3775; x_wconf 83' lang='lat' dir='ltr'>erantst</span> 
     </span>
     <span class='ocr_line' id='line_1_38' title="bbox 138 3795 1150 3888; baseline 0.004 -27"><span class='ocrx_word' id='word_1_312' title='bbox 138 3795 256 3861; x_wconf 88' lang='lat' dir='ltr'>inmitis</span> <span class='ocrx_word' id='word_1_313' title='bbox 275 3796 330 3861; x_wconf 91' lang='lat' dir='ltr'>diu</span> <span class='ocrx_word' id='word_1_314' title='bbox 347 3799 459 3864; x_wconf 89' lang='lat' dir='ltr'>caedes</span> <span class='ocrx_word' id='word_1_315' title='bbox 476 3800 592 3885; x_wconf 88' lang='lat' dir='ltr'>pariter</span> <span class='ocrx_word' id='word_1_316' title='bbox 610 3800 799 3888; x_wconf 82' lang='lat' dir='ltr'>fugientium</span> <span class='ocrx_word' id='word_1_317' title='bbox 817 3825 855 3867; x_wconf 92' lang='lat' dir='ltr'>ac</span> <span class='ocrx_word' id='word_1_318' title='bbox 872 3803 1097 3881; x_wconf 89' lang='lat' dir='ltr'>resistentium,</span> <span class='ocrx_word' id='word_1_319' title='bbox 1112 3819 1150 3865; x_wconf 82' lang='lat' dir='ltr'>ar·</span> 
     </span>
     <span class='ocr_line' id='line_1_39' title="bbox 106 3888 1148 3984; baseline 0.006 -23"><span class='ocrx_word' id='word_1_320' title='bbox 106 3892 294 3961; x_wconf 74' lang='lat' dir='ltr'>amatorum</span> <span class='ocrx_word' id='word_1_321' title='bbox 316 3902 410 3977; x_wconf 89' lang='lat' dir='ltr'>atque</span> <span class='ocrx_word' id='word_1_322' title='bbox 431 3894 597 3960; x_wconf 88' lang='lat' dir='ltr'>inermium</span> <span class='ocrx_word' id='word_1_323' title='bbox 622 3895 692 3961; x_wconf 83' lang='lat' dir='ltr'>fuit.</span> <span class='ocrx_word' id='word_1_324' title='bbox 730 3897 924 3984; x_wconf 85' lang='lat' dir='ltr'>cogebantur</span> <span class='ocrx_word' id='word_1_325' title='bbox 948 3897 1055 3983; x_wconf 87' lang='lat' dir='ltr'>itaque</span> <span class='ocrx_word' id='word_1_326' title='bbox 1079 3888 1148 3967; x_wconf 68' lang='lat' dir='ltr'>victi,-</span> 
     </span>
     <span class='ocr_line' id='line_1_40' title="bbox 139 3988 1148 4080; baseline 0.002 -28"><span class='ocrx_word' id='word_1_327' title='bbox 139 3988 213 4072; x_wconf 92' lang='lat' dir='ltr'>quia</span> <span class='ocrx_word' id='word_1_328' title='bbox 230 3988 413 4055; x_wconf 87' lang='lat' dir='ltr'>cedentibus</span> <span class='ocrx_word' id='word_1_329' title='bbox 432 3990 500 4076; x_wconf 91' lang='lat' dir='ltr'>spei</span> <span class='ocrx_word' id='word_1_330' title='bbox 517 3990 562 4055; x_wconf 92' lang='lat' dir='ltr'>nil</span> <span class='ocrx_word' id='word_1_331' title='bbox 579 4001 654 4070; x_wconf 87' lang='lat' dir='ltr'>erat,</span> <span class='ocrx_word' id='word_1_332' title='bbox 672 4014 812 4080; x_wconf 85' lang='lat' dir='ltr'>pugnam</span> <span class='ocrx_word' id='word_1_333' title='bbox 831 3993 919 4073; x_wconf 90' lang='lat' dir='ltr'>inire,</span> <span class='ocrx_word' id='word_1_334' title='bbox 939 4014 1012 4058; x_wconf 91' lang='lat' dir='ltr'>cum</span> <span class='ocrx_word' id='word_1_335' title='bbox 1028 3994 1148 4079; x_wconf 83' lang='lat' dir='ltr'>pronnn‘·</span> 
     </span>
    </p>
   </div>
   <div class='ocr_carea' id='block_1_4' title="bbox 0 0 1288 4524">
    <p class='ocr_par' dir='ltr' id='par_1_14' title="bbox 0 0 1288 4524">
     <span class='ocr_line' id='line_1_41' title="bbox 0 0 1288 4524; baseline 0 3"><span class='ocrx_word' id='word_1_336' title='bbox 0 0 1288 4524; x_wconf 95' lang='lat' dir='ltr'> </span> 
     </span>
    </p>
   </div>
  </div>
 </body>
</html>
