2566 4524
140 256 206 327 398
369 268 488 326 LIBER
504 266 592 341 vm,
608 267 633 323 2.
646 265 672 323 8.
692 270 766 336 [au
776 283 801 323 c.
810 267 872 324 413.
883 266 951 339 414]

140 429 259 497 bellum
276 428 414 507 fuerant,
437 436 546 495 conus
564 421 722 494 Sidicinos
744 423 893 513 profecti,
915 424 1004 495 haud
1023 427 1057 495 in
1076 428 1155 498 dubis

109 548 123 597 e
143 547 199 613 spe
216 533 306 592 erant
322 532 444 591 mature
461 521 549 589 urbis
567 520 706 589 bostium
721 520 903 608 potiundae.
944 530 1014 591 tum
1031 522 1073 592 ab
1089 521 1157 592 Sidi·

143 618 222 687 cinis
248 618 365 685 deditio
389 617 478 705 prius
504 617 546 683 ad
570 615 733 684 Romanos
759 624 874 703 coepta
897 616 969 685 fieri
994 627 1059 701 est3
1089 618 1157 701 ddn,

142 723 312 803 postquam
327 720 433 800 patres
450 721 487 777 ut
504 733 608 778 seram
624 731 696 778 eum
708 709 882 796 ultimaque
895 711 1029 780 tandem
1039 712 1159 783 moossi-
1188 712 1191 771 ἲ

142 818 207 875 tate
225 828 408 897 expressam
425 805 683 896 aspernabantur,
701 806 743 872 ad
754 805 891 873 Latinos
903 806 970 873 ium
989 828 1050 877 sua
1063 816 1159 898 sponte
1179 846 1184 857 ·

110 904 176 973 rin
197 925 285 970 arma
306 912 408 970 motos
431 902 516 968 facta
537 911 595 969 est
637 923 679 968 ne
703 899 860 989 Campani
880 903 1015 989 quidem
1033 940 1072 955 -
1088 902 1161 971 adso
1189 920 1191 989 ξ

143 998 274 1065 inimice
294 994 485 1065 Samnitium
506 1018 603 1082 quam
623 995 769 1064 beneficii
785 995 1008 1065 Romamrum
1027 996 1162 1067 maneria

109 1112 125 1162 s
143 1093 338 1182 praesentior
359 1102 426 1160 erat
446 1131 488 1141 -
509 1092 560 1158 his
583 1113 618 1160 se
640 1092 735 1158 armis
758 1091 950 1160 abstinuere.
996 1114 1039 1162 ex
1056 1093 1104 1162 bis
1121 1102 1161 1160 tot
1189 1140 1191 1145 -

143 1188 268 1276 populis
281 1210 364 1255 unus
377 1188 490 1277 ingens
504 1186 661 1253 exercitus
674 1186 755 1254 duce
762 1187 880 1254 Latino
892 1187 976 1256 fines
986 1185 1162 1258 Samnitium
1188 1222 1191 1295 p

144 1283 308 1372 ingressus
325 1282 398 1371 plns
415 1280 671 1370 populationibus
685 1303 781 1368 quam
793 1281 921 1370 proeliis
939 1283 1080 1351 eludium
1090 1281 1161 1351 tent
1187 1302 1191 1359 t

145 1389 177 1445 et
192 1400 385 1464 quamquam
403 1377 580 1465 superiores
598 1375 820 1444 certaminibus
837 1376 949 1444 Latini
966 1388 1072 1459 erant,
1091 1372 1162 1445 baud

143 1471 248 1551 inviti',
267 1495 307 1539 ne
326 1472 452 1559 saepius
469 1471 684 1537 dimicandum
701 1470 796 1553 foret,
815 1494 892 1560 agro
908 1471 1054 1541 hostium
1070 1492 1162 1541 excas

112 1585 226 1635 usare.
268 1566 303 1633 id
325 1567 462 1654 spatium
481 1563 677 1633 Samnitibus
699 1565 809 1632 datum
829 1575 880 1633 est
894 1565 1038 1634 Romam
1056 1566 1161 1655 legatos

145 1660 304 1740 mittendi3
322 1661 462 1747 quicum
480 1660 622 1727 adissent
639 1669 797 1740 senatum,
815 1661 997 1747 conquesti,
1016 1662 1121 1730 Mem
1132 1680 1160 1728 ss

146 1755 324 1824 foederatos
338 1755 417 1844 pati,
436 1777 517 1842 quae
530 1755 639 1822 hostes
657 1764 764 1823 essent
775 1756 876 1843 passi,
894 1756 1046 1843 precibus
1062 1754 1160 1824 infimis

96 1871 129 1920 10
145 1851 277 1938 petiere,
300 1860 336 1917 ut
354 1851 430 1919 satis
448 1851 598 1917 ducerent
615 1849 752 1918 Romani
768 1850 947 1931 victoriam,
968 1873 1069 1937 quam
1085 1846 1160 1919 Ssu-

146 1945 264 2013 nitibus
278 1968 319 2012 ex
328 1943 492 2032 Campano
503 1941 707 2032 Sidicinoque
719 1944 811 2012 hoste
824 1945 1026 2034 eripuissent,
1043 1968 1083 2013 ns
1092 1939 1159 2011 vinti

97 2060 128 2107 11
147 2040 243 2106 etiam
261 2061 295 2106 se
313 2039 355 2107 ab
371 2039 585 2127 ignavissimis
602 2039 728 2127 populis
747 2041 894 2108 sinerent.
929 2040 1068 2108 Latinos
1081 2038 1159 2107 Onn-

147 2154 325 2221 panosque,
353 2132 382 2200 si
403 2132 463 2200 sub
484 2134 600 2201 ditione
621 2134 731 2222 populi
747 2133 885 2202 Romani
902 2144 1025 2215 essent,
1046 2156 1101 2223 pro
1113 2133 1158 2199 im·

146 2229 234 2317 perio
252 2238 392 2297 arcerent
411 2226 547 2297 Samniti
564 2252 655 2318 agro,
674 2230 724 2297 sin
739 2228 907 2317 imperium
923 2227 1108 2311 abnuerent,
1120 2248 1159 2293 sr-

97 2342 129 2390 12
147 2324 209 2392 mis
227 2333 414 2391 coercerent
450 2324 603 2390 adversus
619 2322 699 2392 baec
714 2346 903 2412 responsum
920 2346 1041 2413 anceps
1058 2325 1156 2399 uun.

147 2419 222 2505 quia
238 2418 331 2486 fateri
346 2419 491 2507 pigebat,
508 2419 543 2484 in
558 2426 714 2506 potestate
728 2441 786 2486 sua
793 2418 929 2486 Latinos
941 2419 1009 2487 iam
1021 2441 1084 2486 non
1094 2436 1157 2495 essa

97 2530 129 2579 13
146 2513 375 2600 timebantque,
410 2536 451 2581 ne
480 2513 642 2602 arguendo
671 2512 892 2581 abalienarent.
942 2512 1169 2603 campanam.

147 2609 241 2675 aliam
263 2609 479 2676 condicionem
501 2630 586 2688 esse,
613 2608 668 2695 qui
689 2631 753 2674 non
773 2607 915 2688 foedere,
944 2609 1003 2676 sed
1019 2630 1075 2697 pcr
1089 2602 1157 2673 dedi·

146 2703 265 2771 tionem
281 2703 316 2769 in
331 2702 428 2770 fidem
449 2704 624 2783 venissent3
649 2703 758 2788 itaque
775 2701 973 2791 Campanos,
1003 2724 1061 2771 seu
1079 2698 1156 2768 valia

148 2820 206 2864 seu
226 2797 340 2877 nolint,
364 2799 532 2882 quieturos.
576 2799 610 2863 in
631 2797 758 2864 foedere
775 2799 893 2864 Latino
909 2797 990 2865 nihii
1007 2820 1090 2879 esse,
1109 2810 1156 2880 qut

147 2889 264 2958 bellare
282 2912 355 2957 oum
372 2891 487 2978 quibus
504 2894 566 2981 ipsi
583 2893 681 2959 velint
696 2893 931 2980 prohibeantur.

114 3009 127 3054 1
211 2983 274 3052 ΠΙ,
307 2983 404 3070 Quod
415 3008 602 3073 responsum
616 2988 697 3053 siout
709 2985 823 3055 dubios
833 2983 1009 3067 Samnites,
1028 2985 1154 3074 quidm

147 3080 305 3148 facturum
314 3080 493 3148 Romanum
506 3096 682 3162 censerent,
698 3081 825 3163 dimisit,
838 3081 884 3148 ita
894 3079 1077 3170 Campanos
1088 3084 1165 3145 mett.

148 3176 350 3256 abalienavit,
368 3176 502 3244 Latinos
516 3176 602 3243 velut
615 3176 693 3243 nibil
705 3177 769 3243 iam
782 3198 846 3243 non
858 3170 1154 3244 concedentibnslio·

114 3294 129 3341 2
147 3273 249 3339 manis
266 3271 435 3340 ferociores
452 3271 536 3341 fecit.
563 3272 669 3358 itaque
686 3293 744 3359 per
761 3271 898 3358 speciem
917 3272 1071 3340 adversus
1082 3266 1153 3339 Sm-

147 3368 229 3433 nites
246 3366 321 3433 belii
337 3365 470 3454 parandi
485 3365 596 3434 crebra
609 3366 742 3433 concilia
753 3366 928 3434 indicentes
941 3365 1088 3435 omnibns
1098 3378 1153 3430 om·

149 3458 368 3527 sultationibus
381 3462 462 3529 inter
471 3483 505 3528 se
512 3460 671 3548 principes
681 3461 802 3527 occidte
810 3459 993 3528 Romarm
1003 3455 1153 3546 00un

147 3552 276 3622 beilum.
303 3556 377 3623 huic
389 3579 515 3643 quoque
528 3556 680 3626 adversus
695 3565 871 3623 servatores
889 3579 966 3624 suos
983 3555 1068 3624 ballo
1079 3551 1153 3623 Cn·

115 3668 252 3736 spanus
273 3650 390 3719 aderat.
426 3651 484 3718 sed
504 3673 697 3738 quamquam
719 3650 825 3718 omnia
849 3651 891 3718 da
915 3650 1071 3719 industris
1092 3642 1153 3715 orb·

148 3745 264 3813 bantur
279 3784 323 3798 -
337 3749 523 3835 priusquam
544 3756 745 3816 moverentur
760 3747 913 3828 Romani,
935 3747 1004 3815 tulii
1026 3746 1066 3814 ab
1085 3754 1153 3827 tem

149 3839 325 3911 Samnitem
342 3843 466 3910 hostem
483 3841 798 3911 volebant-tamen
809 3864 867 3930 per
878 3844 1036 3928 quosdam
1046 3830 1153 3929 prins!

146 3937 291 4026 hospitiis
312 3936 660 4024 necessitudinibusque
682 3938 866 4006 coniunctos
892 3937 1010 4005 indicia
1034 3933 1154 4003 crudit·¹

111 4051 130 4099 t
147 4033 241 4101 tionis
252 4033 321 4102 sius
330 4031 466 4102 Romam
479 4043 677 4113 emanarunt,
695 4033 854 4122 iussisque
868 4041 941 4102 ante
958 4042 1081 4121 tompus
1097 4044 1153 4095 cot·
