2566 4524
382 241 501 296 LIBER
517 243 561 312 11,
579 242 621 298 38.
635 242 677 296 39.
698 246 735 310 [a.
748 240 777 296 C.
787 242 850 312 491]
1092 235 1134 300 99

102 407 203 491 ipsos,
232 400 343 466 sedulo
365 399 527 465 audientes
550 398 688 465 secunda
712 399 777 463 irae
804 399 912 477 verba,
941 408 972 465 et
995 423 1053 486 per
1079 426 1134 469 eos

101 496 333 564 multitudinem
356 494 449 559 aliam
470 495 504 558 in
526 494 702 559 subiectum
724 494 793 558 viae
816 516 962 580 campum
989 496 1130 563 deduxit.

99 592 143 658 ibi
160 593 194 655 in
213 587 367 655 contionis
385 587 515 653 modum
533 588 704 653 orationem
722 609 853 652 exorsus
873 594 1007 655 ‘veteres
1025 593 1133 676 populi
1152 617 1167 663 2

100 684 238 752 Romani
260 682 389 747 iniurias
412 681 580 765 cladesque
602 682 705 768 gentis
728 681 930 762 Volscorum,
958 694 993 748 ut
1015 687 1134 752 omnia'

99 780 200 864 inquit
226 775 470 842 ‘obliviscamini
495 776 570 853 alia,
598 776 780 842 hodiernam
806 777 888 841 hanc
914 780 1134 846 contumeliam

98 898 159 960 quo
182 872 314 938 tandem
337 871 442 936 animo
463 869 566 948 fertis,
594 893 658 953 qua
683 893 739 956 per
764 881 902 939 nostram
928 873 1134 960 ignominiam

96 969 188 1035 ludos
206 965 410 1032 commisere?
436 988 477 1029 an
489 988 552 1030 non
571 965 723 1043 sensistis,
743 967 967 1050 triumphatum
984 969 1078 1034 hodie
1092 971 1131 1035 de
1151 990 1166 1037 3

97 1063 188 1128 vobis
204 1059 296 1126 esse?
317 1082 374 1125 vos
388 1058 548 1136 omnibus,
567 1059 703 1137 civibus,
722 1060 910 1147 peregrinis,
929 1071 975 1127 tot
989 1062 1129 1128 finitimis

96 1155 242 1244 papalia,
278 1152 457 1238 spectaculo
484 1152 634 1219 abeuntes
666 1154 780 1232 fuisse,
816 1165 937 1221 vestras
969 1157 1129 1242 coniuges,

96 1262 220 1316 vestros
239 1249 354 1313 liberos
372 1247 532 1313 traductos
549 1269 606 1333 per
624 1271 677 1313 ora
694 1249 876 1313 hominum?
898 1250 974 1335 quid
990 1274 1058 1329 eos,
1076 1253 1132 1335 qui
1150 1274 1167 1320 4

99 1345 247 1411 audivere
265 1365 377 1408 vocem
392 1342 571 1429 praeconis,
590 1343 679 1426 quid,
699 1344 827 1426 quinos
846 1344 951 1410 videre
969 1345 1130 1425 abeuntes,

95 1441 174 1525 quid
191 1462 262 1516 eos,
282 1437 336 1521 qui
353 1438 427 1503 huic
443 1437 652 1526 ignominioso
670 1438 789 1524 agmini
805 1438 894 1505 fuere
907 1438 1006 1517 obvii,
1026 1440 1132 1507 existi-

97 1556 203 1600 masse
220 1532 353 1619 putatis,
375 1532 438 1598 nisi
455 1533 583 1616 aliquod
600 1532 741 1617 profecto
759 1533 849 1598 nefas
869 1556 952 1613 esse3
980 1536 1079 1618 quod,
1104 1537 1132 1602 si

93 1628 279 1696 intersimus
303 1627 496 1712 spectaculo,
520 1625 664 1691 violaturi
683 1628 781 1692 simus
799 1628 891 1694 ludos
908 1629 1130 1714 piaculumque

93 1722 253 1800 merituri,
288 1722 360 1786 ideo
386 1745 445 1786 nos
472 1721 512 1787 ab
540 1721 614 1787 sede
640 1721 778 1807 piorum,
816 1733 907 1788 coetu
937 1725 1130 1809 concilioque

92 1817 202 1904 abigi?
230 1816 306 1899 quid
323 1815 436 1880 deinde
454 1816 532 1881 illud
549 1839 611 1882 non
630 1817 796 1896 succurrit,
820 1817 925 1881 vivere
948 1840 1020 1895 nos,
1044 1822 1163 1900 quoda

92 1910 319 1977 maturarimus
332 1909 507 1995 proficisci?
520 1949 562 1958 -
580 1910 608 1975 si
622 1910 683 1976 hoc
694 1911 846 1996 profectio
860 1921 891 1976 et
904 1934 967 1975 non
980 1911 1058 1998 fuga
1069 1925 1128 1980 est.

95 2016 129 2071 et
140 2007 226 2071 hanc
239 2004 349 2070 urbem
362 2028 419 2071 vos
432 2028 496 2071 non
509 2004 646 2071 hostium
659 2007 786 2084 ducitis,
805 2007 874 2084 ubi,
895 2007 922 2070 si
935 2029 1032 2072 unum
1046 2009 1130 2074 diem

96 2101 210 2166 morati
228 2100 353 2177 essetis,
373 2099 568 2164 moriendum
587 2099 732 2165 omnibus
750 2101 829 2165 fuit?
846 2100 964 2165 bellum
977 2102 1067 2168 vobis
1081 2104 1129 2168 in-

99 2194 219 2259 dictum
237 2203 287 2260 est
304 2217 419 2281 magno
436 2215 545 2259 eorum
562 2194 660 2272 mal0,
679 2194 733 2277 qui
746 2195 900 2272 indixere,
920 2196 947 2259 si
961 2196 1020 2260 viri
1033 2197 1128 2262 estis.’

93 2289 140 2354 ita
162 2298 195 2354 et
216 2311 276 2355 sua
298 2298 408 2374 sponte
430 2288 546 2353 irarum
568 2288 652 2373 pleni
675 2297 706 2351 et
726 2288 846 2353 incitati
863 2289 973 2353 domos
991 2290 1064 2354 inde
1083 2291 1129 2355 di·
1148 2312 1162 2360 6

92 2382 201 2470 gressi
223 2391 296 2447 sunt
317 2382 559 2468 instigandoque
583 2403 657 2445 suos
680 2381 812 2465 quisque
833 2383 966 2468 populos
985 2384 1127 2463 effecere,

93 2486 130 2541 ut
149 2499 246 2542 omne
263 2475 416 2542 Volscum
433 2498 549 2541 nomen
566 2476 721 2549 deficeret,

158 2570 385 2637 XXXVIIII.
422 2570 630 2656 Imperatores
653 2571 694 2635 ad
719 2571 753 2634 id
778 2570 895 2635 bellum
923 2571 961 2634 de
988 2571 1160 2639 omniuml

93 2667 287 2754 populorum
308 2665 462 2731 sententia
482 2665 555 2730 lecti
571 2663 680 2730 Attius
700 2664 823 2730 Tullius
847 2674 878 2729 et
897 2662 956 2730 Cn.
975 2663 1126 2743 Marcius,

93 2762 170 2828 exul
197 2761 376 2839 Romanus,
407 2761 440 2825 in
466 2783 529 2843 quo
556 2759 715 2843 aliquanto
741 2760 812 2844 plus
845 2759 913 2845 spei
943 2759 1125 2844 repositum.

94 2879 194 2941 quam
212 2878 301 2941 spem
318 2876 517 2939 nequaquam
535 2853 659 2931 fefellit,
683 2865 718 2917 ut
735 2853 827 2918 facile
846 2863 1021 2939 appareret,
1040 2853 1128 2918 duci·
1146 2876 1160 2922 2

94 2950 157 3017 bus
176 2950 360 3016 validiorem
378 2972 473 3033 quam
492 2949 630 3014 exercitu
647 2971 714 3014 rem
732 2948 908 3014 Romanam
932 2972 1011 3013 esse.
1048 2947 1128 3014 Cer·

96 3046 183 3111 ceios
209 3045 383 3132 profectus,
410 3044 547 3130 primum
573 3043 700 3110 colonos
727 3044 800 3107 inde
821 3044 982 3107 Romanos
1010 3043 1129 3127 expulit

97 3138 291 3224 liberamque
309 3161 380 3204 eam
397 3137 507 3203 urbem
521 3136 647 3202 Volscis
666 3137 805 3212 tradidit,
824 3136 911 3211 inde,
930 3136 963 3199 in
976 3135 1127 3198 Latinam
1145 3155 1160 3202 a

96 3235 182 3300 viam
201 3233 386 3301 manaversis
404 3233 580 3299 tramitibus
598 3242 829 3320 transgressus,
850 3229 1020 3305 Satricum,
1039 3229 1128 3293 Lon-

94 3329 215 3417 gulam,
229 3327 409 3406 Poluscam,
425 3327 579 3405 Coriolos,
593 3327 744 3403 Bovillas,
758 3326 837 3389 haec
846 3322 998 3388 Romanis
1012 3321 1129 3408 oppida

96 3424 223 3489 ademit.
259 3423 333 3488 iude
345 3422 518 3488 Lavinium
531 3425 662 3508 recepit,
681 3431 748 3487 tum
763 3422 909 3506 deinceps
925 3417 1125 3496 Corbionem,
1145 3439 1162 3486 4

95 3517 268 3596 Vitelliam,
283 3517 444 3595 Trebium,
458 3517 608 3595 Labicos,
622 3516 745 3582 Pedum
760 3515 849 3600 cepit.
881 3523 1073 3600 postremum
1087 3512 1128 3576 ad
1146 3534 1161 3581 o

94 3613 210 3678 urbem
225 3636 247 3677 a
259 3611 349 3677 Pedo
362 3611 449 3679 ducit
463 3621 507 3690 et,
524 3612 567 3677 ad
579 3612 683 3677 fossas
699 3609 830 3675 Cluilias
844 3609 982 3692 quinque
995 3606 1035 3672 ab
1049 3605 1126 3671 urbe

95 3708 183 3774 milia
200 3729 354 3794 passuum
375 3707 486 3772 castris
509 3706 634 3792 positis,
656 3703 824 3791 populatur
841 3703 915 3768 inde
933 3725 1043 3789 agrum
1061 3701 1128 3766 Ro-

95 3825 227 3868 manum
246 3800 428 3867 custodibus
446 3802 526 3866 inter
541 3799 742 3888 populatores
761 3798 881 3876 missis,
905 3799 959 3882 qui
981 3793 1159 3883 patricio-6

94 3920 166 3962 rum
189 3919 285 3984 agros
306 3896 439 3963 intactos
463 3904 636 3973 servarent,
663 3894 730 3959 sive
752 3892 894 3958 infensus
917 3890 1003 3977 plebi
1024 3887 1125 3972 magis

97 3992 164 4058 sive
191 4001 228 4058 ut
254 3991 410 4058 discordia
434 3992 507 4057 inde
532 3991 613 4056 inter
637 3999 742 4076 patres
769 3988 955 4074 plebemque
978 3991 1123 4049 oreretur.

922 4086 956 4137 7*
