2566 4524
130 278 172 342 84
394 288 513 343 LIBER
530 289 571 351 Π,
589 288 631 341 r2.
645 287 688 340 23.
709 290 784 355 [au.
795 286 892 356 aras]

129 471 187 515 sex
203 447 290 512 milia
303 445 428 512 Latinis
446 445 638 510 remitterent
655 454 687 509 et
703 444 743 509 de
756 443 898 522 foedere,
916 444 1006 529 quod
1017 445 1150 530 propein

127 553 314 629 perpetuum
339 550 490 626 negatum
516 539 632 617 fuerat,
667 561 734 603 rem
760 539 802 604 ad
826 560 927 603 novos
956 538 1149 626 meginradi

95 638 304 709 etraieerent.
349 635 509 699 enimvero
539 644 608 698 tum
633 633 744 699 Latini
774 633 912 721 gaudere
937 633 1039 712 facto,
1073 634 1148 720 pacis
1185 680 1187 707 ,

129 741 272 796 auctores
299 729 332 793 in
357 728 477 813 ingenti
503 728 604 814 gloria
634 750 715 793 esse.
759 750 907 792 coronam
936 746 1067 793 auream
1090 727 1148 793 Iovi

129 826 249 889 donum
270 823 303 887 in
322 821 513 909 Capitolium
536 823 672 886 mittunt.
709 844 782 886 cum
803 820 917 908 legatis
940 821 1086 906 donoque
1104 821 1148 906 qui

130 918 326 1004 captivorum
348 917 472 982 remissi
494 917 535 981 ad
561 940 636 981 suos
662 917 801 994 fuerant,
828 939 945 1003 magna
971 917 1149 983 sammua

98 1038 112 1082 7
130 1012 298 1077 multitudo
310 1011 406 1075 venit.
438 1020 573 1097 pergrmt
591 1011 701 1076 domos
720 1033 843 1088 eorum,
860 1011 947 1096 apud
963 1033 1059 1095 quem
1076 1011 1149 1097 quir·

129 1131 192 1193 que
211 1107 396 1185 servierant,
419 1107 536 1194 gratias
555 1117 654 1193 agimt
671 1106 840 1171 liberaliter
856 1105 957 1173 habiti
973 1106 1148 1192 cultiquein

131 1202 307 1267 calamitate
321 1225 388 1279 sua,
407 1202 480 1265 inde
493 1201 630 1287 hospitia
641 1201 786 1287 iungimt.
813 1223 986 1284 numquam
999 1201 1078 1266 alias
1088 1208 1147 1267 aaa

130 1295 255 1382 publice
268 1297 476 1382 privatimque
488 1296 641 1361 Latinum
654 1318 770 1361 nomen
781 1295 927 1361 Romano
939 1296 1073 1382 imperio
1088 1317 1148 1361 eon·

131 1392 268 1457 iunctius
286 1391 356 1456 fuit

98 1507 112 1554 1
194 1485 332 1551 XXIIL
356 1483 423 1552 Sed
440 1494 472 1550 et
488 1485 606 1551 bellum
616 1483 771 1551 Volscum
787 1484 972 1551 imminebat
990 1496 1023 1551 et
1040 1485 1144 1560 civius,

132 1602 241 1645 secum
261 1580 333 1665 ipsa
350 1580 483 1657 discors,
506 1581 654 1644 intestino
676 1581 757 1645 inter
778 1590 883 1666 patres
900 1578 1089 1666 plebemque
1102 1578 1146 1645 fla-

97 1694 113 1741 2
130 1675 244 1762 grabat
261 1676 347 1752 odio,
367 1676 503 1740 maxime
524 1685 653 1762 propter
669 1698 769 1740 nexos
787 1676 828 1741 ob
846 1698 900 1740 aes
918 1675 1066 1741 alienum.
1096 1672 1147 1739 ire-

129 1769 267 1848 mebant,
282 1793 327 1848 se,
341 1771 419 1835 foris
437 1793 494 1855 pro
511 1770 655 1835 libertate
674 1780 705 1834 et
721 1770 854 1855 imperio
867 1769 1064 1849 dimicantes,
1076 1766 1146 1835 doni

130 1889 151 1929 a
173 1864 295 1932 civibus
319 1879 427 1950 captos
451 1876 481 1930 et
504 1888 672 1950 oppressos
696 1886 767 1929 esse
793 1865 1004 1949 tutioremque
1026 1866 1060 1931 in
1078 1862 1145 1930 bello

131 1981 227 2041 quam
248 1959 282 2022 in
303 1982 382 2044 pace
405 1969 436 2024 et
453 1960 534 2024 inter
550 1960 651 2025 hostis
670 1981 766 2043 quam
783 1959 864 2023 inter
881 1959 967 2024 cives
984 1958 1144 2025 libertatern

132 2051 234 2137 plebis
253 2075 338 2130 esse,
357 2054 571 2138 invidiamque
589 2079 672 2132 eam,
692 2079 750 2120 sua
768 2064 879 2140 sponte
896 2054 1095 2141 gliscentem,
1109 2053 1144 2119 iu·
1184 2050 1187 2087 ³

132 2145 232 2231 signis
250 2146 344 2211 unius
363 2146 524 2213 calamitas
543 2150 695 2214 accendit.
1185 2236 1187 2241 Ι

99 2258 114 2305 3
196 2239 318 2326 Magno
340 2252 417 2306 natu
438 2243 566 2326 quidam
594 2266 665 2308 cum
689 2243 830 2308 omnium
855 2242 1010 2308 malorum
1032 2262 1142 2309 sucum
1182 2266 1187 2275 ·

131 2333 307 2420 insignibus
324 2359 357 2401 se
370 2337 404 2400 in
416 2337 520 2402 forum
532 2338 671 2423 proiecit.
699 2337 802 2402 obsita
815 2348 881 2402 erat
896 2339 1041 2421 squalore
1054 2335 1142 2411 veslit,

97 2446 114 2490 4
131 2426 253 2494 foedior
267 2431 404 2516 corporis
418 2431 544 2496 habitus
557 2431 676 2516 pallore
690 2453 727 2494 ac
740 2432 840 2496 macie
858 2432 1028 2518 perempti,
1047 2431 1143 2498 adhoc

130 2524 287 2608 promissa
303 2524 403 2591 barba
421 2536 452 2590 et
466 2527 570 2612 capilli
588 2525 795 2590 efferaverant
809 2526 947 2610 speciem
960 2526 1035 2593 oris.
1061 2522 1143 2592 noad-

132 2616 257 2682 tabatur
269 2630 374 2684 tamen
386 2620 419 2683 in
433 2630 521 2684 tanta
538 2620 745 2696 deformitate,
766 2629 797 2684 et
810 2620 934 2685 ordines
953 2621 1082 2687 duxisse
1096 2617 1144 2685 aie

131 2710 208 2776 bant
230 2713 354 2797 aliaque
376 2715 504 2779 militiae
527 2715 641 2779 decora
657 2714 755 2801 vulgo
773 2715 958 2781 miserantes
978 2739 1051 2782 eum
1068 2717 1145 2781 iace

133 2803 219 2883 bant,
238 2807 307 2891 ipse
325 2817 421 2872 testes
439 2808 642 2874 honestarum
659 2810 778 2893 aliquot
794 2810 871 2875 locis
889 2832 1069 2897 pugnarum
1082 2810 1145 2877 cicr-

100 2917 116 2962 5
134 2898 228 2963 trices
246 2902 379 2966 adverso
396 2912 522 2986 pectore
536 2904 722 2970 ostentabat.
752 2904 994 2983 sciscitantibus,
1009 2906 1093 2971 unde
1105 2900 1145 2969 ile

133 2991 270 3072 habitus,
290 2997 373 3061 unde
387 2998 579 3075 deformitas,
599 3021 670 3062 cum
686 2999 877 3064 circumfusa
890 2998 982 3065 turba
997 3011 1050 3066 est
1066 3014 1146 3087 propt

133 3087 166 3151 in
185 3090 338 3156 contionis
356 3093 499 3169 modum,
520 3091 641 3158 Sabino
659 3092 740 3157 bello
759 3094 802 3157 ait
820 3117 855 3158 se
871 3094 1070 3174 militantem,
1087 3090 1147 3177 quir

51 3198 56 3205 '
132 3195 260 3271 propter
280 3188 500 3273 populationes
523 3189 591 3276 agri
612 3211 677 3252 non
699 3187 804 3253 fructu
825 3189 920 3254 modo
937 3191 1087 3269 caruerit,
1102 3182 1171 3263 sed¹

132 3279 207 3343 villa
224 3279 353 3344 incensa
365 3281 468 3359 fuerit,
483 3282 605 3367 direpta
619 3281 733 3359 omnia,
747 3304 862 3366 pecora
875 3281 997 3361 abacta,
1012 3282 1150 3349 cibutum

101 3372 241 3456 uinique
264 3397 321 3438 suo
344 3385 484 3459 tempore
506 3376 696 3460 inparatum,
721 3399 774 3440 aes
798 3376 933 3441 alienum
956 3377 1084 3443 fecisse.
1113 3373 1148 3450 id,

132 3466 326 3532 cumulatum
339 3469 453 3546 usuris,
467 3469 567 3555 primo
582 3493 616 3534 se
631 3493 707 3556 agro
720 3480 848 3555 paterno
863 3471 1010 3555 avitoque
1024 3472 1149 3545 amesa

132 3559 246 3624 deinde
264 3560 396 3626 fortunis
415 3563 498 3641 aliis,
517 3573 675 3648 postremo
693 3563 779 3628 velut
797 3564 901 3629 tabem
919 3560 1151 3651 pervenisaeed

133 3673 261 3739 corpus:
285 3655 412 3721 ductum
436 3680 469 3722 se
492 3657 532 3723 ab
551 3658 701 3723 creditore
719 3681 783 3723 non
799 3658 833 3722 in
852 3659 1028 3739 servitium,
1053 3656 1152 3727 sedin

100 3773 113 3817 7
134 3749 325 3834 ergastulum
347 3761 379 3816 et
400 3752 612 3817 carnificinam
634 3775 714 3817 csse.
754 3752 827 3817 inde
854 3763 1012 3819 ostentare
1039 3764 1152 3842 tergun

132 3842 261 3908 foedum
277 3847 455 3912 recentibus
473 3847 614 3933 vestigiis
632 3848 808 3913 verberum.
841 3849 882 3913 ad
898 3848 978 3915 haec
990 3850 1062 3915 visa
1074 3847 1153 3915 audi·

131 3946 226 4021 taque
244 3938 361 4005 clamor
373 3941 484 4028 iugens
500 3941 605 4006 oritur.
632 3964 696 4006 non
708 3942 772 4006 iam
786 3943 856 4009 foro
870 3966 904 4008 se
919 3945 1073 4010 tumultus
1092 3962 1152 4010 sus·
1184 4008 1187 4031 ¹

99 4048 115 4099 8
132 4030 218 4112 tinet,
233 4036 290 4100 sed
305 4036 425 4122 passim
440 4046 537 4101 totam
551 4040 661 4103 urbem
675 4039 827 4123 pervadit.
854 4039 929 4104 nexi
943 4039 1039 4106 vincti
1053 4035 1153 4105 soluti·
