2566 4524
301 254 609 326 nruuuvr,1o.11.
630 258 668 324 [a.
680 253 851 326 osseum]
1030 245 1097 316 315

78 438 163 482 srum
181 423 302 493 tenere,
328 413 430 499 primo
451 412 707 501 populationibus
729 414 799 501 agri
820 424 917 482 terror
939 427 988 483 est
1005 419 1096 505 oppi-

77 511 151 576 lmis
169 509 315 575 admotus
321 533 330 587 3
357 507 485 588 deinde,
507 517 677 595 postquam
694 509 861 577 deditionis
880 532 976 596 quam
994 514 1129 585 socie-4

77 605 133 670 atis
157 605 239 671 fides
267 603 403 670 sanctior
428 612 508 684 erat,
536 603 677 670 fascibus
700 614 929 673 sarmentorum
956 630 996 673 ex
1016 631 1094 696 agro

77 699 191 766 ronlatis
218 700 332 766 ductus
355 699 396 765 ad
421 699 547 765 moenia
572 699 729 765 exercitus
757 701 972 787 conpletisque
998 703 1093 770 fossis

77 794 164 861 scalae
180 793 342 873 admotae;
361 802 394 860 et
410 793 547 860 clamore
563 794 664 881 primo
681 788 864 881 impetuque
878 797 1029 885 oppidum
1043 820 1095 864 cs·

77 890 152 974 pitur.
187 887 355 974 Nepesinis
373 887 446 953 inde
463 888 616 967 edictum,
635 898 671 955 ut
687 913 775 956 arma
791 900 925 977 ponant,
943 893 1094 978 parcique
1112 913 1128 963 s

77 983 182 1050 iussum
198 982 325 1063 inermi5
342 981 472 1048 Etrusci
488 983 605 1070 pariter
617 985 728 1050 armati
742 994 836 1069 etque
847 986 983 1052 inermes
998 988 1092 1054 caesi

77 1076 290 1165 Nepesinorum
308 1099 433 1162 quoque
455 1087 599 1146 auctores
622 1080 788 1146 deditionis
812 1080 915 1146 securi
935 1083 1092 1167 percussi3
1160 1076 1162 1081 ’

78 1171 204 1238 innoxiae
226 1171 418 1237 multitudini
439 1173 579 1239 redditae
600 1196 651 1240 res
674 1175 887 1261 oppidumque
909 1197 982 1240 cum
1003 1198 1094 1261 prae-

80 1266 145 1332 sidio
166 1266 317 1333 relictum
362 1267 406 1332 ita
432 1267 555 1334 duabus
583 1269 676 1334 sociis
699 1268 831 1335 urbibus
858 1291 899 1334 ex
926 1268 1018 1335 hoste
1044 1291 1127 1343 re·s

79 1361 160 1447 ceptis
176 1361 327 1427 victorem
342 1362 516 1428 exercitum
539 1362 656 1429 tribuni
678 1385 751 1429 cum
772 1387 888 1452 magna
909 1363 1011 1453 gloria
1026 1365 1094 1432 Ro·

77 1476 147 1522 mam
160 1456 362 1523 reduxerunt.

125 1551 248 1617 Eodem
261 1574 342 1617 anno
356 1550 397 1617 ab
405 1551 532 1618 Latinis
541 1551 753 1637 Hernicisque
766 1575 816 1618 res
830 1554 981 1641 repetitae
995 1575 1094 1639 quae·

77 1645 232 1732 situmque,
249 1667 307 1712 cur
321 1668 379 1733 per
397 1669 452 1712 eos
470 1670 570 1714 annos
589 1648 720 1714 militem
738 1671 778 1714 ex
794 1649 938 1715 instituto
956 1672 1020 1715 non
1038 1649 1094 1715 de-

77 1739 189 1809 dissent
232 1764 421 1829 responsum
446 1740 602 1826 frequenti
632 1743 795 1827 utriusque
825 1744 929 1830 gentis
960 1744 1126 1815 concilior

77 1844 121 1915 nt,
136 1857 195 1902 nec
212 1837 337 1923 culpam
354 1836 388 1901 in
401 1858 439 1901 eo
452 1835 611 1923 publicam
625 1859 683 1903 nec
697 1836 863 1903 consilium
876 1836 987 1918 fuisse,
1006 1837 1093 1922 quod

77 1950 138 1999 ruse
152 1929 323 1998 iuventutis
344 1930 442 2017 aliqui
460 1933 545 2019 apud
561 1930 698 1999 Volscos
720 1932 930 2000 militaverint.
966 1955 1021 1999 eos
1044 1942 1126 2003 tas
1225 1972 1228 1977 ·

77 2045 135 2091 nen
152 2026 239 2112 ipsos
261 2026 351 2112 pravi
372 2025 495 2092 consilii
516 2048 652 2112 poenam
676 2025 794 2093 habere
815 2049 875 2094 nec
900 2049 1092 2113 quemquam

77 2140 105 2187 tx
117 2120 166 2187 lris
182 2121 332 2187 reducem
349 2142 430 2187 esse.
465 2121 573 2186 militis
591 2130 697 2188 autern
714 2145 779 2187 non
796 2122 863 2189 dati
884 2144 1014 2189 causam
1031 2132 1093 2188 ter-

77 2238 161 2282 orsm
183 2215 351 2281 adsiduum
372 2239 392 2281 a
413 2213 541 2282 Volscis
562 2215 677 2293 fuisse,
705 2238 801 2301 quam
826 2226 949 2302 pestem
976 2216 1093 2283 adhae-

77 2319 179 2376 entem
196 2309 286 2375 lateri
308 2332 366 2376 suo
388 2318 435 2376 tot
456 2332 551 2396 super
573 2309 635 2376 alia
656 2308 725 2375 aliis
747 2308 839 2375 bellis
862 2310 1020 2376 exhauriri
1036 2332 1093 2375 ne-

77 2404 177 2490 [uisse.
212 2427 294 2489 quae
311 2404 409 2471 relata
424 2404 567 2492 patribus
585 2405 687 2492 magis
705 2413 830 2491 tempus
849 2426 945 2490 quam
961 2426 1091 2471 causam
1110 2424 1125 2473 a

77 2521 123 2566 ron
138 2499 208 2566 visa
225 2499 300 2565 belli
317 2498 442 2566 habere.

125 2593 187 2660 XI.
227 2593 413 2678 Insequenti
428 2617 526 2673 anno,
544 2592 587 2660 A.
606 2592 743 2673 Manlio,
761 2592 800 2659 P.
821 2592 982 2673 Cornelio,
1002 2593 1041 2660 Τ.
1061 2601 1126 2662 etr

77 2688 102 2755 'a
119 2688 276 2774 Quinctiis
295 2688 496 2776 Capitolinis,
519 2691 562 2755 L.
579 2689 707 2777 Papirio
726 2688 865 2757 Cursore
882 2690 1010 2769 iterum,
1035 2687 1091 2777 [C.

77 2782 175 2873 largio
191 2782 319 2872 iterum]
338 2784 472 2851 tribunis
490 2784 648 2851 consulari
664 2793 835 2871 potestate,
858 2807 955 2872 grave
972 2783 1092 2851 bellum

77 2878 150 2959 uris,
172 2879 299 2967 gravior
316 2878 402 2945 domi
420 2878 532 2945 seditio
550 2888 672 2946 exorta:
699 2879 817 2946 bellum
835 2879 875 2945 ab
892 2877 1019 2946 Volscis
1037 2879 1127 2946 ada

77 2983 167 3041 uncta
185 2974 374 3040 Latinorum
400 2983 494 3059 atque
514 2972 726 3040 Hernicorum
752 2972 942 3052 defectione,
970 2973 1092 3053 seditio,

77 3068 145 3135 nus
160 3068 290 3135 minime
307 3068 410 3135 timeri
425 3069 540 3155 potuit,
567 3092 588 3135 a
608 3067 756 3156 patriciae
777 3067 880 3155 gentis
902 3067 970 3133 viro
993 3077 1024 3133 et
1044 3068 1094 3132 in-

77 3162 156 3229 litae
170 3162 284 3242 lamae,
301 3161 350 3228 M
360 3161 483 3230 Manlio
497 3161 685 3250 Capitolino.
712 3162 768 3247 qui
780 3161 895 3227 nimius
909 3161 1006 3225 animi
1019 3182 1093 3226 cum
1109 3183 1126 3230 a

77 3255 139 3323 lios
154 3258 313 3346 principes
333 3267 501 3345 sperneret,
519 3258 575 3324 uni
591 3256 745 3328 invideret
757 3255 873 3322 eximio
887 3253 981 3321 simul
995 3253 1093 3321 hono·

77 3350 147 3419 ibus
161 3361 257 3437 atque
269 3350 447 3431 virtutibus,
464 3351 513 3419 M.
522 3351 629 3430 Furio,
647 3372 741 3438 aegre
754 3347 885 3428 ferebat,
904 3348 1007 3415 solum
1019 3370 1094 3415 cum

77 3446 363 3536 magistratibus,
387 3448 490 3514 solum
507 3447 592 3534 apud
609 3445 764 3512 exercitus
783 3467 867 3525 esse,
890 3453 1013 3511 tantum
1029 3444 1093 3511 iam
1110 3464 1129 3515 4

77 3542 211 3622 minere,
233 3553 271 3609 ut
287 3542 390 3609 isdem
407 3542 555 3630 auspiciis
573 3550 694 3608 creatos
712 3563 776 3607 non
792 3561 849 3628 pro
868 3539 1013 3627 collegis,
1037 3540 1094 3606 sed

77 3658 116 3703 ro
131 3636 286 3703 ministris
304 3636 432 3717 habeat,
451 3660 524 3703 cum
540 3635 679 3715 interim,
702 3635 730 3702 si
747 3635 818 3721 quis
835 3657 910 3701 vere
926 3635 1093 3701 aestimare

77 3730 148 3811 stit,
177 3754 198 3797 a
212 3729 263 3798 M.
280 3731 380 3799 Furio
397 3732 573 3819 recuperari
589 3731 691 3819 patria
713 3753 753 3796 ex
774 3728 938 3798 obsidione
954 3728 1094 3796 hostium

77 3846 123 3893 cn
138 3826 288 3913 potuerit,
305 3827 369 3894 uisi
385 3851 406 3894 a
422 3850 457 3896 se
473 3828 561 3916 prius
576 3825 770 3913 Capitolium
788 3836 882 3912 atquo
895 3849 953 3893 arx
968 3832 1094 3892 servata

77 3929 159 4002 ποις
188 3929 221 3988 ot
237 3919 291 3989 illo
311 3922 393 3989 inter
413 3945 526 3990 aurum
547 3921 765 4009 accipiendum
785 3930 817 3988 ot
837 3921 872 3986 in
893 3941 983 4007 spem
1003 3917 1091 4005 pacis
1108 3934 1126 3986 a

78 4013 174 4084 olutis
192 4014 306 4084 animis
324 4013 434 4086 Gades
452 4017 622 4106 adgressus
640 4015 695 4098 sit,
721 4015 791 4104 ipse
808 4022 945 4083 armatos
967 4011 1094 4098 capien-

1030 4168 1220 4262 rhu
