2566 4524
217 242 281 307 470
452 250 571 307 LIBER
587 249 688 322 VIIII,
705 249 748 305 26.
761 248 806 304 27.
827 251 902 318 [aa
912 246 1015 320 allo]

217 413 318 480 honos
341 409 462 477 delatus
484 409 527 475 ad
546 430 598 474 me
620 407 708 474 testis
731 414 780 473 est
800 381 998 475 innocentiae
1019 431 1124 476 meae:
1149 430 1235 497 nequo

219 505 317 585 onim,
341 504 427 590 quod
443 525 539 589 saepe
557 502 649 581 alias,
672 502 747 587 quia
763 501 808 567 ita
823 509 967 589 tempora
983 501 1186 590 posbrlnbant
1197 502 1236 571 rei
1271 497 1275 566 ff

218 598 375 687 publicae,
389 598 444 683 qui
460 594 544 663 bello
558 595 749 661 clarissimus
768 604 861 675 essct,
876 595 934 662 sed
952 595 1010 681 qui
1026 597 1164 665 maxime
1176 618 1252 686 prc.

220 691 405 761 culasz
427 688 613 756 coitionibus
635 690 733 755 vitam
755 689 885 778 egisset,
909 689 1045 758 dictator
1066 690 1238 780 deligendus

170 812 203 863 15
221 785 403 856 exercendis
421 782 656 869 quaestionibus
674 783 743 850 fuit
775 782 1001 868 sedquoniam
1018 784 1147 871 quidem
1161 783 1243 853 nobi.

219 883 267 948 les
284 878 427 947 homines
436 899 550 963 -qua
567 878 607 943 de
620 900 725 957 causa,
740 899 797 944 vos
815 877 997 944 existimare
1014 900 1114 967 quarn
1127 901 1175 946 mc
1185 900 1238 968 pm

220 975 408 1063 magistratu
420 972 588 1058 quicquam
606 972 823 1058 inconpertum
836 972 940 1039 dicere
952 972 1073 1041 melius
1085 971 1241 1063 est-prl-

221 1092 310 1136 mum
330 1068 417 1155 ipsas
440 1089 621 1154 expugnare
643 1068 842 1151 quaestiones
860 1067 946 1133 omni
968 1088 1031 1155 ope
1050 1068 1154 1135 adnisi
1167 1076 1239 1148 sun,

171 1188 203 1238 ιι
221 1165 309 1244 dein,
330 1171 499 1249 postquam
520 1161 562 1227 ad
582 1161 615 1226 id
636 1183 748 1246 parurn
770 1170 913 1248 potentes
936 1172 1041 1242 erant,
1065 1186 1108 1229 ne
1128 1184 1241 1231 caum

222 1260 370 1337 dicerent,
387 1256 421 1321 in
437 1255 594 1343 praesidia
611 1256 870 1337 adversariorum,
889 1257 1138 1344 appellationem
1153 1270 1184 1325 et
1196 1257 1246 1325 u‘a-

171 1376 202 1425 17
222 1351 383 1420 bunioium
400 1350 560 1430 auxilium,
578 1349 701 1437 patricii
718 1350 937 1438 confugerunt,
955 1362 1123 1438 postremo
1137 1349 1242 1441 repulsi

152 1447 156 1458 '
220 1448 295 1513 inde
312 1484 355 1495 -
372 1445 452 1511 adeo
474 1444 579 1511 omnia
604 1445 723 1533 tutiora?
745 1467 840 1528 quam
861 1454 897 1511 ut
922 1446 1142 1515 innocentiam
1164 1468 1242 1513 sunu

221 1550 391 1628 purgarent
409 1539 477 1604 visa
493 1574 536 1585 —
553 1539 587 1604 in
603 1560 661 1604 nos
679 1539 851 1620 inruerunt,
870 1549 901 1605 et
919 1541 1055 1627 privatis
1074 1542 1242 1609 dictatorcm

172 1656 204 1706 18
222 1656 351 1722 poscere
368 1655 456 1700 reum
469 1633 675 1699 verecundiae
688 1656 753 1699 non
769 1633 843 1700 fuit:
861 1644 896 1700 ut
908 1658 1022 1702 omnes
1035 1637 1083 1702 dii
1100 1636 1241 1704 hominos·

223 1751 285 1814 que
307 1728 420 1808 sciant,
443 1726 483 1794 ab
505 1728 567 1794 illis
589 1729 683 1794 etiam
705 1750 787 1813 quae
804 1752 869 1796 non
888 1729 1015 1817 possint
1031 1732 1192 1819 temptari,
1208 1750 1240 1797 nt

221 1824 373 1890 rationem
390 1823 474 1889 vitae
491 1823 637 1901 reddant,
658 1844 710 1887 me
728 1821 854 1889 obviam
874 1823 920 1889 ire
942 1824 1073 1890 crimini
1094 1834 1128 1892 et
1146 1824 1241 1892 offatm

172 1939 204 1989 19
222 1941 273 1983 me
290 1917 425 1984 inimicis
442 1940 540 1996 reum,
558 1917 712 1983 dictatura
728 1941 779 1983 me
797 1918 918 1984 abdico.
953 1941 1014 1985 vos
1032 1938 1167 2004 quaeso,
1181 1940 1243 1987 cona

224 2012 322 2089 sulas,
346 2010 374 2075 si
389 2009 480 2074 vobis
502 2010 611 2075 datum
633 2010 673 2075 ab
697 2020 809 2077 senatu
829 2013 994 2100 negotium
1016 2011 1131 2093 fuerit,
1152 2014 1184 2080 in
1199 2018 1240 2078 nt

222 2105 359 2190 primum
382 2112 412 2168 et
437 2103 521 2168 hunc
542 2102 590 2168 M.
608 2103 752 2171 Foslium
778 2106 978 2192 quaestiones
1006 2109 1242 2187 exerceamur

222 2207 380 2285 appareat,
399 2198 576 2264 innocentia
592 2207 701 2265 nostra
717 2223 785 2279 nos,
799 2222 862 2266 non
875 2201 1043 2267 maiestate
1061 2202 1189 2270 honoris
1203 2208 1242 2267 tr·

171 2316 204 2364 ιο
223 2303 270 2359 tos
289 2316 308 2358 a
325 2291 591 2359 criminationibus
608 2293 678 2358 istis
697 2295 788 2361 esse?
817 2294 941 2359 abdicat
957 2292 1034 2361 inde
1055 2297 1241 2365 sedicem

142 2397 143 2400 ’
224 2396 343 2472 etpost
360 2408 433 2451 eum
451 2386 616 2453 confestim
633 2386 760 2454 Foslius
778 2389 958 2476 magisterio
978 2390 1136 2475 equitum,
1152 2386 1241 2477 pnm'·
1282 2447 1283 2460 ,

223 2503 283 2565 que
302 2481 386 2567 apud
403 2480 548 2547 consules
568 2499 609 2529 -·
626 2481 664 2547 iis
683 2482 766 2547 enim
785 2483 824 2549 ab
843 2492 953 2549 senatu
970 2485 1127 2552 mandata
1142 2507 1191 2551 res
1204 2488 1241 2549 cd

223 2613 265 2625 -
282 2576 329 2640 rei
351 2575 428 2641 facti
451 2575 602 2641 adversus
624 2575 777 2641 nobilium
798 2576 977 2642 testimonia
1000 2580 1135 2666 egregie
1156 2574 1241 2647 absul-

172 2694 202 2742 21
223 2680 347 2736 vuntur.
381 2669 537 2736 Publilius
555 2671 650 2736 etiam
661 2669 755 2736 Philo
772 2672 987 2758 multiplicatis
1006 2676 1145 2741 summis
1160 2674 1241 2740 hono

222 2767 310 2832 ribus
328 2775 401 2851 post
418 2787 469 2829 ros
488 2774 534 2830 tot
552 2766 638 2831 domi
658 2766 804 2851 belloque
825 2776 947 2853 gestas,
971 2776 1119 2835 ceterum
1138 2768 1240 2835 inrisu

173 2882 205 2930 aa
224 2858 393 2934 nobilitati,
413 2879 541 2923 causam
559 2860 637 2924 dixit
655 2860 880 2944 absolutusque
898 2869 956 2926 est.
994 2885 1058 2929 nec
1076 2862 1240 2941 diutiuaut

224 2953 268 3030 fit,
283 2974 378 3036 quam
396 2952 472 3017 dum
488 2976 597 3019 recens
616 2966 691 3032 erat,
706 2955 847 3039 quaestio
864 2978 921 3041 per
938 2955 1025 3021 clara
1043 2958 1174 3025 nomina
1186 2974 1241 3021 reo·

223 3070 293 3112 rum
312 3046 426 3134 viguit3
448 3048 521 3112 inde
538 3048 603 3114 labi
620 3048 722 3133 coepit
739 3049 780 3113 ad
797 3049 906 3115 viliora
927 3050 1049 3135 capita,
1074 3053 1175 3119 donec
1191 3044 1241 3115 coi·

186 3162 189 3169 ·
224 3141 362 3208 tionibus
380 3141 642 3226 factionibusque,
657 3142 808 3209 adversus
826 3165 905 3226 quas
919 3154 1099 3231 conparata
1116 3153 1240 3228 embol)-

222 3260 332 3323 pressa
350 3245 407 3301 est.

190 3354 204 3399 1
287 3329 437 3396 XXVIL
460 3329 581 3396 Earum
598 3331 684 3397 fama
700 3355 814 3410 rerum,
832 3331 935 3417 magis
952 3339 1066 3399 tamen
1080 3331 1239 3422 spescsu

222 3447 324 3511 panae
342 3424 541 3504 delectionis,
563 3425 596 3490 in
614 3418 710 3511 qiram
727 3427 921 3492 coniuratum
939 3437 1023 3505 erat,
1046 3421 1238 3495 Samaritani!

189 3538 206 3584 2
223 3518 375 3604 Apuliam
392 3541 501 3587 versos
518 3543 628 3588 nunus
647 3522 688 3587 ad
706 3520 863 3587 Caudium
880 3522 1057 3600 revocavit,
1076 3535 1114 3589 ut
1129 3522 1197 3589 inde
1208 3534 1238 3583 u

222 3614 409 3699 propinquo,
429 3614 524 3699 siqui
540 3624 644 3681 motus
664 3616 861 3681 occasionem
878 3613 1024 3702 aperiret,
1036 3611 1238 3705 Capuamllo·

189 3707 324 3773 amanis
347 3707 510 3794 eriperent.
548 3731 585 3774 eo
608 3709 753 3775 consules
776 3730 848 3774 cum
870 3707 977 3774 valido
1000 3712 1147 3777 exercitu
1164 3722 1238 3773 ronc-

222 3811 304 3866 runt.
336 3811 367 3867 et
383 3801 485 3888 primo
503 3801 585 3888 circa
603 3802 711 3881 saltus,
730 3825 802 3868 cum
819 3803 979 3887 utrimque
997 3803 1042 3869 ad
1058 3804 1181 3871 hostem
1192 3794 1237 3863 inl·

189 3915 207 3963 4
223 3917 286 3980 qua
303 3896 355 3961 via
372 3905 471 3973 esset,
493 3898 630 3962 cunctati
648 3906 734 3976 sunt3
761 3896 874 3963 deinde
892 3893 1060 3967 Samnites
1078 3921 1137 3987 per
1150 3898 1236 3983 spab

222 3988 293 4056 loca
309 3988 398 4056 brevi
420 3989 551 4056 circuitu
568 3990 603 4057 in
619 3991 689 4058 loca
705 3991 812 4078 plana,
833 3989 1020 4078 Campanos
1037 4013 1180 4081 campos,
1192 4003 1236 4071 ιε’-
