2566 4524
209 240 250 304 16
462 249 581 305 LIBER
594 249 622 320 Ι,
641 250 683 304 12.
702 250 977 321 13.[au.e.1-37]

173 431 190 478 o
207 409 289 475 valle
307 409 447 476 tendunt.
484 419 516 472 at
534 422 583 486 tu,
604 417 694 493 pater
710 408 805 473 deum
821 406 1061 491 hominumque,
1083 407 1160 474 hino
1176 409 1229 474 sal-

207 513 271 570 tem
288 526 360 569 arce
377 503 499 579 hostes,
526 502 617 566 deme
640 512 789 567 terrorem
806 501 958 566 Romanis
975 501 1151 589 fugamque
1171 501 1228 567 loe·

172 599 281 666 edam
312 598 397 663 siste.
440 596 493 660 hie
522 618 582 684 ego
612 594 670 660 tibi
701 594 853 680 templum
885 593 1004 660 Statori
1028 596 1116 674 Iovi,
1153 595 1229 681 quod

206 699 445 758 monumentum
470 689 511 754 sit
535 690 684 774 posteris,
720 699 775 753 tua
804 690 962 774 praesenti
992 713 1053 776 ope
1080 700 1232 756 servatam

173 785 318 853 turbem
342 805 427 861 esse,
458 783 577 849 voveo!
616 783 695 848 haee
720 794 881 869 precatus,
917 784 1004 848 velut
1029 785 1057 848 si
1084 784 1232 849 sensisset

207 880 329 945 auditas
351 900 474 964 preces,
498 877 609 955 ‘hino,’
630 879 732 963 inquit
753 879 917 957 ‘Romani,
939 879 1084 964 Iuppiter
1099 879 1232 965 optimus

206 974 364 1039 maximus
380 973 525 1038 resistere
547 983 641 1058 atque
662 974 774 1038 iterare
794 996 935 1060 pugnam
955 971 1063 1038 iubet?
1096 974 1232 1039 restitere

206 1067 344 1133 Romani
370 1077 530 1150 tamquam
556 1067 683 1132 caelesti
709 1089 787 1133 voce
808 1068 896 1132 iussi
931 1067 1001 1153 ipse
1022 1066 1066 1131 ud
1084 1066 1231 1152 primores

205 1161 362 1227 Romulus
379 1161 532 1247 provolat.

171 1283 188 1329 g
269 1255 403 1320 Mettius
422 1254 551 1321 Curtius
569 1254 609 1321 ab
629 1254 758 1323 Sabinis
775 1255 920 1341 princeps
939 1253 979 1319 ab
997 1276 1070 1319 aroe
1086 1255 1232 1321 decucur-

205 1359 289 1415 rerat
309 1359 341 1415 et
362 1349 480 1414 effusos
503 1359 610 1436 egerat
625 1350 788 1415 Romanos
810 1358 876 1414 toto
898 1357 1051 1432 quantum
1073 1347 1145 1415 foro
1167 1371 1232 1435 spa·

207 1444 287 1509 tium
309 1452 371 1521 est;
398 1465 457 1506 neo
478 1443 587 1527 procul
603 1445 666 1507 iam
685 1468 704 1507 a
720 1451 812 1529 porta
828 1441 944 1507 Palatii
966 1451 1046 1520 erat,
1073 1441 1230 1507 clamitans

174 1565 189 1611 9
209 1536 356 1601 ‘vicimus
381 1535 518 1620 perfidos
543 1536 698 1622 hospites,
725 1536 856 1601 inbelles
882 1537 1005 1615 hostes3
1035 1536 1102 1600 iam
1123 1537 1229 1613 sciunt,

204 1631 299 1719 longe
317 1631 403 1696 aliud
419 1653 490 1695 esse
507 1632 645 1717 virgines
658 1655 782 1717 rapere,
801 1631 886 1696 aliud
899 1654 1041 1719 pugnare
1055 1653 1129 1696 eum
1142 1628 1230 1695 viria'

205 1726 239 1790 in
256 1747 330 1789 eum
346 1725 425 1789 haee
441 1724 628 1811 gloriantem
645 1747 717 1789 eum
739 1725 835 1812 globo
860 1725 1129 1790 ferocissimorum
1150 1725 1229 1790 iuve-

208 1841 284 1884 num
301 1818 457 1884 Romulus
474 1819 627 1904 impetum
643 1818 729 1883 facit.
766 1842 807 1883 ex
824 1841 904 1902 equo
923 1829 990 1883 tum
1008 1818 1090 1884 forte
1103 1817 1229 1883 Mettius

204 1913 380 2000 pugnabat,
407 1936 446 1978 eo
467 1914 542 1999 pelli
567 1912 690 1978 facilius
717 1914 785 1978 fuit.
821 1914 949 1999 pulsum
968 1913 1107 1978 Romani
1131 1933 1229 2000 perse·

206 2018 320 2072 cuntur
350 2016 382 2071 et
411 2006 473 2071 alia
501 2006 647 2071 Romana
677 2007 760 2072 acies
814 2008 946 2071 audacia
978 2007 1064 2094 regis
1104 2026 1229 2071 aceensa

157 2126 190 2176 10
206 2100 312 2165 fundit
325 2098 472 2166 Sabinos.
502 2099 634 2165 Mettius
652 2101 686 2165 in
702 2100 850 2187 paludem
868 2124 937 2166 sese
955 2101 1086 2187 strepitu
1104 2123 1230 2186 sequen·

207 2195 287 2259 tium
308 2195 482 2280 trepidante
504 2216 585 2279 equo
608 2196 753 2273 coniecit,
781 2205 996 2279 averteratque
1019 2217 1056 2259 ea
1072 2217 1126 2261 res
1143 2195 1228 2260 etiam

208 2287 345 2355 Sabinos
363 2291 442 2355 tanti
458 2290 597 2376 periculo
614 2291 683 2356 viri.
711 2300 742 2355 et
757 2292 810 2355 ille
828 2292 955 2375 quidem
972 2291 1181 2358 adnuentibus
1196 2310 1228 2354 ae

206 2383 390 2450 vocantibus
409 2385 475 2450 suis
493 2385 602 2451 favore
615 2385 783 2450 multorum
797 2385 903 2450 addito
916 2385 1021 2449 animo
1034 2385 1154 2463 evadit,
1171 2384 1227 2449 Ro-

205 2479 291 2544 mani
310 2477 483 2564 Sabinique
504 2481 536 2544 in
561 2482 665 2545 media
683 2479 823 2545 convalle
841 2480 975 2546 duorum
992 2479 1148 2543 montium
1165 2476 1227 2544 red·

205 2573 363 2660 integrant
379 2573 542 2658 proelium.
580 2574 636 2637 sed
653 2596 702 2638 res
721 2573 865 2638 Romana
882 2583 949 2637 erat
966 2572 1116 2657 superior.

174 2679 187 2723 1
269 2666 369 2731 XIII.
392 2667 477 2731 Tum
496 2666 634 2732 Sabinae
651 2669 812 2745 mulieres,
834 2691 966 2753 quarum
984 2690 1024 2732 ex
1040 2669 1155 2733 iniuria
1170 2664 1227 2733 bel·

204 2759 271 2824 lum
290 2771 391 2825 ortum
406 2770 486 2838 erat,
506 2761 643 2827 crinibus
655 2763 759 2847 passis
774 2763 934 2846 scissaque
947 2773 1035 2826 veste
1048 2762 1133 2828 victo
1144 2759 1226 2829 malis

205 2854 350 2920 muliebri
375 2877 490 2940 pavore
517 2879 612 2921 ausae
639 2878 674 2920 se
695 2857 777 2921 inter
798 2857 861 2921 tela
882 2857 1019 2922 volantia
1038 2856 1170 2935 inferre,
1194 2872 1227 2918 ex

206 2958 385 3013 transverso
403 2949 523 3034 impetu
540 2951 624 3016 faeto
647 2951 791 3016 dirimere
812 2952 944 3016 infestas
966 2952 1064 3028 acies,
1092 2951 1228 3016 dirimere

173 3069 188 3116 2
206 3043 283 3121 iras,
306 3043 379 3108 hino
395 3053 500 3129 patres
518 3045 594 3110 hine
614 3046 699 3112 viros
722 3056 860 3124 orantes,
887 3069 927 3110 ne
950 3046 1103 3132 sanguine
1126 3069 1162 3112 se
1182 3064 1228 3111 ne·

207 3139 303 3204 fando
322 3139 421 3204 soceri
438 3141 607 3226 generique
624 3151 856 3228 respergerent,
879 3162 919 3204 ne
941 3140 1107 3226 parricidio
1130 3160 1229 3206 maeu-

205 3233 305 3299 larent
326 3244 434 3318 partus
458 3257 546 3312 suos,
573 3244 722 3321 nepotum
743 3235 802 3312 illi,
829 3235 862 3298 hi
883 3235 1017 3300 liberum
1041 3236 1229 3321 progeniem.

173 3328 252 3394 3‘si
272 3327 441 3392 adfinitatis
464 3327 637 3407 intervos,
666 3331 693 3394 si
715 3329 842 3394 conubii
863 3329 964 3414 piget,
991 3329 1024 3392 in
1045 3351 1103 3394 nos
1126 3329 1230 3394 vertite
1267 3330 1275 3419 Ἰ

206 3421 283 3498 iras,
310 3443 368 3485 nos
391 3442 488 3486 causa
508 3421 596 3500 belli,
624 3446 681 3487 nos
707 3424 867 3487 vulnerum
890 3446 928 3487 ao
944 3423 1088 3487 caedium
1104 3424 1183 3490 viris
1199 3442 1231 3489 at
1272 3432 1275 3443 '

206 3513 388 3601 parentibus
415 3537 539 3592 sumus3
574 3516 685 3581 melius
717 3518 887 3602 peribimus
914 3540 1010 3600 quam
1036 3518 1104 3582 sine
1131 3516 1230 3585 alteria

207 3616 348 3673 vestrum
364 3607 478 3673 viduae
497 3618 551 3672 aut
568 3610 663 3675 orbae
682 3612 844 3677 sivemus!

175 3723 193 3769 4
272 3699 385 3766 Movet
400 3724 451 3766 res
469 3712 536 3766 tum
552 3704 784 3770 multitudinem
802 3719 870 3771 tum
887 3707 999 3784 duces3
1028 3706 1187 3771 silentium
1203 3712 1232 3769 et

207 3796 369 3883 repentina
385 3796 420 3860 fit
438 3796 542 3879 quies,
560 3797 633 3863 inde
651 3800 691 3863 ad
709 3800 821 3866 foedus
836 3800 1017 3865 faciendum
1030 3801 1128 3865 duces
1141 3800 1233 3886 prod·

208 3900 284 3956 eunt
300 3912 358 3955 neo
374 3912 486 3976 paoem
503 3892 606 3970 modo,
626 3894 683 3958 sed
700 3895 857 3959 civitatem
874 3917 970 3959 unam
988 3917 1028 3959 ex
1046 3894 1170 3960 duabus
1189 3893 1233 3959 fa·

208 3984 307 4063 aiunt,
329 4007 462 4071 regnum
479 3988 673 4066 consociant,
695 3989 862 4074 imperium
879 4011 971 4055 omne
989 3988 1155 4054 conferunt
1171 3987 1234 4053 Ro·
