2566 4524
148 231 213 299 352
371 241 490 298 umus
507 240 577 313 vu,
596 240 620 296 1.
634 238 660 295 a
679 238 949 312 [aunem-oet]

149 398 266 469 aediles
289 400 413 467 curules
435 399 543 466 creari.
578 398 680 486 primo
702 407 739 463 ut
761 397 889 464 alternis
911 398 1004 464 annis
1026 418 1064 464 ex
1081 399 1155 486 plebe

148 496 258 563 fierent
276 503 478 574 convenerat3
495 501 607 580 postea
623 491 817 579 promiscum
831 491 903 557 fuit

115 615 129 660 7
212 590 293 657 Inde
309 591 351 654 L.
367 586 511 654 Genucio
529 597 561 654 et
579 584 619 671 Q„
636 584 771 653 Servilio
788 584 972 654 consulibus
990 597 1023 655 et
1038 586 1077 655 ab
1094 588 1157 655 suls

148 687 233 752 tione
251 695 283 751 et
299 707 319 750 a
335 682 419 770 bello
436 683 550 768 quietis
568 681 678 760 rebus,
699 703 741 747 ne
758 680 885 766 quando
903 703 924 747 a
940 691 1029 749 metu
1043 704 1081 749 ac
1094 682 1158 769 peri·

113 798 130 849 8
149 780 228 846 culis
245 787 402 856 vacarent,
420 777 600 867 pestilentia
615 777 729 864 ingens
747 785 825 842 orta
851 798 1028 857 censorem,
1046 778 1158 845 sellu

148 873 297 951 curulem,
312 882 379 938 tres
397 871 538 937 tribunos
555 869 658 958 plebis
675 878 816 937 mortuos
834 869 949 950 fernnt,
967 892 1028 959 pro
1039 873 1158 959 portione

147 977 179 1033 et
201 990 241 1033 ex
262 966 459 1032 multitudine
482 965 544 1031 alia
564 965 664 1030 multa
685 964 801 1031 funera
821 963 933 1031 fuisse.
968 986 1157 1051 maxumeque

148 1085 217 1129 eam
235 1061 445 1148 pestilentiam
462 1060 619 1147 insignem
636 1080 721 1125 mors
740 1081 836 1144 quam
847 1068 974 1126 matura
987 1070 1055 1127 tam
1066 1058 1159 1127 acub·

113 1177 128 1226 9
147 1156 194 1222 Μ.
204 1156 282 1223 Fini
298 1155 383 1222 fecit
419 1155 481 1220 fuit
497 1155 582 1220 enim
599 1175 673 1219 vere
690 1154 740 1219 vir
755 1154 869 1221 unicus
885 1154 921 1219 in
937 1155 1157 1233 omnifortuua

145 1251 292 1337 princeps
309 1271 389 1337 pace
410 1248 556 1333 belloque
577 1249 762 1334 priusquam
784 1247 946 1314 extrlatum
967 1248 1043 1330 iret3
1068 1249 1158 1316 clarior

146 1347 180 1410 in
202 1345 295 1411 exilio
317 1344 369 1411 vel
391 1343 547 1411 desiderio
570 1342 720 1422 civitatis,
747 1364 829 1428 quae
850 1352 945 1431 capta
970 1342 1106 1412 absentis
1123 1344 1158 1410 'n-

146 1441 281 1526 ploravit
297 1462 400 1525 opem,
418 1437 470 1505 vel
486 1438 645 1516 felicitate,
664 1460 728 1523 qua
744 1438 908 1504 restitutus
925 1439 961 1505 in
977 1439 1109 1527 patriam
1121 1459 1158 1505 se·

97 1552 129 1603 10
147 1557 219 1599 oum
240 1534 375 1620 patriam
396 1534 500 1619 ipsam
520 1531 670 1611 restituit3
695 1554 755 1619 par
776 1531 889 1598 deinde
910 1554 970 1620 per
992 1533 1157 1619 quinques

146 1628 260 1715 viginti
282 1650 381 1693 annos
404 1664 447 1676 -
469 1635 517 1692 tot
543 1627 628 1691 enim
653 1636 765 1711 postea
787 1625 866 1691 vixit
890 1663 934 1675 —
960 1626 1053 1693 titulo
1073 1636 1156 1693 tantae

145 1722 264 1808 gloriae
281 1722 341 1786 fuit
359 1721 536 1808 dignusque
553 1720 689 1803 habitus,
709 1741 804 1804 quem
821 1720 997 1786 secundum
1011 1745 1031 1787 a
1043 1720 1155 1788 Romub

146 1816 340 1882 conditorem
357 1815 444 1881 urbis
462 1815 626 1880 Romanae
643 1813 769 1879 ferrent.

7 1992 11 2001 Ι
114 1931 126 1976 1
210 1910 255 1975 H.
294 1909 339 1976 Et
355 1910 416 1974 hoc
435 1917 466 1973 et
482 1908 659 1992 insequenti
676 1930 759 1973 anno
778 1906 817 1974 O.
837 1905 980 1993 Sulpicio
998 1908 1113 1987 Petico,
1128 1905 1155 1973 (l.
1197 1938 1199 1943 ·

112 2025 128 2070 2
146 2004 273 2070 Licinio
297 2000 428 2069 Stolone
454 2002 638 2068 consulibus
660 2001 839 2088 pestilentia
859 2000 930 2066 fnit.
971 2024 1012 2069 eo
1033 2004 1106 2069 nihil
1123 2001 1157 2067 di·

146 2120 247 2184 gnum
265 2097 416 2162 memoria
433 2105 548 2175 actum,
567 2097 629 2161 nisi
641 2096 727 2181 quod
739 2095 826 2182 pacis
845 2096 941 2161 deum
958 2097 1156 2184 exposcendae

148 2213 245 2256 causa
262 2191 354 2256 tertio
370 2198 438 2255 tum
454 2199 528 2276 post
545 2190 704 2255 conditam
724 2189 837 2256 urbem
857 2188 1085 2258 lectisternium
1102 2190 1170 2255 ttrit-

13 2358 17 2365 ,
111 2306 127 2354 a
147 2295 179 2351 et
200 2307 272 2351 cum
293 2285 343 2352 vis
364 2285 467 2351 morbi
487 2307 547 2352 nec
573 2285 720 2350 humanis
742 2284 881 2351 consiliis
906 2306 969 2351 nec
991 2308 1052 2373 ope
1072 2285 1157 2352 divin

145 2382 314 2459 levaretur,
344 2381 436 2446 victis
460 2381 679 2466 superstitione
705 2380 817 2447 animis
842 2379 911 2445 ludi
936 2401 1065 2467 quoque
1091 2400 1158 2447 scot

145 2476 221 2555 nici,
248 2498 333 2542 nova
348 2498 400 2541 res
419 2475 569 2541 bellicoso
590 2473 708 2561 populo
725 2512 768 2524 —
785 2496 861 2540 nam
878 2474 953 2540 circi
975 2477 1073 2543 modo
1089 2494 1159 2563 spet-

146 2570 284 2636 taculum
301 2569 404 2636 fixerat
423 2607 479 2648 —-,
502 2571 583 2635 inter
605 2569 666 2634 alia
683 2569 827 2636 caelestis
849 2569 915 2634 irae
936 2568 1113 2656 placamina
1125 2570 1159 2634 in·

111 2685 128 2731 4
147 2664 247 2729 stituti
265 2664 419 2730 dicuntur.
448 2674 585 2731 ceterum
599 2686 697 2751 parva
709 2685 844 2749 quoque,
863 2673 899 2729 ut
911 2663 1015 2731 ferme
1027 2663 1159 2752 principit

146 2759 265 2835 omnia,
294 2768 325 2823 et
347 2780 385 2823 ea
405 2760 476 2844 ipsa
496 2759 663 2846 peregrina
683 2779 735 2823 res
757 2757 832 2823 fuit:
860 2758 929 2824 sine
947 2760 1086 2826 carmine
1101 2758 1158 2835 ullo.

146 2852 214 2917 sine
231 2851 453 2917 imitandorum
471 2851 644 2918 carminum
662 2861 735 2917 actu
751 2852 895 2918 ludiones
919 2874 960 2918 ex
977 2852 1107 2920 Etruria
1121 2872 1160 2918 ao·

147 2946 201 3012 citi
242 2947 283 3010 ad
304 2945 441 3012 tibicinis
463 2949 575 3013 modos
598 2948 748 3013 saltantes
775 2947 861 3012 haud
882 2948 1052 3017 indecoros
1073 2956 1159 3014 nour

111 3061 232 3108 amore
251 3041 357 3107 Tusco
379 3042 506 3108 dabant.
541 3043 656 3108 imitari
678 3042 791 3107 deinde
813 3064 868 3108 eos
890 3043 1058 3123 iuventus,
1085 3036 1160 3109 simul

145 3136 311 3202 inconditis
329 3137 410 3203 inter
428 3159 462 3202 se
479 3136 630 3202 iocularia
651 3136 819 3228 fundentes
841 3136 1004 3217 versibus,
1031 3154 1159 3225 coeperet

110 3249 126 3297 6
145 3253 204 3296 nec
221 3231 333 3297 absoni
355 3255 375 3297 a
395 3254 473 3297 voce
495 3241 600 3297 motus
624 3240 721 3298 erant.
758 3239 887 3316 accepta
907 3231 1019 3316 itaque
1039 3254 1090 3298 res
1106 3250 1158 3297 sae·

143 3326 278 3409 piusque
300 3327 481 3412 usurpando
504 3326 647 3391 excitata.
688 3324 864 3391 remaculis
887 3325 1077 3405 artificibus,
1101 3321 1158 3409 quit

144 3419 220 3483 ister
232 3419 339 3485 Tusco
356 3420 453 3486 verbo
470 3419 556 3485 ludio
574 3420 754 3497 vocabatur,
773 3441 889 3484 nomen
905 3418 1110 3486 histrionibus
1121 3417 1158 3482 in·

111 3534 126 3580 ⁷
145 3513 259 3589 ditum,
278 3515 332 3596 qui
348 3536 421 3592 non,
442 3515 523 3580 sicut
540 3524 626 3593 ante,
645 3514 843 3580 Fescennino
860 3534 958 3579 versu
974 3514 1109 3581 similem
1121 3510 1158 3575 in·

144 3607 352 3692 compositum
361 3617 476 3675 temere
486 3630 523 3674 ac
531 3609 641 3673 rudem
655 3608 781 3673 alternis
789 3607 956 3686 iaciebant,
975 3607 1156 3695 sednplom

143 3700 246 3765 modis
266 3710 387 3767 saturas
404 3703 562 3789 descripto
580 3703 643 3768 iam
662 3703 704 3768 ad
721 3702 883 3768 tibicinem
904 3712 1004 3769 cantu
1025 3712 1155 3785 motuque

109 3816 126 3865 8
145 3797 328 3884 congruenti
344 3797 546 3886 peragebant.
577 3798 693 3864 Livius
710 3807 784 3884 post
801 3797 921 3883 aliquot
938 3798 1042 3876 sums,
1059 3786 1155 3882 quifll

143 3892 257 3958 saturis
275 3914 371 3958 ausus
390 3903 437 3957 est
454 3892 575 3979 primus
593 3900 778 3979 argumento
794 3890 938 3957 fabulam
957 3912 1069 3969 serere,
1084 3887 1153 3953 idm

144 3985 270 4064 scilicet,
289 3985 323 4051 id
340 3986 426 4072 quod
442 4008 552 4052 omnes
570 3995 639 4052 tum
657 3994 758 4064 erant,
777 4006 907 4053 suorum
926 3984 1096 4051 carminum
1109 3994 1151 4043 ω·
