2566 4524
355 265 474 321 muna
490 266 590 338 vnn,
608 267 651 324 ee.
673 271 712 336 [a.
724 250 871 339 duona]
1068 258 1133 324 483

101 435 246 514 possent3
272 424 439 491 redeuntes
462 424 589 510 agmine
610 424 737 490 incauto
759 424 845 490 haud
866 426 976 511 procul
997 428 1130 505 navibus

102 519 243 588 adsecuti
265 527 405 607 agrestes
428 528 581 584 exuerunt
602 519 735 604 praeda,
757 530 880 606 partem
898 521 991 589 etiam
1009 523 1131 588 occide-

100 624 184 692 runt,
216 635 300 698 quae
327 612 483 699 superfuit
510 612 599 679 caedi
624 613 746 699 trepida
771 613 938 680 multitudo
967 616 1008 681 ad
1032 639 1133 682 naves

101 706 254 794 conpulsa
271 715 329 772 est.

162 799 326 867 Profectio
353 799 393 884 Q.
415 799 509 867 Fabii
534 809 621 866 trans
645 798 814 867 Ciminiam
841 803 953 869 silvam
979 815 1165 889 quantum4

99 895 222 963 Romae
240 905 390 963 terrorem
406 894 539 973 fecerat,
562 905 627 960 tam
643 894 759 960 laetam
776 897 895 962 famam
912 900 946 962 in
965 898 1130 964 Samnium

100 991 140 1057 ad
156 990 267 1057 hostes
290 989 415 1054 tulerat:
437 988 641 1054 interclusum
659 989 839 1067 Romanum
855 994 1028 1057 exereitum
1046 994 1130 1059 obsi-

100 1085 166 1152 deri
189 1083 352 1168 cladisque
372 1083 544 1170 imaginem
561 1084 700 1149 furculas
720 1084 882 1151 Caudinas
900 1087 1129 1164 memorabant3

100 1179 211 1246 eadem
236 1177 410 1244 temeritate
436 1176 561 1245 avidam
587 1179 770 1245 ulteriorum
797 1203 920 1267 semper
944 1193 1071 1268 gentem
1096 1182 1164 1248 ina

101 1273 202 1339 saltus
219 1271 323 1341 invice
341 1271 518 1351 deductam,
538 1282 678 1359 saeptam
691 1297 756 1340 nou
768 1273 906 1340 hostiurn
919 1276 1021 1362 magis
1035 1277 1129 1339 armis

99 1389 196 1454 quum
221 1365 362 1432 locorum
387 1365 605 1451 iniquitatibus
628 1389 707 1433 esse.
747 1366 811 1433 iam
836 1369 987 1455 gaudium
1013 1369 1163 1438 invidiae

99 1460 239 1546 quedam
255 1458 459 1539 miscebatur,
482 1460 568 1544 quod
585 1459 660 1526 belli
677 1461 813 1527 Romani
830 1463 927 1528 decus
945 1462 985 1528 ab
1005 1459 1130 1528 Samni-

98 1555 184 1622 tibus
202 1554 330 1620 fortune
346 1554 387 1619 ad
403 1553 557 1621 Etruscos
580 1555 753 1622 avertisset.
792 1556 899 1642 itaque
921 1557 1016 1622 armis
1038 1559 1162 1625 viris-r

98 1673 161 1738 que
188 1649 230 1715 ad
255 1647 461 1715 obterendum
489 1647 526 1714 Ο.
549 1647 708 1719 Marcium
739 1651 901 1716 consulem
929 1664 1128 1730 concurrunt,

97 1745 241 1832 protinus
258 1743 333 1810 inde
348 1743 509 1811 Etruriam
526 1765 583 1830 per
594 1741 721 1810 Marsos
740 1768 776 1811 ae
793 1743 929 1812 Sabinos
946 1747 1083 1833 petituri,
1103 1747 1130 1810 si

97 1837 242 1906 Marcius
260 1838 429 1904 dimicandi
445 1848 633 1925 potestatem
649 1863 714 1906 non
730 1839 834 1906 faciat.
863 1839 974 1909 obvius
992 1839 1042 1906 his
1056 1863 1130 1906 con·
1148 1860 1164 1909 8

98 1935 149 2003 sul
165 1933 237 2001 fuit.
272 1934 456 2001 dimicatum
476 1935 594 2021 proelio
611 1935 767 2021 utrimque
785 1936 883 2008 aucei
900 1947 994 2029 atque
1010 1936 1130 2002 incerto

97 2039 215 2098 eventu
232 2037 291 2108 est,
309 2037 341 2095 et
358 2051 429 2094 oum
448 2051 564 2116 anceps
583 2031 696 2097 caedes
714 2031 837 2110 luisset,
856 2032 1007 2099 adversae
1024 2042 1130 2101 tamen

96 2124 144 2192 rei
160 2124 249 2190 fama
260 2120 463 2190 inRomanos
481 2124 574 2188 vertit
591 2123 632 2189 cb
650 2125 785 2190 amissos
802 2127 957 2209 quosdam
976 2127 1130 2211 equestris

96 2218 218 2287 ordinis
235 2217 440 2303 tribunosque
457 2217 591 2283 militum
610 2227 703 2302 atque
720 2240 819 2285 unum
836 2220 977 2306 legatum
990 2230 1030 2296 et,
1045 2219 1130 2302 quod

95 2313 224 2402 insigne
236 2311 373 2378 maxime
385 2313 455 2391 tuit,
470 2312 607 2379 considis
620 2313 720 2399 ipsius
734 2312 857 2379 vulnus.
890 2311 930 2377 ob
944 2311 1023 2376 haec
1035 2312 1129 2383 etiam
1148 2333 1163 2380 a

96 2417 193 2476 encta
207 2407 305 2486 fama,
323 2416 359 2472 ut
376 2407 465 2486 solet,
484 2407 597 2494 ingens
615 2416 714 2472 terror
730 2416 836 2492 patres
854 2406 979 2484 invasit,
999 2405 1130 2471 dictato-

95 2525 227 2590 remque
246 2501 308 2568 diei
324 2501 482 2588 placebat:
500 2524 560 2567 nec
577 2502 653 2586 quin
667 2500 787 2567 Cursor
799 2500 946 2593 Papirius
965 2501 1128 2578 diceretur,

95 2599 131 2666 in
152 2621 217 2687 quo
240 2608 307 2663 tum
330 2620 453 2663 summa
473 2598 521 2663 rei
542 2596 673 2662 bellicae
694 2595 883 2683 ponebatur,
911 2594 1042 2663 dubium
1065 2594 1130 2664 eui-

96 2718 196 2783 quam
213 2703 289 2760 erat.
325 2694 383 2760 sed
399 2716 459 2759 neo
475 2692 510 2759 in
528 2691 695 2762 Samnium
715 2692 860 2758 nuntium
881 2689 1012 2779 perferri
1029 2688 1130 2756 omni-
1149 2706 1181 2756 10

94 2788 158 2858 bus
173 2788 302 2855 infestis
320 2797 388 2854 tuto
406 2811 500 2875 posse
517 2810 577 2854 nec
590 2789 695 2854 vivere
703 2787 862 2853 Marcium
879 2786 1040 2853 consulem
1054 2784 1130 2850 satis

94 2882 252 2962 lidebant3
267 2882 344 2948 alter
357 2881 468 2948 consul
475 2881 595 2948 Fabius
609 2883 744 2948 infestus
757 2882 904 2968 privatim
912 2880 1041 2968 Papirio
1054 2888 1129 2945 erut.
1150 2898 1179 2945 11

96 3001 180 3066 quae
193 2977 295 3044 neira
312 2977 450 3045 obstaret
467 2976 550 3042 bono
567 2976 704 3063 publicu,
722 2977 843 3062 legatos
862 3000 901 3040 ex
920 2976 1130 3042 consularium

95 3095 231 3140 numero
244 3072 412 3138 mittendos
427 3072 554 3137 adeum
572 3080 699 3136 senatus
717 3070 847 3147 censuit,
862 3069 917 3151 qui
934 3091 992 3135 sua
1005 3089 1130 3150 quoque
1149 3085 1180 3133 12

96 3191 188 3247 eum,
209 3189 277 3233 non
293 3166 421 3254 publica
439 3165 541 3232 solum
559 3165 743 3231 auctoritate
761 3172 937 3240 moverent,
960 3170 996 3225 ut
1012 3182 1131 3224 memo-

93 3263 179 3330 riam
206 3261 556 3349 simultatium‘patriae
581 3260 759 3326 remitteret.
809 3255 942 3344 profecti
966 3253 1063 3341 legati
1090 3253 1130 3318 ad
1150 3271 1181 3318 13

95 3355 237 3424 fabium
259 3377 332 3422 cum
354 3366 481 3422 senatus
505 3355 684 3422 consultum
706 3352 907 3418 tradidissent
929 3347 1131 3414 adiecissent-

95 3473 161 3539 que
179 3451 351 3518 orationem
370 3450 606 3517 convenientem
624 3448 790 3526 mandatis,
805 3444 916 3511 consul
933 3443 1079 3509 demissis
1097 3442 1131 3507 in

94 3556 216 3614 terram
238 3545 337 3613 oculis
360 3545 472 3612 tacitus
491 3545 531 3612 ab
548 3544 689 3622 incertis,
713 3543 863 3627 quidnam
885 3551 1013 3607 acturus
1034 3547 1130 3615 esset,

95 3639 213 3731 legatis
226 3639 375 3720 recessit3
397 3649 489 3706 nocte
506 3639 620 3706 deinde
638 3638 774 3717 silentio,
792 3648 828 3702 ut
845 3658 914 3703 mos
932 3644 995 3714 est,
1012 3635 1055 3701 L.
1068 3632 1131 3698 Pa-
1152 3651 1181 3699 14

94 3735 216 3827 pir-ium
233 3734 418 3813 dictatorem
436 3734 523 3800 dixit.
559 3733 611 3798 cni
629 3756 701 3798 cum
715 3732 755 3799 ob
770 3732 909 3798 animum
927 3729 1053 3823 egregie
1066 3728 1131 3790 vie-

95 3840 167 3896 tum
184 3828 284 3918 legati
300 3828 418 3917 gratias
436 3838 579 3918 agerent,
603 3826 796 3894 obstinatum
818 3826 975 3892 silentium
997 3819 1131 3886 obtinuit

94 3947 137 3992 uc
154 3923 224 3992 sine
240 3945 395 4010 responso
413 3945 450 3989 ae
467 3923 625 3988 mentione
642 3921 719 3988 facti
737 3922 787 3987 sui
808 3922 928 4008 legatos
947 3914 1077 3990 dimisit,
1096 3923 1131 3985 ut

95 4029 275 4110 appareret,
289 4020 446 4107 insignem
464 4018 603 4085 dolorem
620 4017 741 4104 ingenti
758 4014 910 4100 conprimi
928 4011 1040 4078 animo.
1067 4007 1131 4073 Pa
1150 4029 1179 4078 tu

904 4113 957 4165 31·
