2566 4524
348 265 467 322 arnna
484 267 569 338 vm,
587 265 612 322 5.
627 267 651 322 c.
670 264 821 339 [acero]
897 300 898 303 a
1007 229 1011 235 ⁴
1035 259 1095 325 401

64 422 264 493 Samnitibus
296 421 380 488 bello
412 423 517 502 victis,
551 422 699 490 Sidicinis
728 425 961 513 Campanisque
993 433 1097 512 sociis,

65 542 148 588 nunc
176 519 272 585 etiam
293 515 420 583 Volscis
443 519 579 584 adiunct'
559 529 598 584 trs
621 521 749 585 videret'
728 531 783 600 trs,
811 524 949 590 colonias
972 548 1097 611 quoquc

66 624 188 681 vernas
201 611 356 679 Latinum
368 612 513 679 Romano
532 615 744 700 praetulisse
735 618 911 702 rmperium.
944 621 1001 686 sed
1020 644 1099 705 quo·
1116 644 1133 691 4

65 710 150 777 niam
164 731 224 774 vos
242 729 340 795 regno
358 706 512 794 inpotenti
529 709 624 774 finem
643 719 679 774 ut
696 711 852 797 inponatis
871 736 934 778 non
951 708 1099 781 inducitis

65 804 97 871 in
122 802 279 880 animum,
309 823 384 880 nos,
415 823 608 888 quamquam
635 805 731 870 armis
757 828 928 895 possumus
955 811 1099 876 adserere

65 897 225 965 Latium
215 921 249 961 ιιι
260 895 450 1006 libertatern,
470 899 709 986 consanguinita
709 908 733 964 1
690 909 852 966 tamen
864 902 926 968 hoc
940 893 1096 983 dabimus,

65 1003 99 1061 nt
126 991 329 1059 condiciones
354 991 443 1077 pacis
466 991 604 1058 feramus
627 1015 743 1078 aequas
766 995 920 1080 utrisque,
949 998 1098 1082 quoniam

65 1089 148 1155 vires
167 1107 294 1172 quoque
312 1085 440 1170 aequari
458 1086 518 1151 diis
536 1087 753 1153 inmortalibus
771 1090 898 1175 placuit.
876 1093 1097 1158 tconsulem
1116 1117 1131 1162 o

65 1184 200 1251 alterum
217 1181 335 1260 Roma,
359 1181 490 1247 alterum
509 1204 549 1247 ex
564 1182 661 1247 Latio
685 1185 782 1249 creari
806 1194 941 1270 oportet,
970 1189 1122 1252 senatus

67 1288 188 1366 partem
215 1297 350 1362 aequam
371 1297 411 1340 ex
432 1285 564 1360 utraque
586 1287 680 1364 gente
703 1288 787 1356 esse,
814 1301 914 1344 unum
935 1280 1097 1366 populum,

67 1396 162 1440 unam
183 1370 433 1458 rempublicam
454 1370 536 1450 fieri;
564 1380 596 1436 et
617 1382 652 1437 ut
672 1373 795 1459 imperii
817 1374 928 1438 eadem
946 1376 1037 1441 sedes
1057 1375 1098 1440 sit
1116 1398 1131 1445 e

33 1534 37 1539 ,
66 1467 215 1551 idemque
237 1464 382 1530 omnibus
404 1487 532 1544 nomen,
559 1466 708 1550 quoniam
732 1466 772 1532 ab
795 1467 892 1532 altera
913 1477 984 1534 utra
1008 1479 1097 1554 parte

69 1561 200 1629 concedi
221 1582 353 1627 necesse
375 1570 436 1638 est,
464 1561 550 1645 quod
566 1562 709 1646 utrisque
726 1561 806 1628 bene
824 1573 938 1642 vertat,
962 1565 1003 1630 sit
1019 1566 1098 1631 haec

70 1679 143 1722 sane
160 1655 264 1742 patria
286 1655 389 1741 potior
410 1664 441 1720 et
457 1655 596 1722 Romani
617 1679 726 1722 omnes
749 1658 917 1724 vocemur?
952 1659 1032 1725 forte
1054 1661 1131 1728 itar
1169 1660 1171 1664 ’

68 1751 196 1828 accidit,
218 1758 254 1814 ut
275 1772 384 1835 parem
405 1749 542 1816 ferociae
564 1750 658 1816 huius
676 1760 707 1816 et
724 1751 861 1817 Romani
879 1753 1040 1818 consulem
1058 1754 1096 1819 Τ.

67 1843 224 1913 Manlium
242 1843 407 1924 haberent,
426 1844 480 1929 qui
498 1846 577 1912 adeo
594 1868 659 1911 non
675 1847 775 1912 tenuit
791 1847 883 1926 iram,
902 1856 951 1926 ut,
971 1849 998 1912 si
1011 1857 1099 1913 tanta

66 1939 225 2007 dementia
242 1947 347 2024 patres
366 1939 559 2026 conscriptos
578 1940 728 2027 cepisset,
746 1950 781 2007 ut
794 1941 834 2008 ab
847 1940 957 2008 Setino
970 1943 1098 2008 homine

67 2032 155 2121 leges
170 2033 363 2118 acciperent,
386 2034 492 2120 gladio
510 2035 647 2100 cinctum
663 2036 697 2101 in
715 2046 860 2102 senatum
877 2046 1044 2102 venturum
1063 2060 1098 2103 se

65 2149 137 2195 esse
157 2127 265 2214 palam
288 2127 404 2192 diceret
427 2136 458 2193 et
480 2150 709 2214 quemcumque
726 2131 760 2194 in
779 2131 865 2195 curia
881 2132 1034 2196 Latinum
1051 2132 1099 2196 vi-

64 2223 166 2290 disset
185 2245 245 2288 sua
265 2245 362 2288 manu
383 2222 651 2308 interempturum.
689 2233 720 2301 et
743 2247 913 2290 conversus
937 2226 1131 2295 adsimus
1201 2229 1204 2234 ’

62 2314 186 2385 lacrum
200 2316 301 2383 Iovis:
321 2317 419 2395 ‘audi,
433 2316 584 2403 Iuppiter,
603 2318 681 2382 haec
696 2318 833 2395 scelera,’
850 2318 952 2401 inquit
966 2318 1095 2396 ‘audite

61 2408 120 2479 Ius
138 2407 283 2495 Fasque:
309 2412 490 2498 peregrinos
509 2411 653 2476 consules
677 2422 708 2477 et
729 2413 929 2499 peregrinum
953 2421 1098 2477 senatum

51 2506 97 2573 Ιἱιι
114 2518 186 2587 tuo,
209 2507 361 2593 Iuppiter,
386 2517 540 2594 augurato
563 2506 679 2593 templo
701 2517 812 2594 captus
834 2517 927 2592 atque
949 2508 1018 2594 ipse
1041 2530 1098 2593 op-

63 2620 197 2687 pressus
214 2603 342 2667 visurus
361 2602 415 2668 es?
439 2602 570 2668 haecine
586 2602 715 2668 foedera
732 2602 846 2668 Tullus
859 2602 1022 2668 Romanus
1039 2624 1098 2667 rex
1116 2624 1131 2671 9

62 2717 139 2765 curn
153 2697 304 2776 Albanis,
322 2696 464 2784 patribus
478 2698 600 2775 vestris,
618 2696 726 2763 Lat'
671 2706 742 2776 tmr,
760 2697 840 2763 haec
852 2697 894 2763 L.
905 2697 1096 2782 Tarquinius

62 2793 233 2861 vobiscum
250 2802 362 2880 postea
378 2792 453 2857 fecit
458 2793 472 2855 t
497 2814 561 2857 non
579 2792 714 2857 venitin
732 2803 870 2858 mentem
886 2815 995 2880 pugna
1013 2793 1098 2879 apud
1117 2813 1148 2860 ιο

61 2879 228 2975 Regillum
249 2887 373 2953 lacum?
397 2887 477 2952 adeo
498 2898 530 2952 et
552 2886 688 2951 cladium
710 2897 852 2954 veterum
874 2895 1048 2953 vestrarum
1066 2896 1098 2952 et

62 2974 291 3051 beneficiorum
308 2995 487 3049 nostrorum
504 3004 581 3069 erga
597 3005 655 3048 vos
674 2981 762 3048 obliti
781 2983 890 3049 estisi’

129 3076 190 3145 VI.
219 3077 304 3144 Cum
317 3077 456 3143 consulis
469 3099 580 3142 vocem
594 3075 742 3142 subseout
730 3086 763 3141 ta
779 3088 904 3163 patrum
922 3077 1096 3161 indignatio
1118 3099 1128 3144 ι

68 3180 165 3252 osset,
182 3172 325 3260 proditur
336 3171 515 3250 memoriae,
534 3171 684 3236 adversus
699 3170 840 3236 crebram
857 3169 1096 3256 inplorationem

65 3260 176 3346 deum,
193 3288 275 3352 qnos
293 3274 391 3333 testes
409 3266 572 3331 foederum
591 3265 715 3352 saepius
733 3263 921 3330 invocabant
938 3263 1095 3342 consules,

64 3372 179 3429 Vocem
203 3360 294 3427 Anni
319 3360 495 3447 spernentis
521 3359 651 3425 numina
675 3358 762 3424 lovis
783 3358 919 3425 Romani
945 3358 1095 3424 auditam.

66 3466 152 3525 aare
168 3479 243 3524 curn
260 3466 436 3525 commotus
454 3456 502 3521 ira
515 3478 549 3522 se
562 3480 582 3522 a
594 3454 751 3521 vestibulo
764 3453 874 3541 templi
886 3453 980 3520 citato
994 3456 1096 3542 gradu
1115 3476 1130 3522 a

63 3552 255 3640 proriperet,
280 3552 390 3640 lapsus
412 3574 470 3638 per
490 3551 609 3638 gradus
631 3550 733 3636 capite
754 3550 892 3638 graviter
909 3549 1032 3617 offenso
1048 3550 1097 3615 in-

49 3654 179 3725 ·Pectus
196 3647 262 3715 imo
278 3648 324 3715 ita
342 3656 390 3714 eet
413 3669 505 3725 saxo,
531 3655 567 3712 ut
589 3645 758 3732 sopiretun
788 3646 1000 3712 exanimatum
1022 3668 1097 3712 auo-
1115 3666 1129 3711 3

61 3738 152 3811 loros
172 3743 324 3829 quoniam
344 3766 411 3811 non
432 3764 541 3810 omnes
564 3750 651 3820 sunt,
679 3741 756 3808 mihi
777 3765 902 3828 quoque
923 3743 957 3808 in
977 3742 1096 3808 incerto

47 3837 211 3935 ‘folionum
233 3838 288 3917 sit,
316 3838 398 3905 sicut
418 3837 500 3905 inter
520 3837 684 3905 foederum
709 3847 871 3924 ruptorum
898 3836 1094 3904 testationem

61 3916 188 4021 ingenti
204 3931 343 4024 fragore
348 3932 428 4001 caeli
443 3932 614 4020 procellam
632 3932 780 4012 effusam3
797 3941 917 3998 namet
933 3951 1008 3996 vera
1025 3949 1095 3992 esse

39 4034 101 4095 *ιι
124 4036 202 4114 apte
232 4028 275 4095 ad
303 4028 639 4117 repraesentandam
629 4051 708 4095 aram
734 4028 829 4093 deum
854 4025 928 4090 ficta
954 4031 1094 4110 possunt.

113 4142 169 4189 aser
180 4147 225 4192 vor.
236 4146 255 4191 ι.
888 4122 925 4177 26
