2566 4524
146 218 211 284 454
385 225 501 282 amsa
517 222 941 296 annumerasset]

112 410 129 461 8
147 398 267 476 coepta.
298 384 486 474 pertinacior
502 406 576 470 pars
594 391 715 448 armata
731 404 788 468 per
805 403 954 448 aversam
969 381 1091 470 portam
1105 405 1160 450 eru·

145 485 193 573 pit
206 483 363 566 tutiorque
377 481 423 546 eis
438 479 569 545 audacia
583 477 643 542 fuit
656 499 751 562 quam
768 477 914 542 incautus
933 478 976 543 ad
993 478 1161 545 credendum

147 578 259 646 ceteris
271 598 380 664 pavor,
395 597 475 660 quos
490 573 698 639 circumdatos
708 572 775 660 igni
783 571 980 658 nequiquam
987 573 1163 641 deosliden·

146 695 209 761 que
226 673 410 737 invocantes
430 666 590 735 Samnites
609 677 896 734 concremaverunt.

113 788 129 838 s
213 764 370 833 Consules
387 762 470 828 inter
487 785 521 830 se
538 763 645 850 partiti
662 760 854 849 provincias:
876 760 1032 849 Papirius
1048 764 1082 829 in
1092 762 1163 851 Apu·

146 863 222 928 liam
239 860 281 926 ad
296 858 469 925 Luceriam
485 858 603 945 pergit,
627 856 682 923 ubi
700 856 821 942 equites
839 855 981 922 Romani
1000 857 1117 925 obsides
1130 857 1163 922 ad
1204 910 1206 925 .

149 953 308 1022 Caudium
320 952 387 1018 dati
400 951 665 1031 custodiebantur,
684 950 841 1018 Publilius
853 952 887 1015 in
898 949 1037 1026 Samnio
1050 951 1160 1020 snbttih't
1204 1014 1206 1043 ζ

96 1073 129 1122 10
147 1050 298 1117 adversus
305 1046 466 1114 Caudinas
475 1047 626 1134 legiones.
649 1046 799 1112 distendit
807 1068 844 1112 ea
852 1069 903 1112 res
916 1045 1162 1114 Samnitiumani·
1203 1066 1206 1141 j

146 1168 225 1224 mos,
240 1144 326 1229 quod
339 1164 398 1209 neo
411 1143 451 1208 ad
459 1141 631 1207 Luceriam
647 1141 702 1220 ire,
716 1164 756 1207 ne
770 1140 810 1207 ab
824 1150 915 1228 tergo
928 1141 1065 1209 instaret
1076 1141 1161 1219 hosh's,

146 1263 205 1305 nec
218 1259 354 1316 manere,
369 1259 408 1302 ne
416 1236 555 1303 Luceria
567 1234 691 1301 interim
704 1236 906 1314 amitteretur,
923 1237 1004 1303 satis
1018 1236 1162 1304 audebant

97 1356 127 1404 11
147 1334 301 1420 optimum
318 1332 422 1398 visum
441 1339 490 1396 est
507 1331 700 1396 committere
718 1352 785 1396 rem
797 1329 944 1396 fortunae
963 1340 996 1396 et
1014 1332 1163 1419 transigere

148 1450 219 1493 oum
237 1426 375 1492 Publilio
393 1433 560 1491 certamen.
595 1426 702 1510 itaque
719 1425 753 1489 in
770 1423 871 1490 aciem
889 1424 1001 1512 copias
1021 1427 1147 1492 educmt

114 1544 127 1590 1
211 1520 312 1587 XIII.
352 1518 519 1585 Adversus
543 1541 622 1604 quos
644 1518 801 1585 Publilius
824 1520 937 1586 consul
961 1542 1038 1586 oum
1059 1520 1163 1586 dimica·

147 1627 236 1681 turus
264 1624 362 1694 esset,
393 1615 480 1701 prius
502 1614 722 1700 adloquendos
749 1613 864 1680 milites
890 1623 980 1682 ratus
1009 1617 1164 1682 contionen

148 1709 295 1776 advocari
316 1709 418 1775 iussit.
455 1717 593 1775 ceterum
617 1710 698 1775 sicut
718 1709 839 1796 ingenti
856 1708 1022 1776 dacriate
1040 1712 1081 1776 ad
1094 1729 1164 1797 prae

147 1804 263 1870 terium
284 1825 473 1870 concursum
495 1813 558 1882 est,
580 1804 624 1869 ita
646 1826 721 1890 prae
746 1804 882 1870 clamore
902 1806 1104 1891 poscentium
1121 1824 1165 1889 pn·

112 1920 128 1968 2
147 1922 244 1988 gnam
261 1898 349 1964 nulla
367 1898 542 1964 adhortatio
559 1899 756 1986 imperatoris
770 1898 877 1965 audita
889 1907 949 1965 est.
978 1922 1060 1966 suus
1073 1897 1164 1981 cuique

148 1994 271 2060 animus
290 2015 411 2058 memor
427 1993 617 2080 ignominiae
635 1993 815 2060 adhortator
833 1994 951 2059 aderat.
988 1994 1108 2060 vadunt
1120 1988 1166 2077 igi·

148 2098 198 2152 tur
215 2087 248 2151 in
269 2087 423 2173 proelium
445 2097 594 2174 urgentes
618 2088 785 2176 signiferos
808 2096 852 2167 et,
879 2109 920 2154 ne
942 2111 1036 2154 mora
1057 2089 1090 2153 in
1109 2106 1167 2153 con·

148 2203 242 2247 cursu
267 2181 339 2268 pilis
367 2182 545 2248 emittendis
573 2182 825 2270 stringendisque
851 2182 926 2248 inde
948 2182 1068 2270 gladiis
1090 2188 1167 2256 esset

146 2276 211 2363 pila
236 2276 323 2342 velut
349 2276 423 2342 dato
449 2277 490 2341 ad
516 2276 550 2341 id
576 2277 666 2364 signo
694 2276 833 2342 abiciunt
860 2276 1044 2363 strIctisque
1071 2273 1167 2365 gladiis

113 2393 241 2442 scursu
266 2371 299 2435 in
327 2369 451 2436 hostem
477 2370 629 2435 feruntur.
666 2370 744 2435 nihil
769 2371 832 2436 illic
858 2371 1083 2457 imperatoriae
1107 2368 1169 2436 artis
1204 2408 1206 2419 =

147 2464 307 2532 ordinibus
330 2476 384 2531 aut
408 2464 557 2530 subsidiis
580 2464 721 2532 locandis
744 2466 817 2545 fuit,
842 2467 948 2532 omnia
969 2467 1021 2532 ira
1043 2464 1171 2532 militaris

111 2582 242 2647 rprope
265 2583 383 2626 vesano
406 2560 526 2646 impetu
548 2560 624 2647 egit'
658 2560 763 2645 itaque
784 2583 849 2626 non
869 2560 934 2626 fusi
956 2561 1057 2627 modo
1078 2562 1172 2627 hostes

146 2666 233 2734 sunt,
267 2655 324 2721 sed
351 2677 390 2720 ne
418 2656 528 2720 castris
555 2655 684 2739 quidem
711 2657 777 2721 suis
804 2656 915 2742 fugam
942 2656 1090 2743 inpedire
1115 2653 1174 2722 ansi

144 2750 298 2838 Apuliam
316 2752 460 2837 dissipati
477 2752 608 2838 petiere3
630 2751 801 2817 Luceriam
819 2761 925 2817 tamen
943 2763 1059 2819 coacto
1076 2771 1174 2818 rursus

112 2845 178 2912 ein
204 2867 304 2909 unum
332 2846 457 2930 agmine
485 2854 532 2911 est
558 2855 753 2932 perventum.
793 2845 957 2912 Romanos
986 2847 1038 2914 ira
1065 2847 1174 2923 eaden,

146 2960 227 3021 quae
245 2961 303 3024 per
320 2938 455 3004 mediam
474 2941 574 3006 aciem
591 2939 730 3006 hostiurn
748 2940 874 3019 tulerat,
893 2949 925 3006 et
942 2941 977 3005 in
997 2952 1104 3009 castra
1116 2962 1177 3029 per·

145 3032 224 3097 tulit.
260 3033 305 3098 ibi
326 3033 398 3120 plus
422 3057 516 3119 quam
538 3034 572 3098 in
594 3035 660 3100 acie
684 3036 846 3122 sanguinis
869 3057 917 3100 ac·
931 3037 1043 3104 caedis
1066 3038 1175 3104 factum

143 3127 344 3214 praedaeque
362 3151 436 3214 pars
455 3129 554 3193 maior
571 3129 618 3194 ira
636 3139 790 3215 corrupta.

111 3244 126 3292 s
208 3221 376 3287 Exercitus
404 3222 482 3287 alter
508 3245 581 3288 cum
602 3221 731 3309 Papirio
759 3223 886 3289 consule
912 3223 995 3291 locis
1021 3224 1174 3292 maritimis

143 3326 327 3401 pervenerat
344 3315 451 3403 Arpos
475 3340 532 3404 per
550 3318 654 3383 omnia
672 3327 783 3405 pacata
803 3316 998 3385 Samnitium
1017 3323 1121 3410 magis
1135 3321 1174 3386 in·

111 3429 125 3477 t
143 3409 231 3474 iuriis
255 3421 285 3475 et
308 3412 380 3477 odio
402 3434 497 3496 quam
519 3410 672 3478 beneficio
694 3413 759 3479 ullo
780 3413 890 3499 populi
912 3412 1069 3482 Romani.
1112 3435 1173 3481 nam

145 3501 304 3570 Samnites
332 3528 370 3572 ea
395 3515 581 3592 tempestate
607 3507 640 3571 in
666 3507 825 3573 montibus
848 3507 981 3572 vicatim
1005 3510 1171 3578 habitantes

143 3601 330 3685 campestria
352 3610 383 3665 et
405 3600 561 3666 maritima
578 3601 647 3667 loca·
665 3611 844 3688 contempto
863 3602 1027 3670 cultorum
1045 3605 1172 3672 molliore

142 3703 250 3776 atque,
274 3704 309 3758 ut
328 3695 432 3760 evenit
449 3695 530 3774 fere,
549 3695 627 3761 locis
646 3696 740 3761 simili
758 3718 873 3784 genere
890 3696 956 3783 ipsi
973 3698 1119 3766 montani
1132 3706 1170 3762 st·

108 3802 124 3854 8
142 3809 203 3870 que
222 3799 362 3874 agrestes
382 3788 660 3875 depopulabantur.
698 3791 883 3878 quaeregio
904 3792 934 3857 si
952 3792 1020 3860 fida
1035 3787 1171 3863 Samniti·

141 3878 201 3945 bus
225 3881 351 3961 fuisset,
379 3891 433 3947 aut
453 3886 615 3969 pervenire
634 3883 741 3972 Arpos
764 3886 921 3953 exercitus
941 3886 1110 3956 Romanus
1124 3904 1169 3951 ne·

142 3974 261 4058 quisset
279 3986 332 4041 aut
350 3977 510 4044 interiecta
521 3978 604 4045 inter
612 3979 746 4046 Romam
761 3990 793 4045 et
801 3979 911 4067 Arpos
926 3985 1167 4070 penuriarum
