2566 4524
143 241 208 310 452
386 250 506 307 amna
520 250 621 323 vnn,
640 251 681 308 ro.
691 250 734 307 11.
753 253 863 322 [aar.
872 249 937 323 aaa]
978 215 984 221 ’

112 436 127 486 r
144 415 257 504 giones
276 413 454 496 ductusque
471 410 512 476 ad
523 408 681 477 Caudium
700 409 865 476 exercitus.
893 413 1072 499 praegressi
1087 413 1158 479 fetis·

143 513 192 580 les
213 509 271 578 ubi
292 509 333 575 ad
353 517 477 596 portam
494 527 624 586 venere,
647 514 769 573 vestem
790 505 914 572 detrahi
935 507 1026 595 pacis
1049 530 1157 596 sponso-

144 606 233 675 ribus
254 603 377 683 iubent,
400 625 513 669 manus
535 611 609 688 post
626 610 751 689 tergum
768 601 890 668 vinciri.
927 624 1003 670 cum
1025 605 1159 692 apparitor

144 699 334 769 verecundia
350 696 523 764 maiestatis
541 695 688 763 Postumi
703 696 776 763 laxe
793 697 941 764 vinciret:
962 697 1055 784 ‘quin
1070 697 1112 766 tu’
1122 698 1157 764 in·

111 813 127 864 s
145 798 214 884 quit
241 795 394 863 ‘adduces
415 793 532 872 lorum,
560 801 596 858 ut
620 792 704 858 iusta
729 792 785 858 fiat
806 791 957 860 deditiol'
983 803 1053 861 tum
1072 793 1158 861 ubila

145 898 271 958 coetum
290 889 481 958 Samnitium
503 897 535 953 et
557 887 599 954 ad
620 886 756 953 tribunal
778 895 909 953 ventum
926 886 1040 955 Pontii
1057 899 1109 968 est,
1122 886 1156 953 A.

111 1005 126 1054 9
147 987 313 1056 Cornelius
323 985 447 1052 Arvina
459 983 574 1050 fetialis
592 982 637 1049 ita
648 981 747 1049 verba
763 982 852 1049 fecit:
872 985 1077 1071 ‘quandoque
1088 983 1156 1050 hisee

144 1083 289 1149 homines
307 1082 430 1148 iniussu
443 1079 552 1167 populi
560 1078 698 1145 Romani
707 1077 880 1162 Quiritium
895 1079 1015 1148 foedus
1033 1077 1160 1147 ictumiri

146 1178 382 1267 spoponderrmt
395 1186 490 1263 atque
503 1174 544 1241 ob
559 1197 629 1241 eam
642 1198 710 1241 rem
726 1197 843 1241 noxam
855 1186 1046 1258 nocuerunt,
1059 1177 1097 1245 ob
1108 1197 1159 1243 ean

144 1298 223 1353 rem,
237 1296 300 1360 quo
312 1271 622 1360 populusRomanus
641 1268 760 1338 scelere
776 1270 863 1357 inpio
878 1270 920 1337 sit
939 1272 1073 1353 solutus,
1085 1271 1161 1339 hosce

96 1381 129 1432 10
146 1369 290 1436 homines
308 1367 399 1435 vobis
418 1365 519 1433 dedo!
549 1364 628 1432 haec
646 1365 763 1431 dicenti
779 1364 879 1431 fetiali
891 1363 1082 1435 Postumius
1095 1387 1161 1455 genu

146 1464 251 1531 femur
267 1472 385 1549 quanta
402 1462 539 1528 maxime
555 1468 680 1548 poterat
696 1460 729 1525 vi
745 1460 880 1547 perculit
892 1467 925 1527 et
939 1461 1027 1530 clara
1039 1485 1110 1531 voce
1119 1461 1159 1540 ait,

147 1581 182 1625 se
193 1556 368 1624 Samnitem
383 1557 484 1623 civem
503 1577 583 1635 esse,
601 1555 692 1620 illum
708 1554 850 1642 legatum
867 1554 1012 1624 fetialem
1031 1581 1095 1625 ase
1106 1577 1162 1625 oon·
1207 1613 1209 1647 3

147 1663 195 1718 tra
213 1653 263 1717 ius
280 1652 423 1739 gentium
440 1651 606 1716 violatum:
630 1672 667 1716 eo
684 1649 798 1716 iustius
816 1648 938 1716 bellum
956 1662 1111 1740 gesturos.
1207 1667 1209 1739 j

114 1771 128 1818 1
212 1746 277 1813 XI.
309 1745 395 1813 Tum
410 1745 560 1812 Pontius:
589 1750 662 1812 ‘nec
684 1767 744 1833 ego
767 1745 862 1811 istam
883 1746 1081 1815 deditionem
1100 1745 1162 1813 aad·

112 1865 128 1914 2
145 1842 245 1931 piam'
258 1842 359 1927 inquit
373 1848 446 1908 ‘nec
455 1839 615 1910 Samnites
628 1850 729 1908 ratam
741 1840 913 1908 habebunt.
942 1841 1022 1928 quin
1035 1853 1078 1923 tu,
1089 1839 1163 1930 Spuri
1207 1856 1209 1863 '

145 1936 307 2016 Postumi,
331 1937 359 2002 si
380 1936 457 2002 deos
481 1958 551 2003 esse
569 1958 694 2014 aenaea,
718 1944 773 2002 aut
793 1937 901 2002 omnia
917 1937 1016 2005 inrita
1033 1938 1109 2004 facis
1122 1943 1162 2002 aut
1208 2012 1209 2018 ἵ

146 2042 240 2119 pacto
260 2030 346 2098 stas?
372 2029 510 2098 Samniti
526 2031 644 2117 populo
662 2051 786 2110 omnes,
805 2051 885 2116 quos
903 2032 939 2097 in
955 2043 1110 2119 potestate
1122 2030 1164 2097 ho·
1208 2105 1209 2115 χ

114 2138 129 2186 u
147 2126 230 2206 buit,
253 2134 310 2192 aut
330 2148 388 2213 pro
405 2125 455 2190 his
473 2148 538 2212 pax
555 2124 696 2192 debetur.
736 2126 793 2193 sed
814 2126 892 2211 quid
914 2149 977 2216 ego
1001 2138 1036 2195 te
1053 2126 1165 2217 appello,
1207 2124 1209 2207 f

147 2222 202 2308 qui
220 2230 250 2286 te
269 2231 395 2309 captum
413 2221 524 2287 victori
542 2242 615 2286 cum
632 2243 696 2306 qua
712 2229 802 2308 potes
820 2220 884 2289 fide
900 2222 1067 2291 restituis?
1086 2243 1166 2311 popu·

146 2316 213 2382 lum
221 2316 402 2383 Romanum
415 2315 548 2402 appello,
558 2337 654 2400 quem
668 2315 696 2383 si
709 2315 887 2402 sponsionis
896 2316 940 2382 ad
948 2316 1092 2386 furculas
1102 2317 1168 2385 Cau·

148 2412 238 2478 dinas
256 2412 359 2477 factae
377 2412 528 2498 paenitet,
547 2411 691 2476 restituat
708 2411 848 2498 legiones
870 2413 954 2479 intra
976 2415 1104 2495 saltum,
1119 2433 1167 2498 quo

113 2526 130 2573 4
148 2516 275 2594 saeptae
298 2507 434 2572 fuerunt.
470 2528 564 2571 nemo
587 2527 778 2591 quemquam
800 2507 973 2594 deceperit,
1000 2511 1107 2576 omnia
1125 2528 1169 2594 pro

147 2603 264 2668 infecto
283 2603 359 2680 sint,
381 2600 534 2688 recipiant
554 2623 642 2666 arma
663 2623 744 2685 quae
765 2623 823 2687 per
843 2603 1029 2688 pactionem
1054 2603 1172 2670 tradide-

146 2705 233 2774 runt,
260 2696 391 2761 redeant
416 2697 450 2760 in
473 2704 576 2761 castra
599 2718 669 2774 sua,
698 2695 851 2780 quidquid
876 2698 980 2782 pridie
1008 2699 1172 2767 habuerunt

148 2813 244 2874 quam
261 2791 295 2854 in
313 2790 516 2875 conloquium
533 2800 582 2856 est
599 2799 739 2869 ventum,
757 2789 909 2857 habeant:
929 2802 1001 2858 tum
1020 2794 1136 2861 bellum
1150 2799 1174 2856 et

147 2884 242 2948 fortia
263 2884 395 2948 consilia
415 2883 574 2970 placeant,
602 2893 669 2950 tum
692 2885 820 2971 sponsio
843 2895 874 2951 et
899 2908 966 2972 pax
993 2891 1174 2977 repudietur.
1206 2920 1209 2943 ÷

115 2999 130 3047 5
149 3000 187 3043 ea
199 2978 335 3057 fortuna,
350 2979 389 3044 iis
407 2979 495 3059 locis,
509 3003 591 3066 quae
605 2991 677 3045 ante
689 2981 777 3067 pacis
791 2981 987 3048 mentionem
1005 2984 1175 3060 habuimus,
1207 3036 1209 3041 -

147 3096 295 3161 geramus
314 3075 442 3154 bellum,
461 3099 519 3142 nec
532 3076 669 3163 populus
678 3075 842 3142 Romanus
857 3078 1032 3146 consulum
1047 3080 1177 3168 sponsio·
1206 3082 1209 3127 ῐ

115 3189 130 3237 6
148 3193 221 3234 nem
234 3192 293 3235 nec
306 3192 364 3236 nos
378 3171 474 3236 fidem
487 3171 596 3258 populi
604 3171 741 3236 Romani
754 3193 953 3239 accusemus.
971 3193 1175 3262 numquamne

148 3287 245 3330 causa
263 3265 365 3344 defiet,
385 3287 441 3331 cur
458 3266 532 3331 victi
550 3274 642 3351 pacto
660 3289 724 3331 non
738 3265 846 3331 stetis?
867 3265 1003 3337 obsides
1012 3271 1175 3338 Porsinnae

148 3358 294 3425 dedistis:
312 3360 396 3426 furto
410 3384 465 3427 eos
485 3360 695 3440 subduxistis3
713 3383 789 3426 auro
807 3360 970 3428 civitatem
985 3389 1008 3431 a
1023 3363 1123 3434 Gallis
1137 3384 1177 3428 re·

115 3475 129 3519 o
148 3451 305 3517 demistis:
323 3455 404 3518 inter
420 3455 639 3542 accipiendum
657 3478 768 3520 aurum
786 3456 871 3521 caesi
889 3466 983 3539 sunt3
1003 3483 1117 3546 paoem
1131 3479 1176 3525 no-
1207 3506 1209 3513 -

147 3546 272 3612 bisoum
289 3549 464 3634 pepigistis,
484 3560 519 3614 ut
536 3551 676 3637 legiones
692 3550 782 3616 vobis
801 3559 912 3637 captas
930 3556 1174 3623 restitueremus:

85 3705 88 3709 .
149 3665 220 3707 eam
236 3665 348 3728 paoem
365 3645 491 3710 inritam
507 3645 621 3712 facitis.
649 3656 680 3713 et
694 3667 818 3732 semper
831 3646 975 3730 aliquam
994 3650 1103 3719 fraudi
1118 3669 1174 3737 spo-

114 3747 131 3796 8
149 3736 229 3803 ciem
242 3738 318 3803 iuris
332 3738 490 3826 inponitis.
516 3763 581 3807 non
593 3740 706 3828 probat
717 3741 854 3828 populus
862 3740 1039 3814 Romanus
1056 3738 1174 3834 ignoni-

147 3834 239 3899 niosa
255 3856 333 3920 pace
351 3835 492 3922 legiones
512 3836 671 3903 servatas?
691 3859 803 3924 pacem
817 3836 879 3903 sibi
895 3837 1030 3921 habeat,
1049 3842 1172 3930 legiones
1206 3920 1209 3939 Ι

148 3940 257 4014 captas
270 3931 382 3998 victori
394 3933 547 3998 restituat.
573 3931 635 3998 hoc
648 3931 721 4011 fide,
735 3931 797 3998 hoo
811 3931 1012 4016 foederibus,
1025 3937 1086 4005 hoo
1098 3933 1172 4001 setia-
1207 3964 1209 3977 ·

113 4021 231 4091 olibas
249 4026 445 4093 caerimoniis
463 4029 595 4116 dignum
613 4037 688 4095 erat
724 4036 760 4093 ut
772 4027 904 4113 quidem
922 4039 958 4097 tu
976 4033 1066 4119 quod
1081 4021 1171 4120 petisti
1206 3996 1209 4085 l
