2566 4524
333 253 452 311 amna
468 253 856 328 murtuensem]
1046 245 1111 316 423

92 410 291 480 Consentiam
317 408 372 495 (ex
392 411 548 497 Lucanis)
572 410 801 498 Sipontumque
823 413 1045 503 (Bruttiorum)
1072 443 1110 485 ae

90 508 248 585 Terinam,
266 505 345 572 alias
361 506 435 573 inde
448 505 682 592 Messapiorum
700 529 737 573 ao
753 509 956 578 Lucanorum
974 512 1110 597 cepisset

88 601 176 668 mbes
195 609 228 667 et
245 609 400 667 trecentas
417 600 553 667 familias
571 601 717 667 inlustres
735 603 768 667 in
784 602 932 690 Epirum,
956 626 1035 689 quas
1053 607 1110 673 ob-

88 697 189 763 sidum
208 717 342 762 numero
364 694 506 775 haberet,
533 695 684 775 misisset,
710 696 797 763 haud
817 699 927 784 procul
948 698 1109 767 Pandosia
1126 723 1143 772 s

86 791 160 859 mbe
181 790 354 857 inminente
373 791 515 858 Lucanis
538 813 577 857 ac
596 790 730 857 Bruttiis
752 792 867 860 finibus
890 794 945 860 tris
972 796 1109 862 tumulos

85 886 279 971 aliquantum
295 883 376 951 inter
393 906 428 951 se
445 885 598 951 distantes
615 884 744 964 insedit,
768 908 808 951 ex
824 886 940 971 quibus
957 889 1110 956 incursio-

85 1002 139 1046 nes
160 979 197 1045 in
217 1000 344 1045 omnem
364 989 487 1066 partem
509 979 575 1066 agri
598 979 720 1047 hostilis
741 980 868 1046 faceret.
905 992 936 1048 et
957 979 1144 1054 ducentose

85 1073 183 1140 ferme
204 1073 409 1140 Lucanorum
436 1074 543 1140 exules
566 1075 650 1140 circa
671 1096 705 1140 se
726 1097 783 1161 pro
804 1074 875 1140 fidis
898 1075 1048 1156 habebat,
1075 1087 1111 1144 ut

85 1168 234 1254 pleraque
256 1167 323 1233 eius
344 1168 469 1254 generis
490 1169 617 1256 ingenia
634 1179 720 1248 sunt,
743 1192 816 1235 cum
833 1169 959 1236 fortuna
975 1171 1111 1238 mutabi-

84 1263 147 1328 lem
162 1270 309 1349 gerentes
326 1262 432 1328 fidem.
470 1262 587 1329 imbres
605 1265 743 1329 continui
761 1266 880 1351 campis
897 1265 1044 1332 omnibus
1061 1267 1109 1332 in-
1128 1289 1143 1335 r

84 1357 240 1424 undantes
258 1379 331 1423 cum
347 1356 596 1424 interclusissent
612 1357 763 1428 trifariam
780 1360 951 1425 exercitum
967 1369 1109 1426 amutuo

84 1450 165 1518 inter
182 1472 218 1517 se
235 1451 366 1531 auxilio,
389 1453 452 1519 dno
468 1452 638 1539 praesidia,
662 1475 743 1537 qnae
761 1453 919 1540 sinerege
937 1463 1038 1533 erant,
1060 1455 1110 1520 in·

84 1545 211 1631 proviso
229 1544 367 1611 hostium
388 1546 526 1613 adventu
547 1546 778 1633 opprimuntur,
804 1547 977 1633 deletisque
999 1549 1045 1615 eis
1066 1549 1109 1614 ad

84 1639 184 1724 ipsius
203 1638 399 1706 obsidionem
417 1662 525 1707 omnes
548 1640 701 1707 conversi.
736 1640 810 1706 inde
832 1640 872 1708 ab
889 1642 1031 1709 Lucanis
1054 1664 1109 1708 ex·
1125 1662 1143 1712 8

87 1733 192 1800 ulibus
219 1733 261 1798 ad
295 1755 370 1800 suos
391 1735 494 1800 nuntii
514 1735 604 1801 missi
626 1744 711 1814 sunt,
739 1744 893 1821 pactoque
914 1737 1017 1802 reditu
1036 1758 1110 1823 pro·

84 1827 217 1893 missum
235 1836 298 1907 est,
315 1849 423 1916 regem
440 1837 495 1894 aut
511 1829 620 1894 vivum
637 1838 692 1894 aut
704 1839 863 1894 mortuum
875 1828 909 1894 in
921 1838 1109 1915 potestatem

84 1921 223 1989 datrrros.
247 1930 385 2011 ceterum
398 1944 471 1987 cum
484 1922 612 1989 delectis
624 1923 693 2010 ipse
704 1923 867 2011 egregium
876 1923 997 1990 facinus
1011 1946 1108 1990 ausus
1127 1943 1142 1992 o

83 2037 144 2102 per
154 2015 275 2082 medios
288 2016 423 2103 erumpit
435 2016 542 2083 hostes
556 2027 587 2082 et
596 2018 709 2084 ducem
716 2019 921 2084 Lucanorum
934 2018 1108 2084 comminus

82 2131 291 2198 congressum
309 2109 487 2190 obtruncat,
510 2112 760 2196 contrahensque
778 2135 852 2178 suos
871 2135 911 2178 ex
927 2112 1006 2199 fuga
1022 2112 1110 2199 pala·
1127 2132 1161 2182 10

83 2215 133 2273 tos
150 2205 353 2292 pervenitad
370 2229 494 2272 amnem
511 2206 609 2271 ruinis
624 2205 801 2272 recentibus
814 2207 933 2291 pontis,
952 2229 1045 2290 quem
1059 2207 1108 2273 vis

82 2321 185 2386 aquae
203 2298 388 2379 abstulerat,
406 2300 595 2366 incidentem
607 2300 674 2364 iter.
702 2320 796 2382 quem
810 2320 883 2364 cum
895 2299 1014 2364 incerto
1026 2301 1109 2366 vado
1128 2319 1160 2371 11

82 2392 230 2460 transiret
251 2415 381 2480 agmen,
408 2394 513 2460 fessus
536 2403 622 2458 metu
644 2415 681 2459 ac
702 2391 809 2458 labore
830 2391 920 2458 miles
943 2392 1109 2478 increpans

81 2510 201 2555 nomen
218 2486 463 2555 abominandum
480 2488 632 2553 fluminis:
656 2487 736 2552 ‘iure
748 2485 892 2552 Acheros
911 2486 1045 2552 vocaris'
1062 2486 1111 2553 in·

81 2582 160 2668 quit
198 2583 284 2667 quod
308 2582 364 2650 ubi
384 2583 426 2649 ad
447 2605 538 2648 aures
560 2581 673 2648 accidit
693 2581 791 2668 regis,
819 2580 932 2646 adiecit
953 2580 1110 2666 extemplo

80 2678 225 2744 animum
247 2677 320 2743 fatis
343 2677 409 2743 suis
432 2676 631 2762 substititque
653 2675 768 2742 dubius
790 2698 831 2741 an
853 2674 1006 2741 banniret.
1041 2684 1110 2740 tum
1128 2693 1160 2743 ta

77 2769 229 2850 ‚Sotimus
243 2771 387 2838 minister
398 2793 439 2837 ex
451 2771 545 2857 regiis
558 2771 678 2858 pueris,
698 2770 774 2856 quid
786 2770 819 2835 in
832 2778 918 2837 tanto
931 2769 1109 2836 discrimine

79 2864 216 2952 periculi
233 2874 431 2931 cunctaretur
447 2866 656 2952 interrogans,
674 2865 805 2943 indicat,
823 2865 974 2931 Lucanos
986 2863 1109 2932 insidiis

79 2980 235 3044 quaerere
248 2958 375 3024 locum.'
394 2959 479 3044 quod
493 2959 547 3024 ubi
558 2952 696 3044 respexit
713 2980 769 3024 rex
785 2958 894 3045 procul
911 2980 1009 3046 grege
1026 2958 1109 3024 facto
1129 2975 1161 3026 1⁸

79 3053 260 3131 venientes,
284 3053 408 3139 stringit
424 3052 566 3139 gladium
583 3062 614 3117 et
630 3074 687 3137 per
703 3050 841 3116 medium
863 3074 988 3117 amnem
1009 3061 1110 3117 trans-

82 3144 180 3210 mittit
198 3166 329 3229 equum;
351 3146 477 3230 iamque
494 3145 527 3210 in
545 3146 661 3210 vadum
679 3166 843 3230 egressum
861 3143 982 3208 eminus
1000 3153 1110 3208 veruto

79 3237 238 3307 Lucanus
269 3239 343 3306 exul
373 3239 537 3326 uansligit.
586 3239 710 3325 lapsum
734 3238 808 3302 inde
833 3259 905 3301 cum
930 3235 1163 3304 inhaerentem

78 3333 147 3401 telo
169 3355 285 3419 corpus
307 3333 451 3400 exanime
473 3333 582 3398 detulit
604 3333 705 3398 amnis
727 3332 761 3396 in
781 3330 918 3396 hostium
943 3328 1108 3416 praesidia.

78 3429 127 3496 ibi
144 3428 243 3495 foeda
258 3428 405 3495 laceratio
423 3427 561 3515 corporis
578 3426 672 3493 facta.
699 3447 834 3510 namque
846 3425 988 3511 praeciso
1005 3424 1109 3491 medio

78 3532 208 3610 partem
230 3515 434 3589 Consentiam
460 3522 587 3599 misere,
615 3543 688 3607 pars
713 3520 793 3606 ipsis
818 3528 938 3585 retenta
962 3519 1004 3585 ad
1029 3519 1111 3584 ludi-

78 3617 199 3684 brium.
244 3638 324 3701 quae
351 3637 424 3681 oum
448 3615 559 3680 iaculis
586 3614 734 3698 saxisque
759 3612 868 3699 procul
892 3613 1109 3691 incesseretur,
1128 3630 1162 3680 to

78 3711 199 3777 mulier
219 3732 284 3776 una
301 3711 386 3776 'ultra
406 3709 614 3775 humanarum
631 3709 748 3774 uarum
765 3707 860 3774 fidem
878 3708 1028 3774 saevienti
1046 3717 1111 3772 tur-
1200 3727 1202 3732 ·

79 3805 144 3872 hae
166 3803 314 3883 inmixta,
340 3814 376 3870 ut
395 3825 564 3891 parumper
586 3803 773 3869 sustinerent
793 3812 934 3889 precata,
960 3801 1037 3866 flens
1055 3799 1109 3877 ait,

80 3898 191 3965 virum
217 3896 278 3963 sibi
301 3897 478 3981 liberosque
500 3905 608 3983 captos
626 3896 712 3983 apud
731 3895 840 3963 hostes
863 3917 947 3972 esse,
973 3911 1106 3978 sperare,

79 4012 217 4078 eorpore
236 3984 330 4079 'regio
355 4002 524 4076 utcumque
549 3990 686 4058 mulcato
712 4012 747 4057 se
774 4012 847 4056 suos
869 3987 1108 4071 redempturam.
