2566 4524
150 258 215 325 376
388 268 506 326 ursan
523 269 593 340 vn,
611 270 654 325 aa.
673 268 945 342 [suasos-eos]
1063 352 1068 359 Ι

150 450 207 516 per
224 429 423 515 interpretem
442 450 540 492 unum
562 450 602 492 ex
618 427 785 506 Romanis,
812 428 869 512 qui
892 450 1002 495 secum
1021 430 1100 497 ferro
1118 432 1153 498 de·

21 516 24 521 ¹
117 532 267 591 acernat.
311 520 360 588 M.
387 530 453 587 erat
481 521 626 587 Valerius
653 522 796 588 tribunus
822 522 960 589 militum
985 524 1159 605 adulescens,
1202 566 1204 571 ·

150 616 206 702 qui
232 616 318 682 haud
343 615 552 702 indigniorem
579 637 617 681 eo
642 615 755 682 decore
782 638 816 683 se
842 638 940 700 quam
963 617 1002 684 Τ.
1024 616 1160 686 Manlium
1201 620 1204 635 '

149 724 251 793 ratus,
282 713 369 801 prius
397 713 573 780 sciscitatus
599 713 736 779 consulis
764 713 959 780 voluntatem
984 713 1019 780 in
1043 715 1162 782 median

117 818 292 874 sarmatus
322 809 485 894 processit.
529 808 633 874 minus
663 807 788 896 insigne
818 816 979 874 certamen
1008 809 1162 877 hnmanun

150 904 278 969 numine
304 903 487 989 interposito
514 902 644 968 deorum
669 903 803 969 factum:
837 925 976 989 namque
1007 904 1164 972 conserenti

149 996 215 1064 iam
231 1003 360 1062 m'anum
372 996 518 1062 Romano
536 1019 648 1064 corvus
666 1007 794 1083 repente
811 998 846 1063 in
860 998 956 1086 galea
974 999 1163 1078 consedit‚in

115 1091 275 1159 chostem
296 1113 417 1157 versus.
462 1091 548 1176 quod
569 1091 670 1178 primo
692 1101 727 1157 ut
749 1093 916 1180 augurium
943 1094 1034 1160 caelo
1051 1094 1165 1160 musun

149 1186 251 1253 laetus
271 1187 391 1273 accepit
408 1185 566 1265 tribunus,
584 1195 729 1272 precatus
747 1187 874 1253 deinde:
894 1187 922 1252 si
934 1188 1047 1270 divus,
1066 1189 1165 1256 sidia
1202 1238 1204 1249 .

121 1362 126 1368 ι
151 1292 249 1360 esset,
277 1281 332 1366 qui
354 1280 414 1347 sibi
434 1290 615 1368 praepetem
637 1281 789 1359 misisset,
816 1281 926 1347 volens
948 1283 1105 1370 propitius
1123 1282 1166 1349 ad
1202 1296 1204 1343 ε

116 1394 133 1442 c
152 1385 245 1442 esset.
282 1375 368 1440 dictu
380 1374 535 1453 mirabile,
554 1375 654 1441 tenuit
665 1395 730 1441 non
743 1375 846 1442 solum
859 1374 926 1441 ales
940 1387 1068 1464 captam
1085 1374 1165 1445 semel

151 1472 274 1549 sedem,
303 1471 360 1536 sed
382 1469 662 1555 quotienscumque
684 1480 841 1537 certamen
861 1471 976 1537 initum
998 1482 1049 1540 est
1073 1473 1165 1539 levans

151 1588 187 1633 se
212 1565 271 1631 alis
297 1588 333 1630 os
360 1564 532 1649 oculosque
557 1564 656 1631 hostis
682 1573 784 1631 rostro
810 1574 843 1631 et
866 1566 1032 1653 unguibus
1055 1566 1164 1654 adpcu't,

150 1661 252 1727 donec
261 1662 400 1727 territum
413 1661 550 1748 prodigii
562 1661 633 1727 talis
647 1661 718 1727 visu
731 1660 893 1745 oculisque
907 1662 1003 1727 simul
1021 1684 1060 1729 ac
1076 1670 1164 1729 mente

151 1755 311 1822 turbatum
327 1754 474 1821 Valerius
493 1754 667 1821 obtruncat
699 1776 812 1821 corvus
830 1777 870 1821 ex
888 1765 1065 1843 conspectu
1080 1756 1164 1823 elatus

119 1864 134 1913 c
153 1849 304 1915 orientem
317 1849 404 1934 petit.
431 1848 583 1915 hactenus
596 1848 720 1932 quietae
737 1849 895 1934 utrimque
913 1850 1067 1935 stationes
1083 1849 1164 1916 fuere

149 1953 319 2030 postquam
337 1942 471 2028 spoliare
489 1965 603 2030 corpus
617 1943 702 2009 caesi
714 1943 814 2009 hostis
827 1943 973 2010 tribunus
987 1945 1104 2031 coepit,
1119 1962 1164 2008 nec

152 2036 238 2104 Galli
255 2060 290 2103 se
308 2037 442 2103 statione
460 2046 627 2104 tenuerunt
645 2049 675 2105 et
691 2038 908 2105 Romanorum
925 2060 1042 2107 cursus
1060 2040 1100 2106 ad
1112 2037 1164 2105 ric·

151 2142 251 2198 torem
277 2132 371 2198 etiam
397 2132 483 2198 ocior
508 2132 578 2197 fuit.
614 2133 659 2199 ibi
685 2133 768 2199 circa
793 2133 923 2199 iacentis
952 2131 1042 2200 Galli
1066 2152 1163 2220 corpus

116 2236 309 2297 tccntractc
340 2227 509 2295 certamine
539 2250 647 2315 pugna
678 2237 768 2294 atrox
798 2228 982 2294 concitatur.
1027 2229 1092 2295 iam
1114 2246 1164 2293 mu

149 2322 317 2409 manipulis
343 2323 558 2409 proximarum
581 2323 763 2402 stationum,
792 2323 848 2389 sed
868 2322 1051 2410 legionibus
1073 2322 1164 2388 utrin-

150 2440 212 2502 que
231 2417 340 2482 effusis
358 2440 409 2483 res
427 2418 554 2504 geritur.
592 2415 746 2483 Camillus
763 2417 881 2482 laetum
899 2417 1033 2483 militem
1051 2415 1164 2483 victoria

150 2511 280 2589 tribuni,
307 2510 424 2577 laetum
447 2520 511 2576 tam
533 2511 752 2597 praesentibus
775 2532 812 2576 ac
835 2511 983 2576 secundis
1006 2512 1069 2578 diis
1086 2510 1163 2576 ircin

148 2607 303 2692 proelium
324 2606 425 2685 iubet,
453 2614 677 2691 ostentansque
697 2606 854 2693 insignem
877 2605 987 2690 spoliis
1005 2606 1164 2673 tribunum

151 2699 250 2765 ‘hunc
270 2701 408 2778 imitare,
434 2699 549 2779 miles,'
576 2699 679 2766 aiebat
706 2706 751 2766 ‘et
777 2700 860 2765 circa
884 2699 1043 2767 iacentem
1070 2702 1164 2766 ducem

115 2803 253 2862 8sterne
280 2791 445 2858 Gallorum
472 2795 631 2860 catervas?
675 2794 719 2859 dii
744 2793 952 2879 hominesque
977 2794 1025 2860 illi
1052 2794 1163 2861 adsum

147 2908 274 2972 pugnae
288 2887 565 2974 depugnatumque
578 2888 821 2974 haudquaquam
840 2889 1011 2954 certamine
1030 2888 1163 2976 ambiguo

149 3001 222 3045 cum
237 2977 338 3046 Gallis
352 2991 413 3047 est:
431 2983 511 3050 adeo
525 2984 659 3050 duorum
671 2983 806 3049 militum
823 2991 986 3061 eventum,
1004 2983 1089 3050 inter
1099 2999 1161 3067 quos

115 3086 324 3164 opugnatum
346 3087 425 3156 erat,
453 3087 584 3162 utraque
607 3078 690 3144 acies
713 3077 825 3144 animis
847 3087 1065 3164 praeceperat.
1099 3078 1163 3142 inter

147 3170 279 3256 primos,
299 3193 432 3256 quorum
451 3193 621 3238 concursus
640 3171 717 3237 alios
731 3171 901 3250 exciverat,
919 3180 1012 3238 atrox
1024 3170 1161 3260 proelium

147 3265 222 3332 fuit:
241 3267 303 3332 alia
320 3268 501 3345 multitudo,
520 3267 704 3352 priusquam
721 3267 763 3332 ad
780 3267 958 3332 coniectum
976 3267 1032 3334 teli
1049 3266 1174 3337 venua·

147 3368 237 3445 terga
253 3362 354 3427 vertit.
390 3362 493 3448 primo
510 3384 567 3447 per
578 3361 715 3429 Volscos
731 3360 967 3445 Falernumque
985 3384 1099 3449 agrum
1113 3359 1160 3425 die

149 3452 243 3537 eipati
275 3464 361 3532 sunt,
397 3457 471 3520 inde
497 3454 648 3541 Apuliam
674 3478 712 3522 ac
737 3477 823 3522 marc
848 3455 988 3521 inferum
1013 3457 1158 3544 petierunt

97 3563 130 3613 10
148 3547 258 3611 consul
277 3549 420 3615 contione
433 3552 586 3616 advocata
598 3550 761 3616 laudatum
774 3548 935 3615 tribunum
948 3550 1062 3617 decem
1075 3546 1159 3616 bubo

148 3662 305 3727 aureaque
333 3665 448 3711 corona
474 3646 579 3711 donat.
623 3645 692 3730 ipse
717 3645 823 3710 iussus
851 3643 892 3709 ab
919 3655 1035 3711 senatu
1060 3641 1157 3709 bellua

96 3754 127 3801 11
148 3735 340 3801 maritimum
366 3759 474 3804 curare
502 3762 574 3804 cum
600 3748 742 3825 praetore
764 3738 866 3803 iunxit
888 3747 1003 3805 castra.
1038 3737 1084 3804 ibi
1102 3730 1157 3820 qul·

145 3852 197 3896 res
220 3830 300 3895 trahi
327 3832 461 3919 segnitia
484 3830 677 3900 Graecorum
703 3855 768 3898 non
794 3832 1059 3898 committentium
1083 3824 1155 3896 sc'ffl

147 3925 247 3990 aciem
265 3924 464 4007 videbantur,
488 3928 673 3994 dictatorem
690 3927 888 3993 comitiorum
910 3949 1010 3993 causa
1026 3926 1064 3992 Τ.
1081 3921 1156 3989 Mau

96 4016 224 4082 salium
246 4018 441 4103 Torquatum
469 4045 508 4089 ex
535 4023 718 4088 auctoritate
745 4031 872 4088 senatus
899 4021 991 4087 dixit.
1034 4020 1154 4086 docco
