2566 4524
377 248 495 304 nmna
509 250 552 320 x,
568 251 611 307 ao.
630 250 779 321 [acme]
1026 238 1091 307 515

83 446 87 451 -
129 404 214 472 XX.
249 405 338 471 Dum
360 404 453 472 ambo
476 407 619 473 consules
642 408 804 492 omnisque
821 407 965 474 Romana
986 410 1034 475 iis
1055 409 1088 475 in
1107 431 1121 480 1

69 500 238 568 Etruscum
255 499 374 566 bellum
390 501 493 588 magis
509 501 647 580 inclinat,
661 501 694 565 in
705 499 835 568 Samnio
847 503 921 568 novi
934 504 1088 570 exercitus

68 596 167 663 exorti
187 594 230 659 ad
249 593 446 681 populandos
467 594 589 681 imperii
605 594 742 661 Romani
762 594 840 662 fines
861 618 919 684 per
935 596 1088 663 Vescinos

67 687 98 755 in
115 686 325 775 Campaniam
346 686 578 773 Falernumque
599 712 711 776 agrum
732 690 954 756 transcendunt
977 690 1089 779 ingen-

67 790 176 866 tesque
192 780 326 868 praedes
343 779 471 847 faciunt.
505 780 710 847 Volumnium
727 783 850 870 magnis
872 783 1033 850 itineribus
1054 785 1089 850 in
1106 803 1120 850 2

68 871 234 944 Samnium
250 873 432 940 redeuntem
445 912 487 925 -
503 874 566 940 iam
585 876 667 940 enim
683 874 784 942 Fabio
800 876 965 964 Decioque
981 900 1089 964 proro-

65 969 130 1059 gati
151 967 275 1054 imperii
296 966 367 1033 finis
389 968 497 1033 aderat
514 1003 556 1015 —
573 967 659 1033 fama
681 968 720 1034 de
738 966 928 1036 Samnitium
950 972 1088 1038 exercitu

65 1061 380 1151 populationibusque
403 1060 558 1148 Campani
583 1061 652 1149 agri
673 1063 713 1128 ad
734 1063 866 1129 tuendos
890 1063 991 1131 socios
1014 1087 1088 1131 con-

65 1157 168 1223 vertit.
194 1165 231 1220 ut
247 1155 281 1221 in
293 1154 447 1222 Calenum
465 1178 576 1243 agrum
593 1155 686 1235 venit,
705 1164 736 1222 et
753 1155 821 1242 ipse
838 1158 935 1222 cernit
951 1158 1088 1224 recentia
1105 1180 1121 1227 a

65 1250 164 1317 eladis
181 1248 316 1337 vestigia
333 1258 364 1314 et
382 1247 493 1315 Caleni
509 1257 644 1328 narrant,
663 1258 783 1315 tantum
800 1250 863 1316 iam
880 1250 1014 1336 praedae
1030 1250 1087 1317 ho-

65 1345 121 1411 stis
141 1342 277 1422 trahere,
299 1352 334 1408 ut
351 1342 406 1408 vix
417 1343 582 1430 explicare
602 1366 717 1431 agmen
736 1345 872 1430 possint:
898 1345 1003 1430 itaque
1023 1345 1088 1411 iam
1104 1367 1146 1414 4·

64 1437 229 1526 propalam
246 1437 341 1503 duces
355 1435 451 1522 loqui,
465 1436 621 1523 extemplo
636 1438 773 1503 eundum
785 1438 818 1503 in
828 1436 993 1505 Samnium
1006 1459 1086 1517 esse,

63 1541 99 1598 ut
115 1531 226 1597 relicta
240 1530 286 1597 ibi
301 1531 419 1617 praeda
429 1531 464 1596 in
475 1531 705 1618 expeditionem
721 1532 849 1598 redeant
865 1555 924 1599 nec
935 1542 1001 1600 tam
1013 1555 1089 1600 one-

63 1635 168 1693 ratum
185 1646 299 1713 agmen
315 1624 507 1691 dimicationi
519 1626 721 1692 committant
749 1649 787 1693 ea
799 1649 989 1714 quamquam
1002 1627 1088 1695 simi-
1105 1652 1122 1698 s

62 1717 106 1787 lie
126 1718 212 1786 veris
237 1727 338 1798 mant,
365 1717 479 1785 certius
505 1727 609 1784 tamen
635 1719 824 1806 exploranda
849 1731 935 1806 ratus
961 1721 1088 1787 dimittit

65 1813 198 1901 equites,
211 1813 266 1897 qui
277 1833 377 1901 vagos
394 1812 595 1900 praedatores
612 1811 645 1878 in
661 1813 745 1900 agris
762 1814 903 1899 palantes
917 1814 1087 1902 excipiant3

65 1929 105 1974 ex
131 1906 247 1992 quibus
271 1906 458 1992 inquirendo
483 1907 659 1994 cognoscit,
689 1908 730 1973 ad
751 1906 941 1974 Vultnmnm
969 1909 1121 1981 flumeno

64 2000 176 2068 sedere
193 2000 330 2089 hostem,
351 2000 425 2066 inde
441 2001 532 2067 tertia
548 2000 657 2090 vigilia
673 2011 843 2082 moturum,
864 2003 923 2068 iter
943 2002 977 2067 in
995 2000 1088 2069 Sam-

63 2096 153 2162 nium
171 2116 251 2161 esse.
286 2093 336 2161 his
358 2094 434 2161 satis
452 2094 619 2181 exploratis
640 2095 799 2183 profectus
821 2105 908 2163 tanto
924 2096 1122 2168 intervallos

64 2188 105 2256 ab
122 2186 268 2256 hostibus
285 2187 439 2266 consedit,
458 2195 492 2252 ut
508 2208 567 2253 nec
583 2188 737 2255 adventus
759 2211 838 2254 suus
857 2190 1087 2277 propinquitate

63 2282 163 2350 nimia
179 2281 268 2348 nosci
283 2291 391 2369 posset
404 2290 435 2348 et
452 2281 663 2369 egredientem
680 2304 698 2348 e
715 2282 825 2348 castris
842 2282 966 2348 hostem
983 2282 1088 2368 oppri-

63 2384 174 2443 meret.
199 2375 357 2460 aliquanto
374 2385 446 2441 ante
463 2375 566 2441 lucem
584 2374 625 2442 ad
642 2384 744 2441 castra
760 2375 893 2441 accessit
909 2396 1086 2462 gnarosque
1105 2397 1120 2445 8

65 2469 174 2541 Oscae
194 2469 320 2558 linguae
341 2470 535 2557 exploratum
556 2471 633 2555 quid
653 2480 765 2557 agatur
780 2470 883 2535 mittit
917 2469 1088 2537 intermixti

63 2560 224 2643 hostibus,
245 2563 331 2648 quod
351 2563 443 2629 facile
465 2572 531 2629 erat
551 2563 584 2628 in
602 2573 753 2630 nocturna
773 2562 991 2649 trepidatione,
1013 2585 1088 2650 cog-

62 2667 212 2738 noscunt,
247 2657 453 2743 infrequentia
481 2657 608 2724 armatis
642 2657 733 2744 signa
763 2679 904 2746 egressa,
938 2656 1088 2745 praedam

62 2752 263 2841 praedaeque
280 2751 425 2819 custodes
443 2752 543 2830 exire,
560 2749 709 2817 inmobile
725 2773 839 2840 agmen
856 2760 887 2817 et
904 2772 962 2818 sua
978 2771 1088 2835 quem-

63 2868 128 2933 que
149 2844 328 2911 molientem
349 2845 436 2911 nullo
457 2845 537 2911 inter
557 2845 634 2912 alios
657 2866 813 2913 consensu
828 2866 887 2913 neo
908 2843 985 2912 sads
1002 2853 1087 2911 certo

63 2939 207 3027 imperio.
246 2947 370 3027 tempus
392 2939 594 3026 adgrediendi
616 2939 812 3024 aptissimum
838 2940 942 3006 visum
963 2949 1030 3018 est3
1055 2948 1087 3005 et
1105 2957 1119 3006 e

62 3033 129 3099 iam
150 3031 207 3097 lux
223 3031 402 3119 adpetebat:
428 3034 534 3116 itaque
555 3031 646 3120 signa
667 3053 777 3096 canere
798 3032 890 3097 iussit
910 3053 1086 3118 agmenque

63 3126 206 3193 hostium
222 3125 412 3213 adgreditur.
444 3123 603 3191 Samnites
620 3123 736 3211 praeda
751 3123 891 3210 inpediti,
908 3123 1087 3208 infrequen-
1106 3144 1138 3192 10

63 3230 114 3286 tes
132 3219 253 3297 armati,
270 3240 344 3305 pars
357 3219 472 3285 addere
488 3218 621 3307 gradum
633 3239 671 3283 ac
682 3238 757 3303 prae
771 3238 805 3283 se
817 3238 911 3303 agere
927 3216 1086 3304 praedam,

62 3336 139 3402 pars
166 3322 248 3378 stare
272 3312 395 3392 incerti,
421 3321 525 3378 uuum
549 3311 696 3399 progredi
722 3334 763 3377 an
782 3310 905 3398 regredi
930 3310 965 3376 in
985 3319 1088 3377 castra

64 3408 164 3474 tutius
182 3406 276 3473 foret:
301 3407 382 3473 inter
399 3407 626 3474 cunctationem
643 3406 869 3492 opprimuntur.
903 3413 935 3471 et
951 3405 1088 3471 Romani

64 3503 129 3569 iam
146 3500 400 3567 transcenderant
416 3500 534 3567 vallum
554 3500 728 3584 caedesque
745 3520 782 3566 ac
798 3498 950 3566 tumultus
967 3507 1033 3565 erat
1053 3499 1088 3564 in

65 3596 189 3662 castris.
226 3591 416 3662 Samnitium
440 3616 555 3683 agmen
579 3603 796 3680 praeterquam
820 3591 926 3659 hostili
950 3592 1087 3659 tumultu
1107 3615 1137 3660 11

66 3690 263 3775 captivorum
280 3689 374 3755 etiam
391 3689 552 3776 repentina
568 3686 744 3763 defectione
760 3685 919 3753 turbatum
935 3695 1015 3765 erat,
1031 3685 1087 3769 qni
1106 3705 1136 3752 12

63 3783 181 3871 partim
197 3783 259 3869 ipsi
277 3784 371 3849 soluti
387 3784 509 3849 vinctos
527 3780 703 3858 solvebant,
724 3780 838 3866 partim
859 3803 946 3846 arma
965 3781 1000 3845 in
1021 3801 1087 3843 sar·

65 3877 146 3944 cinis
165 3876 301 3964 deligata
316 3877 478 3963 rapiebant
495 3876 724 3959 tumultumque
744 3874 862 3961 proelio
879 3874 949 3958 ipso
966 3869 1087 3936 terribi-

64 3970 177 4037 liorem
190 3971 358 4036 intermixti
371 3971 488 4058 agmini
499 3968 700 4057 praebebant.
726 3966 962 4118 memorapglpm
974 3963 1085 4029 deinde
1105 3984 1137 4032 1³
