<?xml version="1.0" encoding="UTF-8"?>
<!DOCTYPE html PUBLIC "-//W3C//DTD XHTML 1.0 Transitional//EN"
    "http://www.w3.org/TR/xhtml1/DTD/xhtml1-transitional.dtd">
<html xmlns="http://www.w3.org/1999/xhtml" xml:lang="en" lang="en">
 <head>
  <title>
</title>
<meta http-equiv="Content-Type" content="text/html;charset=utf-8" />
  <meta name='ocr-system' content='tesseract 3.04.00' />
  <meta name='ocr-capabilities' content='ocr_page ocr_carea ocr_par ocr_line ocrx_word'/>
</head>
<body>
  <div class='ocr_page' id='page_1' title='image "./titiliviaburbec01weisgoog_0187.png"; bbox 0 0 2566 4524; ppageno 0'>
   <div class='ocr_carea' id='block_1_1' title="bbox 148 242 954 321">
    <p class='ocr_par' dir='ltr' id='par_1_1' title="bbox 148 242 954 321">
     <span class='ocr_line' id='line_1_1' title="bbox 148 242 954 321; baseline 0 -15"><span class='ocrx_word' id='word_1_1' title='bbox 148 242 209 306; x_wconf 86' lang='lat'>100</span> <span class='ocrx_word' id='word_1_2' title='bbox 368 250 486 306; x_wconf 86' lang='lat' dir='ltr'>LIBER</span> <span class='ocrx_word' id='word_1_3' title='bbox 504 250 548 321; x_wconf 91' lang='lat' dir='ltr'>Il,</span> <span class='ocrx_word' id='word_1_4' title='bbox 567 250 608 305; x_wconf 84' lang='lat'>39.</span> <span class='ocrx_word' id='word_1_5' title='bbox 622 249 664 307; x_wconf 87' lang='grc'>40.</span> <span class='ocrx_word' id='word_1_6' title='bbox 685 254 760 320; x_wconf 86' lang='lat' dir='ltr'>[au.</span> <span class='ocrx_word' id='word_1_7' title='bbox 771 250 954 319; x_wconf 78' lang='lat' dir='ltr'>e.263-268]</span> 
     </span>
    </p>
   </div>
   <div class='ocr_carea' id='block_1_2' title="bbox 112 406 1203 969">
    <p class='ocr_par' dir='ltr' id='par_1_2' title="bbox 112 406 1156 679">
     <span class='ocr_line' id='line_1_2' title="bbox 112 406 1151 497; baseline -0.007 -21"><span class='ocrx_word' id='word_1_8' title='bbox 112 436 126 483; x_wconf 78' lang='lat'><strong>7</strong></span> <span class='ocrx_word' id='word_1_9' title='bbox 145 434 225 496; x_wconf 90' lang='lat' dir='ltr'>quae</span> <span class='ocrx_word' id='word_1_10' title='bbox 242 409 383 497; x_wconf 85' lang='lat' dir='ltr'>profecto</span> <span class='ocrx_word' id='word_1_11' title='bbox 401 418 469 474; x_wconf 87' lang='lat' dir='ltr'>orta</span> <span class='ocrx_word' id='word_1_12' title='bbox 487 419 583 486; x_wconf 91' lang='lat' dir='ltr'>esset,</span> <span class='ocrx_word' id='word_1_13' title='bbox 603 408 681 474; x_wconf 91' lang='lat' dir='ltr'>adeo</span> <span class='ocrx_word' id='word_1_14' title='bbox 700 407 816 473; x_wconf 83' lang='lat' dir='ltr'>tribuni</span> <span class='ocrx_word' id='word_1_15' title='bbox 832 407 896 472; x_wconf 88' lang='lat' dir='ltr'>iam</span> <span class='ocrx_word' id='word_1_16' title='bbox 914 406 1050 472; x_wconf 88' lang='lat' dir='ltr'>ferocem</span> <span class='ocrx_word' id='word_1_17' title='bbox 1066 427 1116 492; x_wconf 87' lang='lat' dir='ltr'>per</span> <span class='ocrx_word' id='word_1_18' title='bbox 1128 424 1151 469; x_wconf 84' lang='lat' dir='ltr'>se</span> 
     </span>
     <span class='ocr_line' id='line_1_3' title="bbox 144 496 1155 592; baseline -0.005 -23"><span class='ocrx_word' id='word_1_19' title='bbox 144 504 269 592; x_wconf 85' lang='lat' dir='ltr'>plebem</span> <span class='ocrx_word' id='word_1_20' title='bbox 284 503 475 569; x_wconf 82' lang='lat' dir='ltr'>criminando</span> <span class='ocrx_word' id='word_1_21' title='bbox 488 502 521 566; x_wconf 92' lang='lat' dir='ltr'>in</span> <span class='ocrx_word' id='word_1_22' title='bbox 535 501 685 588; x_wconf 88' lang='lat' dir='ltr'>primores</span> <span class='ocrx_word' id='word_1_23' title='bbox 700 501 833 566; x_wconf 86' lang='lat' dir='ltr'>civitatis</span> <span class='ocrx_word' id='word_1_24' title='bbox 847 500 1054 587; x_wconf 77' lang='lat' dir='ltr'><strong>instigabant,</strong></span> <span class='ocrx_word' id='word_1_25' title='bbox 1063 537 1102 548; x_wconf 90' lang='lat'><em>-</em></span> <span class='ocrx_word' id='word_1_26' title='bbox 1114 496 1155 565; x_wconf 84' lang='lat' dir='ltr'>sed</span> 
     </span>
     <span class='ocr_line' id='line_1_4' title="bbox 146 591 1156 679; baseline -0.008 -13"><span class='ocrx_word' id='word_1_27' title='bbox 146 611 292 666; x_wconf 87' lang='lat' dir='ltr'>externus</span> <span class='ocrx_word' id='word_1_28' title='bbox 310 598 416 674; x_wconf 88' lang='lat' dir='ltr'>timor,</span> <span class='ocrx_word' id='word_1_29' title='bbox 440 597 612 661; x_wconf 83' lang='lat' dir='ltr'>maximum</span> <span class='ocrx_word' id='word_1_30' title='bbox 631 595 816 661; x_wconf 82' lang='lat' dir='ltr'>concordiae</span> <span class='ocrx_word' id='word_1_31' title='bbox 834 594 1010 673; x_wconf 90' lang='lat' dir='ltr'>vinculum,</span> <span class='ocrx_word' id='word_1_32' title='bbox 1032 591 1156 679; x_wconf 82' lang='lat' dir='ltr'>quamvis</span> 
     </span>
    </p>

    <p class='ocr_par' dir='ltr' id='par_1_3' title="bbox 112 688 1203 969">
     <span class='ocr_line' id='line_1_5' title="bbox 112 688 1203 781; baseline -0.011 -18"><span class='ocrx_word' id='word_1_33' title='bbox 112 715 127 763; x_wconf 85' lang='lat'>8</span> <span class='ocrx_word' id='word_1_34' title='bbox 147 704 311 781; x_wconf 85' lang='lat' dir='ltr'>suspectos</span> <span class='ocrx_word' id='word_1_35' title='bbox 329 692 533 774; x_wconf 83' lang='lat' dir='ltr'>infensosque</span> <span class='ocrx_word' id='word_1_36' title='bbox 551 692 632 756; x_wconf 90' lang='lat' dir='ltr'>inter</span> <span class='ocrx_word' id='word_1_37' title='bbox 650 714 683 756; x_wconf 90' lang='lat' dir='ltr'>se</span> <span class='ocrx_word' id='word_1_38' title='bbox 700 690 853 778; x_wconf 89' lang='lat' dir='ltr'>iungebat</span> <span class='ocrx_word' id='word_1_39' title='bbox 870 690 1003 755; x_wconf 89' lang='lat' dir='ltr'>animos.</span> <span class='ocrx_word' id='word_1_40' title='bbox 1033 689 1067 755; x_wconf 90' lang='lat' dir='ltr'>id</span> <span class='ocrx_word' id='word_1_41' title='bbox 1083 688 1159 754; x_wconf 89' lang='lat' dir='ltr'>modo</span> <span class='ocrx_word' id='word_1_42' title='bbox 1200 764 1203 769; x_wconf 27' lang='grc' dir='ltr'>Ι</span> 
     </span>
     <span class='ocr_line' id='line_1_6' title="bbox 145 781 1161 871; baseline -0.009 -17"><span class='ocrx_word' id='word_1_43' title='bbox 145 813 210 855; x_wconf 89' lang='lat' dir='ltr'>non</span> <span class='ocrx_word' id='word_1_44' title='bbox 228 786 448 864; x_wconf 89' lang='lat' dir='ltr'>conveniebat,</span> <span class='ocrx_word' id='word_1_45' title='bbox 467 787 554 871; x_wconf 92' lang='lat' dir='ltr'>quod</span> <span class='ocrx_word' id='word_1_46' title='bbox 567 794 694 851; x_wconf 89' lang='lat' dir='ltr'>senatus</span> <span class='ocrx_word' id='word_1_47' title='bbox 709 784 918 868; x_wconf 80' lang='lat' dir='ltr'>consulesque</span> <span class='ocrx_word' id='word_1_48' title='bbox 931 806 1090 868; x_wconf 79' lang='lat' dir='ltr'><strong>nusquam</strong></span> <span class='ocrx_word' id='word_1_49' title='bbox 1102 781 1161 849; x_wconf 85' lang='lat' dir='ltr'>albi</span> 
     </span>
     <span class='ocr_line' id='line_1_7' title="bbox 147 877 1162 969; baseline -0.005 -22"><span class='ocrx_word' id='word_1_50' title='bbox 147 904 236 969; x_wconf 94' lang='lat' dir='ltr'>spem</span> <span class='ocrx_word' id='word_1_51' title='bbox 255 902 350 964; x_wconf 91' lang='lat' dir='ltr'>quam</span> <span class='ocrx_word' id='word_1_52' title='bbox 362 878 395 943; x_wconf 94' lang='lat' dir='ltr'>in</span> <span class='ocrx_word' id='word_1_53' title='bbox 409 879 504 944; x_wconf 89' lang='lat' dir='ltr'>armis</span> <span class='ocrx_word' id='word_1_54' title='bbox 518 879 691 965; x_wconf 91' lang='lat' dir='ltr'>ponebant,</span> <span class='ocrx_word' id='word_1_55' title='bbox 710 878 819 965; x_wconf 88' lang='lat' dir='ltr'>plebes</span> <span class='ocrx_word' id='word_1_56' title='bbox 833 877 939 943; x_wconf 86' lang='lat' dir='ltr'>omnia</span> <span class='ocrx_word' id='word_1_57' title='bbox 952 899 1049 962; x_wconf 89' lang='lat' dir='ltr'>quam</span> <span class='ocrx_word' id='word_1_58' title='bbox 1061 877 1162 943; x_wconf 86' lang='lat' dir='ltr'>bellum</span> 
     </span>
    </p>
   </div>
   <div class='ocr_carea' id='block_1_3' title="bbox 96 976 1208 4083">
    <p class='ocr_par' dir='ltr' id='par_1_4' title="bbox 146 976 294 1041">
     <span class='ocr_line' id='line_1_8' title="bbox 146 976 294 1041; baseline -0.014 0"><span class='ocrx_word' id='word_1_59' title='bbox 146 976 294 1041; x_wconf 89' lang='lat' dir='ltr'>malebat.</span> 
     </span>
    </p>

    <p class='ocr_par' dir='ltr' id='par_1_5' title="bbox 114 1064 1208 1531">
     <span class='ocr_line' id='line_1_9' title="bbox 114 1064 1208 1155; baseline -0.005 -19"><span class='ocrx_word' id='word_1_60' title='bbox 114 1087 129 1136; x_wconf 82' lang='lat'>9</span> <span class='ocrx_word' id='word_1_61' title='bbox 213 1067 269 1155; x_wconf 89' lang='lat' dir='ltr'>Sp.</span> <span class='ocrx_word' id='word_1_62' title='bbox 288 1067 422 1133; x_wconf 81' lang='lat' dir='ltr'><strong>Nautius</strong></span> <span class='ocrx_word' id='word_1_63' title='bbox 444 1067 508 1132; x_wconf 89' lang='lat' dir='ltr'>iam</span> <span class='ocrx_word' id='word_1_64' title='bbox 530 1077 561 1133; x_wconf 93' lang='lat' dir='ltr'>et</span> <span class='ocrx_word' id='word_1_65' title='bbox 585 1065 660 1133; x_wconf 87' lang='lat' dir='ltr'>Sex.</span> <span class='ocrx_word' id='word_1_66' title='bbox 682 1067 798 1133; x_wconf 86' lang='lat' dir='ltr'>Furius</span> <span class='ocrx_word' id='word_1_67' title='bbox 821 1065 967 1132; x_wconf 91' lang='lat' dir='ltr'>consules</span> <span class='ocrx_word' id='word_1_68' title='bbox 990 1076 1088 1131; x_wconf 81' lang='lat' dir='ltr'>erant.</span> <span class='ocrx_word' id='word_1_69' title='bbox 1123 1086 1164 1130; x_wconf 85' lang='lat' dir='ltr'>eos</span> <span class='ocrx_word' id='word_1_70' title='bbox 1206 1064 1208 1073; x_wconf 82' lang='lat'>&#39;</span> 
     </span>
     <span class='ocr_line' id='line_1_10' title="bbox 145 1159 1168 1250; baseline -0.005 -21"><span class='ocrx_word' id='word_1_71' title='bbox 145 1166 344 1229; x_wconf 86' lang='lat' dir='ltr'>recensentes</span> <span class='ocrx_word' id='word_1_72' title='bbox 361 1163 516 1250; x_wconf 86' lang='lat' dir='ltr'>legiones,</span> <span class='ocrx_word' id='word_1_73' title='bbox 535 1163 692 1249; x_wconf 88' lang='lat' dir='ltr'>praesidia</span> <span class='ocrx_word' id='word_1_74' title='bbox 708 1185 765 1248; x_wconf 90' lang='lat' dir='ltr'>per</span> <span class='ocrx_word' id='word_1_75' title='bbox 781 1183 889 1226; x_wconf 91' lang='lat' dir='ltr'>muros</span> <span class='ocrx_word' id='word_1_76' title='bbox 907 1160 1047 1244; x_wconf 88' lang='lat' dir='ltr'>aliaque,</span> <span class='ocrx_word' id='word_1_77' title='bbox 1065 1160 1099 1224; x_wconf 92' lang='lat' dir='ltr'>in</span> <span class='ocrx_word' id='word_1_78' title='bbox 1110 1159 1168 1244; x_wconf 90' lang='lat' dir='ltr'>qui-</span> 
     </span>
     <span class='ocr_line' id='line_1_11' title="bbox 145 1253 1167 1343; baseline -0.007 -19"><span class='ocrx_word' id='word_1_79' title='bbox 145 1256 206 1324; x_wconf 92' lang='lat' dir='ltr'>bus</span> <span class='ocrx_word' id='word_1_80' title='bbox 225 1257 375 1323; x_wconf 87' lang='lat' dir='ltr'>stationes</span> <span class='ocrx_word' id='word_1_81' title='bbox 393 1256 579 1343; x_wconf 90' lang='lat' dir='ltr'>vigiliasque</span> <span class='ocrx_word' id='word_1_82' title='bbox 598 1279 668 1322; x_wconf 87' lang='lat' dir='ltr'>esse</span> <span class='ocrx_word' id='word_1_83' title='bbox 686 1256 860 1343; x_wconf 79' lang='lat' dir='ltr'>placuerat,</span> <span class='ocrx_word' id='word_1_84' title='bbox 879 1254 950 1321; x_wconf 91' lang='lat' dir='ltr'>loca</span> <span class='ocrx_word' id='word_1_85' title='bbox 963 1253 1167 1320; x_wconf 85' lang='lat' dir='ltr'>distribuentis</span> 
     </span>
     <span class='ocr_line' id='line_1_12' title="bbox 146 1346 1169 1439; baseline 0 -24"><span class='ocrx_word' id='word_1_86' title='bbox 146 1350 315 1416; x_wconf 91' lang='lat' dir='ltr'>multitudo</span> <span class='ocrx_word' id='word_1_87' title='bbox 328 1353 440 1439; x_wconf 87' lang='lat' dir='ltr'>ingens</span> <span class='ocrx_word' id='word_1_88' title='bbox 454 1374 564 1438; x_wconf 87' lang='lat' dir='ltr'>pacem</span> <span class='ocrx_word' id='word_1_89' title='bbox 579 1346 776 1438; x_wconf 84' lang='lat' dir='ltr'>poscentium</span> <span class='ocrx_word' id='word_1_90' title='bbox 792 1351 930 1437; x_wconf 91' lang='lat' dir='ltr'>primum</span> <span class='ocrx_word' id='word_1_91' title='bbox 948 1349 1099 1415; x_wconf 88' lang='lat' dir='ltr'>seditioso</span> <span class='ocrx_word' id='word_1_92' title='bbox 1116 1348 1169 1415; x_wconf 88' lang='lat' dir='ltr'>cla·</span> 
     </span>
     <span class='ocr_line' id='line_1_13' title="bbox 146 1442 1168 1531; baseline -0.002 -21"><span class='ocrx_word' id='word_1_93' title='bbox 146 1468 234 1512; x_wconf 90' lang='lat' dir='ltr'>more</span> <span class='ocrx_word' id='word_1_94' title='bbox 252 1447 434 1522; x_wconf 89' lang='lat' dir='ltr'>conterruit,</span> <span class='ocrx_word' id='word_1_95' title='bbox 453 1447 566 1511; x_wconf 90' lang='lat' dir='ltr'>deinde</span> <span class='ocrx_word' id='word_1_96' title='bbox 580 1468 691 1511; x_wconf 84' lang='lat' dir='ltr'>vocare</span> <span class='ocrx_word' id='word_1_97' title='bbox 706 1455 864 1523; x_wconf 89' lang='lat' dir='ltr'>senatum,</span> <span class='ocrx_word' id='word_1_98' title='bbox 882 1443 999 1510; x_wconf 87' lang='lat' dir='ltr'>referre</span> <span class='ocrx_word' id='word_1_99' title='bbox 1013 1445 1053 1509; x_wconf 91' lang='lat' dir='ltr'>de</span> <span class='ocrx_word' id='word_1_100' title='bbox 1067 1442 1168 1531; x_wconf 86' lang='lat' dir='ltr'>legatis</span> 
     </span>
    </p>

    <p class='ocr_par' dir='ltr' id='par_1_6' title="bbox 98 1539 1169 1815">
     <span class='ocr_line' id='line_1_14' title="bbox 98 1539 1169 1625; baseline -0.007 -16"><span class='ocrx_word' id='word_1_101' title='bbox 98 1561 130 1610; x_wconf 90' lang='lat'>10</span> <span class='ocrx_word' id='word_1_102' title='bbox 149 1542 190 1605; x_wconf 90' lang='lat' dir='ltr'>ad</span> <span class='ocrx_word' id='word_1_103' title='bbox 209 1540 272 1606; x_wconf 88' lang='lat' dir='ltr'>Cn.</span> <span class='ocrx_word' id='word_1_104' title='bbox 288 1539 446 1605; x_wconf 89' lang='lat' dir='ltr'>Marcium</span> <span class='ocrx_word' id='word_1_105' title='bbox 464 1541 623 1605; x_wconf 78' lang='lat' dir='ltr'>mittendis</span> <span class='ocrx_word' id='word_1_106' title='bbox 642 1540 754 1625; x_wconf 87' lang='lat' dir='ltr'>coegit.</span> <span class='ocrx_word' id='word_1_107' title='bbox 791 1549 979 1625; x_wconf 88' lang='lat' dir='ltr'>acceperunt</span> <span class='ocrx_word' id='word_1_108' title='bbox 994 1539 1169 1604; x_wconf 79' lang='lat' dir='ltr'>relationem</span> 
     </span>
     <span class='ocr_line' id='line_1_15' title="bbox 144 1633 1167 1722; baseline -0.005 -22"><span class='ocrx_word' id='word_1_109' title='bbox 144 1646 266 1722; x_wconf 86' lang='lat' dir='ltr'>patres,</span> <span class='ocrx_word' id='word_1_110' title='bbox 284 1645 453 1720; x_wconf 89' lang='lat' dir='ltr'>postquam</span> <span class='ocrx_word' id='word_1_111' title='bbox 466 1634 623 1720; x_wconf 90' lang='lat' dir='ltr'>apparuit,</span> <span class='ocrx_word' id='word_1_112' title='bbox 642 1634 748 1699; x_wconf 91' lang='lat' dir='ltr'>labare</span> <span class='ocrx_word' id='word_1_113' title='bbox 761 1633 862 1720; x_wconf 90' lang='lat' dir='ltr'>plebis</span> <span class='ocrx_word' id='word_1_114' title='bbox 876 1633 1009 1712; x_wconf 91' lang='lat' dir='ltr'>animos,</span> <span class='ocrx_word' id='word_1_115' title='bbox 1028 1633 1167 1717; x_wconf 85' lang='lat' dir='ltr'>missique</span> 
     </span>
     <span class='ocr_line' id='line_1_16' title="bbox 146 1726 1168 1815; baseline -0.006 -21"><span class='ocrx_word' id='word_1_116' title='bbox 146 1730 185 1795; x_wconf 91' lang='lat' dir='ltr'>de</span> <span class='ocrx_word' id='word_1_117' title='bbox 198 1751 277 1815; x_wconf 89' lang='lat' dir='ltr'>pace</span> <span class='ocrx_word' id='word_1_118' title='bbox 291 1729 332 1793; x_wconf 91' lang='lat' dir='ltr'>ad</span> <span class='ocrx_word' id='word_1_119' title='bbox 344 1727 501 1792; x_wconf 89' lang='lat' dir='ltr'>Marcium</span> <span class='ocrx_word' id='word_1_120' title='bbox 522 1738 661 1792; x_wconf 91' lang='lat' dir='ltr'>oratores</span> <span class='ocrx_word' id='word_1_121' title='bbox 681 1739 772 1793; x_wconf 84' lang='lat' dir='ltr'>atrox</span> <span class='ocrx_word' id='word_1_122' title='bbox 788 1750 975 1812; x_wconf 89' lang='lat' dir='ltr'>responsum</span> <span class='ocrx_word' id='word_1_123' title='bbox 991 1726 1168 1792; x_wconf 85' lang='lat' dir='ltr'>retulerunt:</span> 
     </span>
    </p>

    <p class='ocr_par' dir='ltr' id='par_1_7' title="bbox 96 1819 1169 2096">
     <span class='ocr_line' id='line_1_17' title="bbox 96 1819 1169 1909; baseline -0.006 -17"><span class='ocrx_word' id='word_1_124' title='bbox 96 1846 126 1892; x_wconf 91' lang='lat'>11</span> <span class='ocrx_word' id='word_1_125' title='bbox 146 1824 173 1889; x_wconf 89' lang='lat' dir='ltr'>si</span> <span class='ocrx_word' id='word_1_126' title='bbox 191 1823 318 1889; x_wconf 90' lang='lat' dir='ltr'>Volscis</span> <span class='ocrx_word' id='word_1_127' title='bbox 337 1846 413 1909; x_wconf 84' lang='lat' dir='ltr'>ager</span> <span class='ocrx_word' id='word_1_128' title='bbox 429 1823 624 1900; x_wconf 87' lang='lat' dir='ltr'>redderetur,</span> <span class='ocrx_word' id='word_1_129' title='bbox 647 1844 742 1907; x_wconf 91' lang='lat' dir='ltr'>posse</span> <span class='ocrx_word' id='word_1_130' title='bbox 760 1822 813 1908; x_wconf 87' lang='lat' dir='ltr'>agi</span> <span class='ocrx_word' id='word_1_131' title='bbox 831 1823 870 1885; x_wconf 91' lang='lat' dir='ltr'>de</span> <span class='ocrx_word' id='word_1_132' title='bbox 891 1843 985 1908; x_wconf 86' lang='lat' dir='ltr'>pace,</span> <span class='ocrx_word' id='word_1_133' title='bbox 1014 1822 1042 1886; x_wconf 92' lang='lat' dir='ltr'>si</span> <span class='ocrx_word' id='word_1_134' title='bbox 1063 1819 1169 1906; x_wconf 78' lang='lat' dir='ltr'>praeda</span> 
     </span>
     <span class='ocr_line' id='line_1_18' title="bbox 145 1912 1169 2002; baseline -0.005 -20"><span class='ocrx_word' id='word_1_135' title='bbox 145 1918 220 1983; x_wconf 88' lang='lat' dir='ltr'>belli</span> <span class='ocrx_word' id='word_1_136' title='bbox 237 1940 293 2002; x_wconf 91' lang='lat' dir='ltr'>per</span> <span class='ocrx_word' id='word_1_137' title='bbox 306 1917 405 1982; x_wconf 91' lang='lat' dir='ltr'>otium</span> <span class='ocrx_word' id='word_1_138' title='bbox 419 1916 480 1979; x_wconf 90' lang='lat' dir='ltr'>frui</span> <span class='ocrx_word' id='word_1_139' title='bbox 494 1917 604 1993; x_wconf 82' lang='lat' dir='ltr'>velint,</span> <span class='ocrx_word' id='word_1_140' title='bbox 623 1939 794 1981; x_wconf 90' lang='lat' dir='ltr'>memorem</span> <span class='ocrx_word' id='word_1_141' title='bbox 813 1938 846 1980; x_wconf 90' lang='lat' dir='ltr'>se</span> <span class='ocrx_word' id='word_1_142' title='bbox 865 1926 896 1980; x_wconf 91' lang='lat' dir='ltr'>et</span> <span class='ocrx_word' id='word_1_143' title='bbox 913 1914 1031 1980; x_wconf 88' lang='lat' dir='ltr'>civium</span> <span class='ocrx_word' id='word_1_144' title='bbox 1049 1912 1169 1979; x_wconf 81' lang='lat' dir='ltr'>iniuriae</span> 
     </span>
     <span class='ocr_line' id='line_1_19' title="bbox 146 1997 1169 2096; baseline -0.008 -21"><span class='ocrx_word' id='word_1_145' title='bbox 146 2022 178 2075; x_wconf 90' lang='lat' dir='ltr'>et</span> <span class='ocrx_word' id='word_1_146' title='bbox 199 2010 360 2096; x_wconf 89' lang='lat' dir='ltr'>hospitum</span> <span class='ocrx_word' id='word_1_147' title='bbox 382 2010 527 2075; x_wconf 88' lang='lat' dir='ltr'>beneficii</span> <span class='ocrx_word' id='word_1_148' title='bbox 548 2010 745 2088; x_wconf 86' lang='lat' dir='ltr'>adnisurum,</span> <span class='ocrx_word' id='word_1_149' title='bbox 773 2019 808 2074; x_wconf 88' lang='lat' dir='ltr'>ut</span> <span class='ocrx_word' id='word_1_150' title='bbox 830 2018 980 2096; x_wconf 89' lang='lat' dir='ltr'>appareat</span> <span class='ocrx_word' id='word_1_151' title='bbox 1001 1997 1095 2075; x_wconf 84' lang='lat' dir='ltr'>exilio</span> <span class='ocrx_word' id='word_1_152' title='bbox 1116 2003 1169 2072; x_wconf 89' lang='lat' dir='ltr'>sibi</span> 
     </span>
    </p>

    <p class='ocr_par' dir='ltr' id='par_1_8' title="bbox 97 2102 1208 2476">
     <span class='ocr_line' id='line_1_20' title="bbox 97 2102 1167 2182; baseline -0.004 -13"><span class='ocrx_word' id='word_1_153' title='bbox 97 2128 129 2176; x_wconf 83' lang='lat'>12</span> <span class='ocrx_word' id='word_1_154' title='bbox 148 2105 305 2182; x_wconf 88' lang='lat' dir='ltr'>inritatos,</span> <span class='ocrx_word' id='word_1_155' title='bbox 332 2127 396 2169; x_wconf 89' lang='lat' dir='ltr'>non</span> <span class='ocrx_word' id='word_1_156' title='bbox 418 2105 534 2169; x_wconf 87' lang='lat' dir='ltr'>fractos</span> <span class='ocrx_word' id='word_1_157' title='bbox 557 2104 678 2170; x_wconf 91' lang='lat' dir='ltr'>animos</span> <span class='ocrx_word' id='word_1_158' title='bbox 702 2127 781 2169; x_wconf 88' lang='lat' dir='ltr'>esse.</span> <span class='ocrx_word' id='word_1_159' title='bbox 817 2104 931 2169; x_wconf 87' lang='lat' dir='ltr'>iterum</span> <span class='ocrx_word' id='word_1_160' title='bbox 952 2104 1067 2169; x_wconf 90' lang='lat' dir='ltr'>deinde</span> <span class='ocrx_word' id='word_1_161' title='bbox 1092 2102 1167 2167; x_wconf 89' lang='lat' dir='ltr'>idem</span> 
     </span>
     <span class='ocr_line' id='line_1_21' title="bbox 146 2194 1208 2284; baseline -0.007 -21"><span class='ocrx_word' id='word_1_162' title='bbox 146 2199 236 2264; x_wconf 91' lang='lat' dir='ltr'>missi</span> <span class='ocrx_word' id='word_1_163' title='bbox 253 2222 318 2263; x_wconf 92' lang='lat' dir='ltr'>non</span> <span class='ocrx_word' id='word_1_164' title='bbox 334 2199 526 2284; x_wconf 89' lang='lat' dir='ltr'>recipiuntur</span> <span class='ocrx_word' id='word_1_165' title='bbox 541 2198 575 2263; x_wconf 90' lang='lat' dir='ltr'>in</span> <span class='ocrx_word' id='word_1_166' title='bbox 597 2212 708 2264; x_wconf 90' lang='lat' dir='ltr'>castra.</span> <span class='ocrx_word' id='word_1_167' title='bbox 746 2200 923 2265; x_wconf 86' lang='lat' dir='ltr'>sacerdotes</span> <span class='ocrx_word' id='word_1_168' title='bbox 947 2220 1086 2283; x_wconf 87' lang='lat' dir='ltr'>quoque,</span> <span class='ocrx_word' id='word_1_169' title='bbox 1110 2194 1166 2263; x_wconf 89' lang='lat' dir='ltr'>suis</span> <span class='ocrx_word' id='word_1_170' title='bbox 1205 2214 1208 2257; x_wconf 75' lang='grc' dir='ltr'><strong>τ</strong></span> 
     </span>
     <span class='ocr_line' id='line_1_22' title="bbox 145 2284 1208 2381; baseline -0.003 -21"><span class='ocrx_word' id='word_1_171' title='bbox 145 2293 323 2381; x_wconf 83' lang='lat' dir='ltr'>insignibus</span> <span class='ocrx_word' id='word_1_172' title='bbox 338 2295 471 2372; x_wconf 85' lang='lat' dir='ltr'>velatos,</span> <span class='ocrx_word' id='word_1_173' title='bbox 490 2295 554 2360; x_wconf 90' lang='lat' dir='ltr'>isse</span> <span class='ocrx_word' id='word_1_174' title='bbox 573 2295 730 2381; x_wconf 87' lang='lat' dir='ltr'>supplices</span> <span class='ocrx_word' id='word_1_175' title='bbox 749 2297 790 2359; x_wconf 91' lang='lat' dir='ltr'>ad</span> <span class='ocrx_word' id='word_1_176' title='bbox 808 2305 910 2359; x_wconf 89' lang='lat' dir='ltr'>castra</span> <span class='ocrx_word' id='word_1_177' title='bbox 927 2293 1068 2359; x_wconf 93' lang='lat' dir='ltr'>hostium</span> <span class='ocrx_word' id='word_1_178' title='bbox 1084 2290 1167 2357; x_wconf 84' lang='lat' dir='ltr'>tradi·</span> <span class='ocrx_word' id='word_1_179' title='bbox 1205 2284 1208 2291; x_wconf 49' lang='lat'><strong>¹</strong></span> 
     </span>
     <span class='ocr_line' id='line_1_23' title="bbox 145 2389 1097 2476; baseline -0.002 -22"><span class='ocrx_word' id='word_1_180' title='bbox 145 2400 213 2455; x_wconf 91' lang='lat' dir='ltr'>tum</span> <span class='ocrx_word' id='word_1_181' title='bbox 231 2400 293 2467; x_wconf 88' lang='lat' dir='ltr'>est,</span> <span class='ocrx_word' id='word_1_182' title='bbox 312 2390 409 2454; x_wconf 88' lang='lat' dir='ltr'>nihilo</span> <span class='ocrx_word' id='word_1_183' title='bbox 427 2390 529 2476; x_wconf 86' lang='lat' dir='ltr'>magis</span> <span class='ocrx_word' id='word_1_184' title='bbox 548 2413 643 2473; x_wconf 87' lang='lat' dir='ltr'>quam</span> <span class='ocrx_word' id='word_1_185' title='bbox 661 2390 783 2475; x_wconf 88' lang='lat' dir='ltr'>legatos</span> <span class='ocrx_word' id='word_1_186' title='bbox 801 2389 927 2454; x_wconf 87' lang='lat' dir='ltr'>flexisse</span> <span class='ocrx_word' id='word_1_187' title='bbox 946 2389 1097 2453; x_wconf 89' lang='lat' dir='ltr'>animum.</span> 
     </span>
    </p>

    <p class='ocr_par' dir='ltr' id='par_1_9' title="bbox 114 2480 1166 2757">
     <span class='ocr_line' id='line_1_24' title="bbox 114 2480 1166 2560; baseline -0.009 -7"><span class='ocrx_word' id='word_1_188' title='bbox 114 2509 126 2553; x_wconf 93' lang='lat'>1</span> <span class='ocrx_word' id='word_1_189' title='bbox 210 2483 368 2549; x_wconf 90' lang='lat' dir='ltr'>XXXX.</span> <span class='ocrx_word' id='word_1_190' title='bbox 397 2485 480 2549; x_wconf 85' lang='lat' dir='ltr'>Tum</span> <span class='ocrx_word' id='word_1_191' title='bbox 495 2496 655 2548; x_wconf 87' lang='lat' dir='ltr'>matronae</span> <span class='ocrx_word' id='word_1_192' title='bbox 669 2485 710 2548; x_wconf 89' lang='lat' dir='ltr'>ad</span> <span class='ocrx_word' id='word_1_193' title='bbox 724 2483 901 2560; x_wconf 87' lang='lat' dir='ltr'>Veturiam,</span> <span class='ocrx_word' id='word_1_194' title='bbox 920 2496 1054 2547; x_wconf 88' lang='lat' dir='ltr'>matrem</span> <span class='ocrx_word' id='word_1_195' title='bbox 1068 2480 1166 2547; x_wconf 86' lang='lat' dir='ltr'>Corio-</span> 
     </span>
     <span class='ocr_line' id='line_1_25' title="bbox 144 2572 1165 2662; baseline -0.006 -19"><span class='ocrx_word' id='word_1_196' title='bbox 144 2579 221 2657; x_wconf 89' lang='lat' dir='ltr'>lani,</span> <span class='ocrx_word' id='word_1_197' title='bbox 241 2579 506 2662; x_wconf 89' lang='lat' dir='ltr'>Volumniamque</span> <span class='ocrx_word' id='word_1_198' title='bbox 524 2602 654 2643; x_wconf 87' lang='lat' dir='ltr'>uxorem</span> <span class='ocrx_word' id='word_1_199' title='bbox 672 2578 851 2660; x_wconf 88' lang='lat' dir='ltr'>frequentes</span> <span class='ocrx_word' id='word_1_200' title='bbox 871 2588 993 2642; x_wconf 86' lang='lat' dir='ltr'>coeunt.</span> <span class='ocrx_word' id='word_1_201' title='bbox 1025 2577 1060 2641; x_wconf 93' lang='lat' dir='ltr'>id</span> <span class='ocrx_word' id='word_1_202' title='bbox 1075 2572 1165 2661; x_wconf 91' lang='lat' dir='ltr'>publi·</span> 
     </span>
     <span class='ocr_line' id='line_1_26' title="bbox 145 2668 1163 2757; baseline -0.007 -19"><span class='ocrx_word' id='word_1_203' title='bbox 145 2696 218 2738; x_wconf 91' lang='lat' dir='ltr'>cum</span> <span class='ocrx_word' id='word_1_204' title='bbox 236 2674 401 2738; x_wconf 90' lang='lat' dir='ltr'>consilium</span> <span class='ocrx_word' id='word_1_205' title='bbox 419 2697 461 2737; x_wconf 91' lang='lat' dir='ltr'>an</span> <span class='ocrx_word' id='word_1_206' title='bbox 478 2672 639 2737; x_wconf 89' lang='lat' dir='ltr'>muliebris</span> <span class='ocrx_word' id='word_1_207' title='bbox 658 2673 750 2736; x_wconf 88' lang='lat' dir='ltr'>timor</span> <span class='ocrx_word' id='word_1_208' title='bbox 767 2672 874 2748; x_wconf 89' lang='lat' dir='ltr'>fuerit,</span> <span class='ocrx_word' id='word_1_209' title='bbox 902 2694 1014 2757; x_wconf 89' lang='lat' dir='ltr'>parum</span> <span class='ocrx_word' id='word_1_210' title='bbox 1037 2668 1163 2743; x_wconf 83' lang='lat' dir='ltr'>invenio,</span> 
     </span>
    </p>

    <p class='ocr_par' dir='ltr' id='par_1_10' title="bbox 111 2756 1164 3136">
     <span class='ocr_line' id='line_1_27' title="bbox 111 2756 1164 2854; baseline 0 -28"><span class='ocrx_word' id='word_1_211' title='bbox 111 2781 126 2826; x_wconf 80' lang='lat' dir='ltr'>a</span> <span class='ocrx_word' id='word_1_212' title='bbox 143 2768 303 2854; x_wconf 89' lang='lat' dir='ltr'>pervicere</span> <span class='ocrx_word' id='word_1_213' title='bbox 322 2779 419 2844; x_wconf 88' lang='lat' dir='ltr'>certe,</span> <span class='ocrx_word' id='word_1_214' title='bbox 438 2756 473 2829; x_wconf 82' lang='lat' dir='ltr'>ut</span> <span class='ocrx_word' id='word_1_215' title='bbox 491 2777 522 2830; x_wconf 92' lang='lat' dir='ltr'>et</span> <span class='ocrx_word' id='word_1_216' title='bbox 536 2765 680 2843; x_wconf 85' lang='lat' dir='ltr'>Vetun’a,</span> <span class='ocrx_word' id='word_1_217' title='bbox 700 2790 815 2852; x_wconf 87' lang='lat' dir='ltr'>magno</span> <span class='ocrx_word' id='word_1_218' title='bbox 832 2777 908 2831; x_wconf 89' lang='lat' dir='ltr'>natu</span> <span class='ocrx_word' id='word_1_219' title='bbox 926 2766 1048 2844; x_wconf 88' lang='lat' dir='ltr'>mulier,</span> <span class='ocrx_word' id='word_1_220' title='bbox 1067 2776 1098 2830; x_wconf 88' lang='lat' dir='ltr'>et</span> <span class='ocrx_word' id='word_1_221' title='bbox 1110 2761 1164 2829; x_wconf 89' lang='lat' dir='ltr'>Vo-</span> 
     </span>
     <span class='ocr_line' id='line_1_28' title="bbox 144 2857 1164 2944; baseline -0.003 -21"><span class='ocrx_word' id='word_1_222' title='bbox 144 2861 279 2937; x_wconf 90' lang='lat' dir='ltr'>lumnia,</span> <span class='ocrx_word' id='word_1_223' title='bbox 307 2861 386 2925; x_wconf 92' lang='lat' dir='ltr'>duos</span> <span class='ocrx_word' id='word_1_224' title='bbox 413 2882 527 2944; x_wconf 85' lang='lat' dir='ltr'>parvos</span> <span class='ocrx_word' id='word_1_225' title='bbox 555 2883 594 2923; x_wconf 85' lang='lat' dir='ltr'>ex</span> <span class='ocrx_word' id='word_1_226' title='bbox 616 2860 738 2925; x_wconf 86' lang='lat' dir='ltr'>Marcio</span> <span class='ocrx_word' id='word_1_227' title='bbox 765 2861 868 2925; x_wconf 88' lang='lat' dir='ltr'>ferens</span> <span class='ocrx_word' id='word_1_228' title='bbox 890 2861 986 2938; x_wconf 89' lang='lat' dir='ltr'>filios,</span> <span class='ocrx_word' id='word_1_229' title='bbox 1015 2857 1164 2926; x_wconf 89' lang='lat' dir='ltr'>secumin</span> 
     </span>
     <span class='ocr_line' id='line_1_29' title="bbox 144 2954 1163 3039; baseline 0 -20"><span class='ocrx_word' id='word_1_230' title='bbox 144 2966 248 3020; x_wconf 89' lang='lat' dir='ltr'>castra</span> <span class='ocrx_word' id='word_1_231' title='bbox 257 2954 395 3019; x_wconf 89' lang='lat' dir='ltr'>hostium</span> <span class='ocrx_word' id='word_1_232' title='bbox 404 2955 484 3018; x_wconf 89' lang='lat' dir='ltr'>irent</span> <span class='ocrx_word' id='word_1_233' title='bbox 494 2964 534 3032; x_wconf 90' lang='lat' dir='ltr'>et,</span> <span class='ocrx_word' id='word_1_234' title='bbox 548 2955 695 3039; x_wconf 90' lang='lat' dir='ltr'>quoniam</span> <span class='ocrx_word' id='word_1_235' title='bbox 704 2955 799 3020; x_wconf 87' lang='lat' dir='ltr'>armis</span> <span class='ocrx_word' id='word_1_236' title='bbox 814 2955 871 3019; x_wconf 81' lang='lat' dir='ltr'>viri</span> <span class='ocrx_word' id='word_1_237' title='bbox 885 2955 1054 3020; x_wconf 88' lang='lat' dir='ltr'>defendere</span> <span class='ocrx_word' id='word_1_238' title='bbox 1067 2954 1163 3019; x_wconf 84' lang='lat' dir='ltr'>urbem</span> 
     </span>
     <span class='ocr_line' id='line_1_30' title="bbox 143 3050 1138 3136; baseline -0.002 -22"><span class='ocrx_word' id='word_1_239' title='bbox 143 3073 207 3115; x_wconf 93' lang='lat' dir='ltr'>non</span> <span class='ocrx_word' id='word_1_240' title='bbox 225 3061 367 3136; x_wconf 91' lang='lat' dir='ltr'>possent,</span> <span class='ocrx_word' id='word_1_241' title='bbox 387 3050 532 3115; x_wconf 89' lang='lat' dir='ltr'>mulieres</span> <span class='ocrx_word' id='word_1_242' title='bbox 551 3051 696 3136; x_wconf 88' lang='lat' dir='ltr'>precibus</span> <span class='ocrx_word' id='word_1_243' title='bbox 715 3051 914 3132; x_wconf 89' lang='lat' dir='ltr'>lacrimisque</span> <span class='ocrx_word' id='word_1_244' title='bbox 932 3050 1138 3127; x_wconf 81' lang='lat' dir='ltr'>defenderent</span> 
     </span>
    </p>

    <p class='ocr_par' dir='ltr' id='par_1_11' title="bbox 111 3143 1162 3514">
     <span class='ocr_line' id='line_1_31' title="bbox 111 3143 1161 3227; baseline -0.004 -17"><span class='ocrx_word' id='word_1_245' title='bbox 111 3167 125 3214; x_wconf 82' lang='lat' dir='ltr'>a</span> <span class='ocrx_word' id='word_1_246' title='bbox 209 3144 274 3210; x_wconf 90' lang='lat' dir='ltr'>Ubi</span> <span class='ocrx_word' id='word_1_247' title='bbox 293 3145 335 3210; x_wconf 92' lang='lat' dir='ltr'>ad</span> <span class='ocrx_word' id='word_1_248' title='bbox 352 3156 455 3210; x_wconf 90' lang='lat' dir='ltr'>castra</span> <span class='ocrx_word' id='word_1_249' title='bbox 472 3158 602 3210; x_wconf 89' lang='lat' dir='ltr'>ventum</span> <span class='ocrx_word' id='word_1_250' title='bbox 620 3157 667 3210; x_wconf 91' lang='lat' dir='ltr'>est</span> <span class='ocrx_word' id='word_1_251' title='bbox 680 3145 919 3227; x_wconf 88' lang='lat' dir='ltr'>nuntiatumque</span> <span class='ocrx_word' id='word_1_252' title='bbox 934 3143 1104 3209; x_wconf 82' lang='lat' dir='ltr'>Coriolano</span> <span class='ocrx_word' id='word_1_253' title='bbox 1115 3148 1161 3215; x_wconf 76' lang='lat' dir='ltr'>est,</span> 
     </span>
     <span class='ocr_line' id='line_1_32' title="bbox 143 3236 1162 3326; baseline -0.008 -20"><span class='ocrx_word' id='word_1_254' title='bbox 143 3241 256 3306; x_wconf 88' lang='lat' dir='ltr'>adesse</span> <span class='ocrx_word' id='word_1_255' title='bbox 274 3241 387 3326; x_wconf 87' lang='lat' dir='ltr'>ingens</span> <span class='ocrx_word' id='word_1_256' title='bbox 401 3241 567 3305; x_wconf 89' lang='lat' dir='ltr'>mulierum</span> <span class='ocrx_word' id='word_1_257' title='bbox 581 3262 709 3325; x_wconf 87' lang='lat' dir='ltr'>agmen,</span> <span class='ocrx_word' id='word_1_258' title='bbox 728 3239 844 3324; x_wconf 89' lang='lat' dir='ltr'>primo,</span> <span class='ocrx_word' id='word_1_259' title='bbox 862 3248 898 3302; x_wconf 92' lang='lat' dir='ltr'>ut</span> <span class='ocrx_word' id='word_1_260' title='bbox 910 3238 966 3321; x_wconf 91' lang='lat' dir='ltr'>qui</span> <span class='ocrx_word' id='word_1_261' title='bbox 979 3261 1039 3304; x_wconf 88' lang='lat' dir='ltr'>nec</span> <span class='ocrx_word' id='word_1_262' title='bbox 1051 3236 1162 3325; x_wconf 82' lang='lat' dir='ltr'>publica</span> 
     </span>
     <span class='ocr_line' id='line_1_33' title="bbox 143 3327 1161 3421; baseline -0.005 -23"><span class='ocrx_word' id='word_1_263' title='bbox 143 3335 306 3399; x_wconf 86' lang='lat' dir='ltr'>maiestate</span> <span class='ocrx_word' id='word_1_264' title='bbox 323 3335 356 3398; x_wconf 93' lang='lat' dir='ltr'>in</span> <span class='ocrx_word' id='word_1_265' title='bbox 373 3335 486 3421; x_wconf 86' lang='lat' dir='ltr'>legatis</span> <span class='ocrx_word' id='word_1_266' title='bbox 505 3357 564 3399; x_wconf 90' lang='lat' dir='ltr'>nec</span> <span class='ocrx_word' id='word_1_267' title='bbox 581 3334 615 3398; x_wconf 91' lang='lat' dir='ltr'>in</span> <span class='ocrx_word' id='word_1_268' title='bbox 630 3332 844 3398; x_wconf 89' lang='lat' dir='ltr'>sacerdotibus</span> <span class='ocrx_word' id='word_1_269' title='bbox 859 3341 946 3396; x_wconf 91' lang='lat' dir='ltr'>tanta</span> <span class='ocrx_word' id='word_1_270' title='bbox 958 3332 1065 3397; x_wconf 81' lang='lat' dir='ltr'>offiisa</span> <span class='ocrx_word' id='word_1_271' title='bbox 1077 3327 1161 3397; x_wconf 76' lang='lat' dir='ltr'>ocidit</span> 
     </span>
     <span class='ocr_line' id='line_1_34' title="bbox 143 3425 1161 3514; baseline -0.003 -23"><span class='ocrx_word' id='word_1_272' title='bbox 143 3427 310 3510; x_wconf 90' lang='lat' dir='ltr'>animoque</span> <span class='ocrx_word' id='word_1_273' title='bbox 323 3428 474 3514; x_wconf 86' lang='lat' dir='ltr'>religione</span> <span class='ocrx_word' id='word_1_274' title='bbox 488 3440 592 3493; x_wconf 90' lang='lat' dir='ltr'>motus</span> <span class='ocrx_word' id='word_1_275' title='bbox 606 3439 699 3505; x_wconf 87' lang='lat' dir='ltr'>esset,</span> <span class='ocrx_word' id='word_1_276' title='bbox 718 3427 816 3491; x_wconf 83' lang='lat' dir='ltr'>multo</span> <span class='ocrx_word' id='word_1_277' title='bbox 830 3425 1016 3493; x_wconf 91' lang='lat' dir='ltr'>obstinatior</span> <span class='ocrx_word' id='word_1_278' title='bbox 1024 3428 1161 3492; x_wconf 79' lang='lat' dir='ltr'>adversus</span> 
     </span>
    </p>

    <p class='ocr_par' dir='ltr' id='par_1_12' title="bbox 109 3518 1161 3795">
     <span class='ocr_line' id='line_1_35' title="bbox 109 3518 1161 3606; baseline -0.005 -17"><span class='ocrx_word' id='word_1_279' title='bbox 109 3544 126 3589; x_wconf 83' lang='lat'>4</span> <span class='ocrx_word' id='word_1_280' title='bbox 142 3521 298 3586; x_wconf 89' lang='lat' dir='ltr'>lacrumas</span> <span class='ocrx_word' id='word_1_281' title='bbox 313 3521 481 3587; x_wconf 90' lang='lat' dir='ltr'>muliebres</span> <span class='ocrx_word' id='word_1_282' title='bbox 496 3536 570 3587; x_wconf 88' lang='lat' dir='ltr'>erat.</span> <span class='ocrx_word' id='word_1_283' title='bbox 598 3523 671 3587; x_wconf 91' lang='lat' dir='ltr'>dein</span> <span class='ocrx_word' id='word_1_284' title='bbox 686 3521 885 3585; x_wconf 84' lang='lat' dir='ltr'>familiarium</span> <span class='ocrx_word' id='word_1_285' title='bbox 899 3520 1044 3604; x_wconf 88' lang='lat' dir='ltr'>quidam,</span> <span class='ocrx_word' id='word_1_286' title='bbox 1062 3518 1161 3606; x_wconf 87' lang='lat' dir='ltr'>quiin·</span> 
     </span>
     <span class='ocr_line' id='line_1_36' title="bbox 144 3614 1161 3703; baseline -0.003 -24"><span class='ocrx_word' id='word_1_287' title='bbox 144 3617 267 3701; x_wconf 88' lang='lat' dir='ltr'>signem</span> <span class='ocrx_word' id='word_1_288' title='bbox 284 3616 440 3680; x_wconf 89' lang='lat' dir='ltr'>maestitia</span> <span class='ocrx_word' id='word_1_289' title='bbox 457 3618 538 3681; x_wconf 86' lang='lat' dir='ltr'>inter</span> <span class='ocrx_word' id='word_1_290' title='bbox 555 3629 674 3681; x_wconf 85' lang='lat' dir='ltr'>ceteras</span> <span class='ocrx_word' id='word_1_291' title='bbox 693 3626 883 3703; x_wconf 84' lang='lat' dir='ltr'>cognoverat</span> <span class='ocrx_word' id='word_1_292' title='bbox 896 3614 1078 3695; x_wconf 88' lang='lat' dir='ltr'>Veturiam,</span> <span class='ocrx_word' id='word_1_293' title='bbox 1094 3617 1161 3680; x_wconf 85' lang='lat' dir='ltr'>inter</span> 
     </span>
     <span class='ocr_line' id='line_1_37' title="bbox 142 3703 1160 3795; baseline -0.004 -22"><span class='ocrx_word' id='word_1_294' title='bbox 142 3732 257 3773; x_wconf 90' lang='lat' dir='ltr'>nurum</span> <span class='ocrx_word' id='word_1_295' title='bbox 283 3722 476 3795; x_wconf 85' lang='lat' dir='ltr'>nepotesque</span> <span class='ocrx_word' id='word_1_296' title='bbox 503 3722 651 3789; x_wconf 89' lang='lat' dir='ltr'>stantem,</span> <span class='ocrx_word' id='word_1_297' title='bbox 680 3711 755 3774; x_wconf 89' lang='lat' dir='ltr'>‘nisi</span> <span class='ocrx_word' id='word_1_298' title='bbox 777 3732 827 3775; x_wconf 90' lang='lat' dir='ltr'>me</span> <span class='ocrx_word' id='word_1_299' title='bbox 849 3708 1055 3775; x_wconf 85' lang='lat' dir='ltr'>frustrantur’</span> <span class='ocrx_word' id='word_1_300' title='bbox 1075 3703 1160 3791; x_wconf 84' lang='lat' dir='ltr'>inquit</span> 
     </span>
    </p>

    <p class='ocr_par' dir='ltr' id='par_1_13' title="bbox 109 3805 1159 4083">
     <span class='ocr_line' id='line_1_38' title="bbox 109 3805 1159 3893; baseline -0.004 -18"><span class='ocrx_word' id='word_1_301' title='bbox 109 3828 125 3875; x_wconf 81' lang='lat' dir='ltr'>t</span> <span class='ocrx_word' id='word_1_302' title='bbox 144 3805 254 3883; x_wconf 87' lang='lat' dir='ltr'>‘oculi,</span> <span class='ocrx_word' id='word_1_303' title='bbox 273 3817 373 3871; x_wconf 90' lang='lat' dir='ltr'>mater</span> <span class='ocrx_word' id='word_1_304' title='bbox 390 3807 446 3872; x_wconf 94' lang='lat' dir='ltr'>tibi</span> <span class='ocrx_word' id='word_1_305' title='bbox 464 3808 662 3893; x_wconf 86' lang='lat' dir='ltr'>coniunxque</span> <span class='ocrx_word' id='word_1_306' title='bbox 677 3819 707 3873; x_wconf 90' lang='lat' dir='ltr'>ct</span> <span class='ocrx_word' id='word_1_307' title='bbox 720 3808 810 3872; x_wconf 90' lang='lat' dir='ltr'>liberi</span> <span class='ocrx_word' id='word_1_308' title='bbox 824 3806 958 3872; x_wconf 66' lang='lat' dir='ltr'>adsunt?</span> <span class='ocrx_word' id='word_1_309' title='bbox 987 3806 1159 3873; x_wconf 75' lang='lat' dir='ltr'>Coriolanus</span> 
     </span>
     <span class='ocr_line' id='line_1_39' title="bbox 140 3889 1159 3987; baseline -0.005 -21"><span class='ocrx_word' id='word_1_310' title='bbox 140 3923 240 3987; x_wconf 91' lang='lat' dir='ltr'>prope</span> <span class='ocrx_word' id='word_1_311' title='bbox 257 3912 293 3966; x_wconf 89' lang='lat' dir='ltr'>ut</span> <span class='ocrx_word' id='word_1_312' title='bbox 310 3924 419 3968; x_wconf 92' lang='lat' dir='ltr'>amens</span> <span class='ocrx_word' id='word_1_313' title='bbox 439 3917 654 3969; x_wconf 86' lang='lat' dir='ltr'>consternatus</span> <span class='ocrx_word' id='word_1_314' title='bbox 673 3904 713 3969; x_wconf 91' lang='lat' dir='ltr'>ab</span> <span class='ocrx_word' id='word_1_315' title='bbox 728 3904 802 3968; x_wconf 88' lang='lat' dir='ltr'>sede</span> <span class='ocrx_word' id='word_1_316' title='bbox 817 3926 875 3967; x_wconf 90' lang='lat' dir='ltr'>sua</span> <span class='ocrx_word' id='word_1_317' title='bbox 888 3925 962 3966; x_wconf 90' lang='lat' dir='ltr'>cum</span> <span class='ocrx_word' id='word_1_318' title='bbox 976 3902 1071 3967; x_wconf 87' lang='lat' dir='ltr'>ferret</span> <span class='ocrx_word' id='word_1_319' title='bbox 1083 3889 1159 3965; x_wconf 82' lang='lat' dir='ltr'>matri</span> 
     </span>
     <span class='ocr_line' id='line_1_40' title="bbox 143 3993 1157 4083; baseline 0.003 -23"><span class='ocrx_word' id='word_1_320' title='bbox 143 3995 254 4062; x_wconf 76' lang='lat' dir='ltr'>obsdae</span> <span class='ocrx_word' id='word_1_321' title='bbox 273 3996 475 4083; x_wconf 87' lang='lat' dir='ltr'>conplexum,</span> <span class='ocrx_word' id='word_1_322' title='bbox 494 3999 607 4064; x_wconf 88' lang='lat' dir='ltr'>mulier</span> <span class='ocrx_word' id='word_1_323' title='bbox 622 3999 657 4063; x_wconf 92' lang='lat' dir='ltr'>in</span> <span class='ocrx_word' id='word_1_324' title='bbox 669 3999 748 4063; x_wconf 88' lang='lat' dir='ltr'>iram</span> <span class='ocrx_word' id='word_1_325' title='bbox 762 4021 802 4062; x_wconf 87' lang='lat' dir='ltr'>ex</span> <span class='ocrx_word' id='word_1_326' title='bbox 814 3996 961 4083; x_wconf 87' lang='lat' dir='ltr'>precibus</span> <span class='ocrx_word' id='word_1_327' title='bbox 975 4019 1068 4063; x_wconf 81' lang='lat' dir='ltr'>versa</span> <span class='ocrx_word' id='word_1_328' title='bbox 1081 3993 1157 4063; x_wconf 71' lang='lat' dir='ltr'>‘siner</span> 
     </span>
    </p>
   </div>
   <div class='ocr_carea' id='block_1_4' title="bbox 0 0 1288 4524">
    <p class='ocr_par' dir='ltr' id='par_1_14' title="bbox 0 0 1288 4524">
     <span class='ocr_line' id='line_1_41' title="bbox 0 0 1288 4524; baseline 0 4"><span class='ocrx_word' id='word_1_329' title='bbox 0 0 1288 4524; x_wconf 95' lang='lat' dir='ltr'> </span> 
     </span>
    </p>
   </div>
  </div>
 </body>
</html>
