2566 4524
368 228 485 283 umus
502 229 544 297 x,
563 227 604 284 44.
619 228 661 285 44.
681 234 718 300 [a.
730 229 832 300 caea]
1057 219 1121 288 543

94 387 219 466 diversi,
243 385 392 472 Papirius
411 386 451 451 ad
471 383 657 472 Saepinum,
687 386 843 454 Carvilius
866 389 906 454 ad
923 389 1047 457 Veliam
1065 415 1121 478 op-

91 482 304 571 pugnandam,
323 480 465 568 legiones
483 481 610 546 ducunt.
699 485 704 494 '

148 573 345 643 XXXXV.
368 575 509 640 Litterae
518 576 681 640 consulum
691 577 810 664 ingenti
822 578 940 644 laetitia
953 588 984 644 et
992 579 1025 643 in
1034 581 1120 646 curia
1136 602 1153 655 r
1253 627 1257 636 ·

89 680 115 737 at
131 672 167 736 in
181 669 329 737 contione
343 669 477 747 auditae,
497 678 528 734 et
542 670 707 754 quadridui
721 671 946 758 supplicatione
958 673 1120 759 publicum

86 764 240 852 gaudium
257 763 388 849 privatis
408 762 520 828 studiis
539 761 731 828 celebratum
750 773 807 830 est.
843 786 902 831 nec
918 767 1036 853 populo
1053 767 1119 833 Ro·
1138 790 1154 838 2

83 880 180 926 mano
204 879 323 945 magna
346 855 463 935 solum,
491 856 548 922 sed
569 867 780 943 pemportuna
806 859 900 925 etiam
927 882 965 925 ea
990 861 1121 928 victoria

82 955 158 1034 fuit,
187 950 265 1037 quia
281 972 339 1038 per
354 949 440 1016 idem
456 948 538 1017 forte
556 959 680 1038 tempus
701 950 872 1019 rebellasse
888 952 1043 1030 Etruscos
1065 957 1121 1021 ad-

78 1049 185 1116 latum
205 1054 263 1113 est.
301 1044 427 1112 subibat
444 1043 594 1132 cogitatio
615 1046 769 1126 animum,
797 1068 933 1132 quonam
954 1051 1050 1117 modo
1072 1060 1155 1118 toa

77 1141 224 1212 lerabilis
241 1139 349 1207 futura
365 1138 494 1205 Etruria
510 1139 639 1220 fuisset,
658 1141 685 1206 si
703 1142 780 1227 quid
795 1142 829 1207 in
848 1141 978 1211 Samnio
995 1146 1120 1213 adversi

77 1238 259 1315 evenisset,
288 1258 369 1321 quae
387 1235 599 1303 coniuratione
619 1234 809 1304 Samnitium
827 1248 943 1319 erecta,
971 1242 1119 1326 quoniam

77 1334 179 1403 ambo
198 1331 344 1400 consules
362 1332 527 1416 omnisque
544 1331 690 1398 Romana
706 1333 755 1398 vis
774 1355 885 1400 aversa
900 1334 935 1399 in
953 1332 1118 1402 Samnium

77 1438 184 1508 esset,
212 1425 448 1512 occupationem
470 1426 580 1513 populi
596 1425 733 1493 Romani
753 1450 812 1515 pro
834 1429 997 1496 occasione
1018 1428 1120 1496 rebel-

77 1523 171 1592 landi
195 1520 368 1588 habuisset.
404 1519 579 1607 legationes
603 1522 759 1588 sociorum
801 1547 821 1588 a
841 1521 889 1588 M.
907 1522 1007 1591 Atilio
1028 1546 1152 1610 prae-4

77 1631 151 1686 tore
168 1616 205 1684 in
222 1625 367 1682 senatum
384 1615 581 1682 introductae
622 1617 845 1702 querebantur,
872 1618 921 1684 uri
943 1641 980 1685 ac
1000 1620 1119 1686 vastari

77 1733 181 1802 agros
198 1733 218 1776 a
235 1709 377 1801 finitimis
394 1709 554 1789 Etruscis,
583 1711 667 1796 quod
685 1711 859 1778 desciscere
878 1735 897 1776 a
916 1712 1035 1799 populo
1051 1713 1118 1780 Ro-

77 1827 180 1876 mano
197 1805 331 1884 nollent,
355 1804 653 1890 obtestabanturque
670 1816 776 1893 patres
794 1807 1002 1893 conscriptos,
1029 1817 1065 1872 ut
1083 1829 1117 1875 se
1136 1829 1152 1876 5

77 1927 96 1970 a
114 1900 152 1968 vi
165 1892 263 1984 atque
275 1898 389 1964 iniuria
402 1900 615 1965 communium
627 1899 765 1967 hostium
779 1908 961 1968 tutarentur.
988 1922 1118 1990 respon-

77 2018 155 2066 sum
172 1994 302 2081 legatis,
330 2015 424 2060 curae
442 1994 564 2060 senatui
581 1994 735 2075 futurum,
762 2019 802 2062 ne
825 1995 928 2064 socios
949 1995 1024 2063 fidei
1042 2019 1117 2063 suae

77 2090 271 2182 paeniteret:
288 2089 604 2175 Etruscorumprope
613 2090 696 2156 diem
706 2091 838 2181 eandem
852 2091 1010 2159 fortunam
1023 2113 1117 2178 quam
1228 2135 1232 2146 -

77 2183 279 2255 Samnitium
296 2182 373 2250 fore.
410 2182 539 2270 segnius
557 2191 676 2262 tamen,
700 2186 785 2268 quod
802 2186 844 2251 ad
859 2184 1021 2253 Etruniam
1039 2186 1118 2251 adti-
1136 2207 1152 2255 6

77 2279 191 2358 nebat,
210 2287 281 2345 acta
297 2301 349 2346 res
368 2288 465 2358 esset,
484 2277 518 2342 ni
535 2277 678 2345 Faliscos
696 2299 836 2366 quoque,
856 2279 910 2366 qui
926 2301 985 2367 per
1000 2281 1117 2346 multos

77 2396 186 2443 annos
207 2373 241 2439 in
267 2372 404 2440 amicitia
429 2372 567 2451 fuerant,
595 2373 735 2439 adlatum
760 2373 843 2441 foret
864 2395 951 2440 arma
971 2371 1117 2440 Etruscis

77 2470 236 2538 iunxisse.
272 2468 367 2534 huius
384 2468 600 2554 propinquitas
618 2467 726 2555 populi
743 2469 827 2534 acuit
845 2491 953 2535 curam
964 2468 1116 2556 patribus,
1136 2490 1151 2538 r

77 2574 114 2632 ut
133 2562 260 2630 fetiales
277 2561 446 2629 mittendos
465 2563 574 2628 adres
592 2563 778 2649 repetendas
797 2571 969 2630 censerent.
1001 2562 1116 2648 quibus

77 2681 146 2726 non
174 2656 305 2723 redditis
329 2678 369 2720 ex
392 2655 575 2721 auctoritate
596 2665 721 2742 patrum
747 2656 838 2724 iussu
861 2655 972 2744 populi
998 2654 1117 2722 bellum

77 2751 218 2820 Faliscis
244 2750 398 2816 indictum
425 2759 474 2815 est
498 2749 641 2836 iussique
666 2751 811 2818 consules
838 2751 955 2831 sortiri,
981 2759 1052 2817 uter
1077 2770 1151 2839 exe

77 2845 217 2916 Samnio
233 2845 267 2910 in
278 2843 440 2910 Etruriam
459 2865 531 2909 cum
549 2845 688 2912 exercitu
705 2846 860 2914 transiret
882 2846 946 2912 iam
959 2844 1117 2913 Carvilius

77 2941 210 3010 Veliam
237 2949 269 3006 et
293 2938 520 3006 Palumbinum
546 2948 578 3005 et
599 2939 837 3008 Herculaneum
858 2964 900 3008 ex
922 2939 1117 3008 Samnitibus

77 3044 224 3123 ceperat,
251 3031 377 3100 Veliam
398 3033 481 3099 intra
501 3054 620 3121 paucos
643 3033 725 3113 dies,
753 3033 979 3100 Palumbinum
1005 3035 1116 3101 eodem
1136 3056 1150 3105 9

77 3152 145 3218 quo
165 3129 207 3194 ad
224 3151 332 3194 muros
350 3127 493 3193 accessit.
520 3128 561 3193 ad
573 3127 808 3194 Herculaneum
823 3127 916 3194 etiam
931 3125 1030 3215 signis
1043 3149 1117 3194 eon-
1136 3147 1169 3196 10

77 3225 154 3294 latis
182 3223 312 3310 ancipiti
334 3221 455 3309 proelio
481 3231 512 3288 et
538 3244 610 3289 cum
635 3221 753 3290 maiore
776 3245 835 3288 sua
856 3243 952 3308 quam
977 3221 1117 3289 hostium
1186 3264 1188 3267 -

77 3322 205 3388 iactura
222 3316 391 3382 dimicavit.
419 3314 529 3384 castis
547 3317 661 3385 deinde
678 3316 789 3404 positis
807 3314 973 3384 moenibus
990 3313 1116 3383 hostem

77 3412 219 3483 inclusit
257 3420 474 3499 oppugnatum
492 3411 643 3498 oppidum
661 3421 859 3498 captumque.
895 3411 929 3476 in
945 3409 997 3477 his
1015 3409 1115 3477 tribus
1135 3430 1166 3482 11

77 3506 216 3576 urbibus
234 3516 326 3593 capta
343 3516 398 3572 aut
416 3527 510 3572 caesa
527 3506 567 3571 ad
585 3506 693 3573 decem
712 3505 799 3574 milia
815 3505 993 3586 hominum,
1019 3505 1064 3572 ita
1080 3516 1117 3572 ut

77 3622 182 3693 parvo
206 3601 377 3667 admodum
399 3599 505 3686 plnres
528 3608 722 3687 caperentur.
766 3598 967 3668 sortientibus
989 3601 1117 3688 provin-
1232 3610 1236 3615 '

77 3698 148 3764 cias
177 3693 362 3762 consulibus
389 3693 519 3760 Etruria
547 3692 685 3761 Carvilio
712 3694 817 3761 evenit
843 3695 1017 3762 secundum
1042 3702 1116 3777 vota

77 3790 229 3867 militum,
247 3789 303 3874 qui
320 3789 385 3854 vim
402 3787 530 3876 frigoris
547 3787 611 3854 iam
628 3788 661 3853 in
676 3785 807 3856 Samnio
824 3812 888 3857 non
905 3787 1113 3877 patiebantur.

77 3883 212 3973 Papirio
230 3884 271 3948 ad
290 3880 464 3970 Saepinum
481 3882 583 3951 maior
598 3883 647 3950 vis
663 3882 803 3951 hostium
819 3885 941 3952 restitit.
973 3903 1068 3968 saepe
1081 3882 1114 3948 in
1128 3902 1165 3962 ¹12

77 3978 161 4058 acie,
180 3998 276 4065 saepe
293 3976 328 4043 in
345 3976 480 4066 agmine,
500 3998 595 4066 saepe
612 3977 695 4046 circa
710 3979 814 4066 ipsam
832 3978 943 4046 urbem
961 3977 1113 4044 adversus

1127 4122 1227 4240 ,Γ
