2566 4524
154 281 214 347 106
416 291 535 346 LIBER
547 292 589 361 11,
603 290 645 346 44.
662 290 705 346 45.
725 296 765 361 [a.
775 309 803 347 u.
814 308 837 346 c.
847 292 910 361 274]

149 451 277 528 bellum,
297 458 400 514 cetera
418 471 477 513 sua
495 457 605 535 sponte
623 449 690 514 fata
708 459 738 514 et
756 450 832 514 deos
851 459 1008 536 gesturos.
1036 449 1095 515 hae
1107 471 1165 535 spes
1205 494 1207 543 2

149 547 304 610 Etruscos
323 551 520 609 armaverant
541 543 648 609 multis
679 544 814 609 invicem
850 543 977 609 casibus
1000 542 1100 609 victos
1116 544 1167 609 vie·
1201 592 1207 631 ·.

119 758 132 804 1
151 651 406 796 tMelilliellXV.
444 729 599 796 Consules
622 753 746 814 quoque
764 730 901 795 Romani
922 730 1000 795 nihil
1023 741 1168 817 praeterea

151 826 237 892 aliud
255 847 349 908 quam
368 846 441 889 suas
459 824 551 902 vires,
572 848 630 889 sua
643 848 731 888 arma
742 824 919 889 horrebant.
947 826 1100 891 memoria
1111 848 1169 911 pes·

151 920 223 986 simi
240 919 383 1006 proximo
401 919 484 984 bello
507 918 643 1004 exempli
665 918 873 996 terrebantur,
902 941 943 984 ne
964 942 1033 984 rem
1052 920 1169 986 conruit

116 1037 132 1086 2
150 1025 252 1081 terent
274 1036 325 1091 eo,
352 1013 408 1079 ubi
430 1014 510 1079 duae
534 1014 628 1079 simul
645 1014 728 1078 acies
748 1014 904 1078 timendae
926 1023 1042 1078 essent.
1079 1014 1169 1100 itaque

151 1109 261 1176 castris
280 1131 315 1174 se
333 1108 481 1174 tenebant
498 1119 562 1173 tam
577 1107 704 1193 ancipiti
717 1107 856 1193 periculo
870 1107 987 1172 aversi:
1008 1109 1092 1172 diem
1107 1119 1170 1173 ten·

150 1226 273 1291 pusque
292 1203 423 1268 forsitan
440 1202 545 1288 ipsum
565 1203 733 1267 leniturum
751 1203 812 1266 iras
827 1202 1057 1287 sanitatemque
1072 1203 1169 1269 animis

117 1321 132 1368 a
151 1299 338 1364 adlaturum.
374 1296 492 1362 Veiens
514 1297 613 1362 hostis
639 1297 829 1379 Etruscique
852 1319 889 1361 eo
911 1296 1014 1383 magis
1036 1320 1170 1384 praepro-

149 1415 224 1480 pere
238 1415 342 1480 agere,
360 1392 515 1458 lacessere
529 1393 570 1456 ad
582 1414 723 1478 pugnam
736 1391 837 1477 primo
846 1391 1060 1474 obequitando
1073 1392 1169 1458 caenis

149 1487 421 1574 provocandoqne,
441 1497 609 1571 postremo,
628 1487 748 1551 utnihil
761 1484 939 1563 movebant,
959 1508 1024 1569 qua
1037 1486 1168 1552 eonsules

115 1604 133 1650 4
149 1583 250 1668 ipsos,
270 1604 333 1665 qua
351 1582 521 1645 exercitum
539 1581 744 1666 increpando:
768 1580 1001 1645 simulationem
1017 1581 1169 1646 intestinae

149 1676 326 1742 discordiae
343 1676 517 1740 remedium
540 1676 658 1741 timoris
681 1676 844 1739 inventum
862 1683 892 1738 et
915 1675 1064 1741 consules
1082 1673 1168 1760 magis

149 1794 212 1837 non
239 1771 395 1837 confidere
422 1794 517 1854 quarn
539 1793 604 1835 non
629 1771 756 1835 credere
779 1770 845 1834 suis
867 1769 1030 1836 militibus.
1066 1788 1169 1836 novun

150 1865 312 1931 seditionis
339 1887 440 1951 genus
468 1865 627 1930 silentium
655 1866 815 1948 otiumque
841 1865 923 1929 inter
953 1874 1102 1930 armatos.
1137 1861 1168 1929 ad

148 1960 228 2024 haec
245 1959 278 2022 in
294 1959 466 2023 novitatem
484 1959 608 2044 generis
626 1959 818 2046 originisque
836 1980 899 2041 qua
917 1957 1009 2037 falsa,
1030 1982 1093 2043 qua
1108 1978 1168 2023 vers

115 2074 131 2120 5
149 2052 260 2117 iacere.
287 2052 366 2116 haec
380 2074 452 2116 cum
466 2052 525 2117 sub
542 2053 611 2138 ipso
625 2053 708 2117 vallo
721 2053 881 2137 portisque
896 2064 1081 2138 streperent,
1098 2048 1167 2117 haud

150 2169 245 2232 aegre
272 2145 418 2211 consules
441 2147 515 2232 pati.
543 2157 575 2211 at
596 2146 748 2232 inperitae
775 2147 966 2211 multitudini
992 2171 1079 2213 nunc
1102 2144 1166 2212 indi·
1204 2160 1207 2173 '

149 2239 268 2326 gnatia,
287 2263 371 2305 nunc
383 2242 484 2326 pudor
497 2252 624 2327 pectora
638 2263 763 2305 versare
773 2250 804 2305 et
817 2240 857 2305 ab
872 2241 1031 2306 intestinis
1044 2250 1165 2307 avertat
1203 2260 1207 2265 ·

148 2335 253 2400 malis:
272 2336 354 2400 nolle
372 2335 487 2401 inultos
506 2338 623 2413 hostes,
641 2336 725 2400 nolle
739 2357 931 2413 successum,
952 2359 1016 2400 non
1030 2334 1164 2422 patribus

147 2452 212 2494 non
229 2430 425 2509 consulibus3
448 2442 577 2496 externa
595 2441 626 2495 et
644 2430 817 2495 domestica
834 2430 907 2494 odia
928 2441 1049 2496 certare
1066 2431 1099 2495 in
1114 2426 1165 2493 ani-
1204 2512 1207 2517 Ι

115 2524 218 2594 emis.
254 2525 382 2588 tandem
401 2539 550 2610 superant
568 2534 710 2589 externat
738 2525 817 2590 adeo
840 2523 976 2609 superbe
998 2523 1164 2590 insolenter-
1200 2550 1207 2613 j

147 2641 209 2702 que
225 2619 326 2683 hostis
345 2619 501 2684 eludebat.
528 2619 709 2703 frequentes
727 2618 761 2683 in
777 2619 968 2704 praetorium
982 2618 1163 2689 conveniunt,
1199 2670 1207 2679 .

114 2721 283 2798 aposcunt
305 2734 458 2799 pugnarn,
485 2713 659 2798 postulant,
687 2723 722 2777 ut
746 2714 872 2798 signum
898 2713 999 2776 detur.
1038 2708 1163 2778 consulu

148 2806 236 2869 velut
261 2804 498 2870 deliberabundi
525 2807 628 2893 capita
662 2807 840 2884 conferunt,
877 2807 931 2870 diu
967 2806 1162 2872 conlocantur·
1198 2812 1199 2819 ’

148 2920 289 2985 pugnare
308 2900 489 2986 cupiebant,
515 2903 571 2967 sed
588 2913 670 2967 retro
688 2902 866 2968 revocanda
883 2911 914 2966 et
931 2901 1081 2967 abdenda
1096 2894 1164 2985 cupi·
1198 2912 1201 2917 ’

148 2994 230 3058 ditas
248 3005 324 3074 erat,
343 3005 378 3060 ut
396 2996 592 3063 adversando
609 2997 856 3080 remorandoque
869 2996 999 3062 incitato
1015 2990 1164 3062 semelni·
1200 3060 1207 3071 ,

114 3088 196 3160 aliti
222 3090 373 3155 adderent
399 3090 561 3178 impetum.
597 3092 738 3156 redditur
763 3113 965 3176 responsum,
992 3090 1164 3156 inmatura
1203 3156 1207 3163 ,

146 3205 214 3250 rem
233 3185 294 3272 agi,
313 3186 453 3250 nondum
471 3197 596 3272 tempus
613 3208 739 3272 pugnae
758 3207 838 3262 esse,
858 3184 969 3250 castris
984 3206 1020 3249 se
1033 3186 1164 3250 tenerent
1201 3212 1203 3221 ’

148 3277 275 3343 edicunt
292 3280 379 3357 inde,
408 3290 443 3344 ut
465 3280 643 3345 abstineant
664 3303 785 3366 pugna3
814 3280 841 3343 si
863 3279 934 3362 quis
956 3278 1082 3345 iniussu
1102 3294 1166 3364 pug-
1204 3316 1206 3325 ι

114 3373 283 3450 sanaverit,
311 3374 396 3438 utin
414 3374 538 3440 hostem
556 3374 839 3440 animadversuros.
875 3373 919 3437 ita
936 3372 1165 3453 dimissisque
1200 3388 1203 3395 ·

146 3467 252 3532 minus
270 3467 415 3534 consules
433 3469 514 3534 velle
532 3469 671 3546 credunt,
692 3468 804 3532 crescit
822 3467 914 3531 ardor
930 3466 1104 3553 pugnandi.
1126 3480 1166 3527 ao·
1201 3466 1207 3541 j

148 3561 287 3626 cendunt
307 3560 436 3647 insuper
456 3563 564 3628 hostes
588 3562 724 3627 ferocius
747 3561 860 3638 multo,
887 3562 1165 3627 asseruissent
1202 3558 1207 3629 ,ἶ

99 3674 291 3742 repugnare
313 3657 457 3722 consules
481 3657 642 3744 cognitum
666 3666 726 3735 est,
754 3657 870 3742 quippe
887 3655 1006 3742 inpune
1030 3678 1066 3722 se
1086 3645 1166 3721 haul·
1203 3626 1207 3685 ³¹

148 3758 277 3828 tetanos,
296 3773 360 3815 non
378 3752 463 3815 credi
481 3751 572 3816 militi
591 3775 691 3830 arma,
710 3773 777 3816 rem
795 3752 836 3815 ad
853 3750 1000 3815 ultimum
1019 3740 1163 3817 seditioni!

147 3852 328 3932 erupturam
353 3845 511 3931 finemque
539 3846 664 3912 venisse
686 3847 832 3912 Romano
848 3845 990 3932 imperio.
1031 3845 1082 3910 his
1106 3830 1162 3905 defi

147 3948 311 4006 occursant
327 3940 440 4026 portis,
467 3941 615 4027 ingerunt
632 3940 760 4027 probra,
788 3963 882 4027 aegre
905 3940 1078 4018 abstinent,
1101 3929 1161 4035 qul}

96 4057 127 4104 11
146 4046 249 4102 castra
270 4044 461 4123 oppugnent.
499 4036 657 4103 enimvero
679 4059 743 4102 non
764 4035 847 4101 ultra
869 4034 1092 4101 contumeliam
1109 4030 1160 4115 ptl
1199 4064 1201 4073 ·
