2566 4524
138 272 201 337 358
368 278 487 337 ursas
504 279 574 351 vu,
593 281 617 336 a
631 280 655 334 a.
676 280 853 351 [anessa.
867 280 931 351 aaa]

118 456 123 463 “
137 443 226 529 equis
239 440 436 529 pepulissent
448 438 573 504 hostem
585 461 687 524 neque
700 439 821 526 pedites
832 438 1003 523 quicquam
1016 442 1147 507 momenti

136 537 295 605 facerent?
321 559 417 620 quam
438 534 561 600 tertiam
580 543 797 622 exspectarent
813 535 977 622 pugnam?
1001 537 1077 622 quid
1091 546 1146 604 ante

137 634 228 722 signa
253 632 375 699 feroces
401 629 621 716 prosiluissent
643 638 675 694 et
695 628 798 695 alieno
819 640 1000 720 pugnarent
1020 631 1146 700 loco?-

103 729 186 798 ahis
212 727 246 792 in
260 748 294 791 er
319 746 354 791 se
375 722 507 792 vocibus
531 723 676 789 concitati
698 723 834 790 clamore
854 734 1008 792 renovato
1030 727 1146 793 inferunt

135 821 263 910 pedem:
282 829 313 886 et
325 820 462 906 primurn
479 819 581 906 gradu
597 827 764 884 moverunt
779 819 917 899 hostem,
938 821 1053 888 deinde
1066 843 1146 910 popu·

101 916 253 994 aleramt,
279 923 439 1001 postremo
465 913 529 978 iam
555 911 761 978 hauddubie
787 922 948 994 avertunt;
976 925 1145 1001 nequstsnr

136 1011 219 1075 vires
232 1031 324 1096 pares
340 1029 420 1092 quae
435 1008 629 1094 superaverit
641 1030 691 1073 res
707 1007 800 1073 facile
818 1008 904 1074 dictu
921 1018 986 1089 est,
1004 1011 1065 1076 nisi
1078 1009 1146 1095 quod

135 1113 287 1192 perpetua
308 1103 436 1168 fortuna
457 1103 620 1187 utriusque
642 1101 753 1189 populi
774 1111 806 1167 et
827 1102 978 1170 extollere
996 1105 1109 1171 animos
1123 1112 1146 1170 et

101 1221 118 1270 5
135 1199 276 1269 minuere
297 1197 408 1284 potuit.
444 1217 546 1280 usque
568 1196 610 1262 ad
628 1206 731 1262 castra
748 1197 905 1284 fugientes
924 1197 1082 1265 Hernicos
1096 1199 1146 1264 Ro

135 1316 247 1358 manus
262 1292 416 1376 sequitur3
435 1300 608 1356 castrorum
623 1292 871 1378 oppugnatione,
891 1292 968 1376 quia
981 1314 1085 1358 serum
1097 1300 1148 1358 erat

136 1386 211 1466 diei,
235 1385 423 1451 abstinuere.
461 1385 516 1449 diu
533 1407 597 1450 nou
614 1386 793 1471 perlitatum
810 1394 955 1452 tenuerat
972 1387 1147 1464 dictatorem,
1176 1438 1180 1469 ,

134 1503 175 1547 ne
193 1489 266 1546 ante
284 1480 446 1545 meridiem
466 1480 592 1566 signum
605 1480 679 1546 dare
692 1489 815 1566 posset:
835 1502 873 1546 eo
890 1481 923 1544 in
941 1480 1069 1548 noctem
1085 1491 1149 1547 trac·

103 1597 117 1647 6
137 1584 204 1639 tum
223 1583 289 1640 erat
307 1583 473 1640 certamen.
510 1583 636 1660 postero
653 1575 704 1639 die
723 1576 848 1641 deserta
865 1575 945 1663 iuga
962 1586 1068 1643 castra
1082 1576 1150 1642 Her·

134 1669 277 1735 uicorum
290 1677 322 1734 et
336 1669 434 1735 saucii
448 1669 548 1734 relicti
562 1670 690 1754 quidam
702 1670 830 1748 inventi,
850 1692 1032 1757 agmenque
1044 1671 1150 1760 fugien-

66 1831 71 1846 ..
134 1764 213 1828 tium
226 1761 267 1828 ab
283 1760 439 1852 Signinis,
459 1785 531 1828 cum
548 1773 672 1848 praeter
688 1764 813 1829 moenia
830 1786 938 1830 eorum
956 1764 1151 1851 infrequentis

135 1867 303 1944 conspecta
326 1859 417 1945 signa
438 1867 557 1936 essent,
581 1858 689 1925 fusum
706 1881 744 1922 ac
761 1881 819 1945 per
835 1881 930 1946 agros
949 1861 1075 1947 trepida
1089 1859 1152 1946 fuga

102 1973 116 2021 r
134 1952 274 2037 palatum
292 1962 349 2017 cst.
385 1973 445 2016 nec
457 1951 610 2018 Romanis
628 1953 791 2018 incruenta
807 1953 941 2019 victoria
957 1953 1036 2020 fuit:
1058 1961 1152 2040 quarte

133 2067 207 2131 pars
224 2045 359 2109 militum
379 2045 510 2124 amissa,
530 2054 561 2111 et
578 2045 634 2112 ubi
646 2046 733 2110 haud
745 2047 849 2112 minus
864 2048 1006 2114 iacturae
1019 2049 1093 2127 fuit,
1108 2045 1153 2112 ali·

135 2147 212 2225 quot
230 2139 350 2223 equites
368 2138 505 2205 Romani
523 2141 672 2206 cecidere.
693 2155 700 2163 '

100 2255 115 2302 1
199 2233 311 2302 VIIII.
346 2234 530 2320 Insequenti
548 2258 629 2300 anno
648 2258 720 2300 cum
740 2234 778 2301 Ο.
794 2234 956 2323 Sulpicius
975 2247 1010 2302 et
1029 2236 1067 2304 O.
1080 2233 1153 2303 Lici·

134 2328 205 2394 nius
230 2326 349 2395 Calvus
377 2329 522 2394 consules
548 2330 582 2393 in
603 2329 761 2397 Hernicos
789 2331 963 2396 exercitum
989 2332 1152 2408 duxissent,

132 2446 235 2509 neque
248 2425 383 2491 inventis
397 2425 431 2489 in
444 2448 520 2512 agro
533 2425 676 2492 hostibus
686 2425 900 2504 Ferentinum,
919 2426 1036 2492 urbem
1050 2447 1151 2502 eorum.

132 2519 165 2583 vi
183 2519 353 2606 cepissent,
376 2519 603 2584 revertentibus
621 2521 694 2584 inde
713 2521 759 2585 eis
778 2520 927 2587 Tiburtes
950 2533 1061 2608 portas
1083 2522 1153 2588 clau·

98 2633 114 2680 2
134 2635 211 2678 sere.
248 2635 285 2678 ea
302 2613 412 2679 ultima
429 2614 489 2678 fuit
507 2636 616 2692 eausa,
636 2636 709 2679 cum
727 2613 843 2680 multae
862 2623 937 2681 ante
952 2616 1152 2700 querimoniae

132 2707 214 2774 ultro
232 2708 372 2791 citroque
388 2709 521 2773 iactatae
540 2717 658 2786 essent,
678 2731 734 2773 eur
745 2731 802 2795 per
819 2709 944 2774 fetiales
962 2710 1062 2777 rebus
1079 2729 1152 2797 repe

132 2801 196 2865 titis
214 2799 333 2865 bellum
351 2800 475 2866 Tiburti
491 2801 609 2888 populo
626 2802 825 2868 indiceretur.

99 2912 114 2960 3
195 2893 393 2960 Dictatorem
407 2895 445 2960 T.
458 2888 642 2979 Quinctium
655 2896 801 2962 Pennum
815 2919 852 2962 eo
866 2920 950 2964 anno
969 2898 1073 2966 fuisse
1090 2896 1151 2965 satis

133 2996 255 3052 constat
272 2997 304 3053 et
321 2990 506 3077 magistrum
524 2991 665 3074 equitum
679 2989 747 3058 Ser.
764 2990 950 3057 Cornelium
962 2992 1152 3082 Maluginen-

97 3101 209 3149 4sem.
245 3081 356 3149 Macer
377 3085 522 3149 Licinius
547 3086 744 3150 comitiorum
765 3086 984 3153 habendorum
1013 3090 1152 3154 causact

131 3176 171 3241 ab
193 3176 320 3243 Licinio
343 3178 471 3244 consule
494 3179 613 3243 dictum
635 3179 757 3258 scribit,
785 3180 860 3264 quia
886 3181 1015 3270 collega
1043 3178 1151 3249 comitr

130 3269 213 3335 bello
230 3273 388 3356 praeferre
405 3272 588 3350 festinante,
605 3282 642 3336 ut
659 3273 853 3339 continuaret
870 3276 1088 3355 consulatum,
1107 3272 1150 3339 oh-

99 3383 115 3430 o
133 3362 218 3426 viam
235 3366 373 3429 eundum
391 3388 507 3452 pravae
522 3367 684 3452 cupiditati
696 3367 800 3434 fuerit.
829 3371 975 3452 quaesita
989 3393 1031 3437 ea
1043 3365 1150 3457 propri!

132 3455 270 3522 familiae
283 3458 352 3525 laus
365 3460 516 3526 leviorem
530 3470 690 3526 auctorem
698 3462 861 3527 Licinium
876 3463 965 3529 facit
994 3487 1069 3530 cum
1081 3482 1149 3529 men·

131 3549 248 3615 tionem
261 3553 327 3618 eius
341 3554 387 3619 rei
398 3555 432 3620 in
441 3555 665 3622 vetustioribus
679 3556 845 3623 annalibus
860 3556 984 3623 nullam
997 3558 1148 3635 inveniar,

131 3643 232 3728 magis
255 3654 290 3709 ut
310 3646 386 3712 belli
404 3647 519 3716 Gallici
541 3672 638 3716 causa
659 3651 845 3717 dictatorem
870 3662 1016 3719 creatum
1037 3652 1148 3719 abins

97 3755 112 3804 6
130 3735 259 3802 inclinat
280 3740 412 3808 animus.
449 3765 487 3810 eo
510 3754 592 3810 certe
615 3768 696 3810 anno
716 3741 802 3811 Galli
819 3747 860 3812 ad
881 3748 1011 3813 tertium
1029 3745 1147 3834 lapidea

132 3827 255 3897 Salaria
270 3833 323 3899 via
340 3845 425 3903 trans
442 3848 571 3924 pontem
582 3836 717 3905 Anienis
736 3849 840 3906 castra
855 3840 1007 3908 habuere.
1034 3842 1146 3908 dicam

131 3946 203 3990 cum
229 3928 381 3997 tumultus
409 3929 525 4000 Gallici
550 3955 646 4000 causa
670 3934 825 4000 iustitium
854 3936 1023 4016 edixisset,
1054 3948 1143 4001 oum

129 4017 266 4090 iuniores
288 4038 484 4095 sacramento
507 4028 627 4115 adegit,
653 4028 838 4117 ingentique
863 4032 1005 4098 exercitu
1025 4029 1066 4097 ab
1080 4021 1142 4092 urb
