2566 4524
394 261 514 317 LIBER
530 262 616 332 VHI,
634 263 658 318 8.
679 266 716 332 [a.
727 261 830 334 C.340]
1063 257 1130 326 405

163 421 284 507 Clipeis
311 429 403 487 autea
423 421 560 487 Romani
581 421 630 487 usi
653 431 740 500 sunt,
768 421 854 502 dein,
880 434 1051 512 postquam
1073 429 1162 501 stag

100 516 252 605 pendiarii
277 515 353 581 facti
375 525 463 594 sunt,
491 525 581 581 scuta
606 539 663 602 pro
690 517 800 603 clipeis
826 517 939 585 fecere.
985 532 1016 586 et
1041 523 1129 607 quod

100 622 188 678 antea
213 611 388 698 phalanges
415 610 533 676 similes
555 610 786 690 Macedonicis,
813 612 875 678 hoc
895 625 1007 700 postea
1028 619 1128 682 maui-

98 706 229 794 pulatim
247 713 366 771 structa
382 704 466 771 acies
484 705 588 791 coepit
609 727 694 772 esse:
721 715 881 792 postremo
901 708 936 773 in
952 709 1058 795 plures
1077 734 1127 778 or·
1144 733 1161 779 4

99 803 185 868 dines
207 799 453 867 instruebantur.
497 802 573 867 ordo
597 823 773 889 sexagenos
795 803 925 883 milites,
951 805 1031 872 duos
1054 829 1128 872 cen-

98 897 251 974 turiones,
273 894 470 961 vexillarium
486 918 585 960 unum
601 895 748 963 habebat.
791 897 894 982 prima
910 898 994 966 acies
1011 899 1127 966 hastati
1145 922 1160 968 5

98 1001 198 1070 erant,
224 990 379 1077 manipuli
400 990 592 1074 quindecim,
621 991 773 1057 distantes
798 991 880 1057 inter
906 1015 941 1058 so
966 994 1127 1060 modicum

97 1087 244 1172 spatium.
288 1084 467 1170 manipulus
489 1084 568 1150 levis
591 1085 719 1152 vicenos
736 1084 865 1164 milites,
890 1085 983 1152 aliam
1001 1088 1126 1154 turbam

97 1189 291 1248 scutatorum
303 1178 454 1258 habebat3
472 1178 559 1245 leves
577 1189 683 1246 autem
701 1180 756 1264 qui
771 1180 896 1247 hastam
913 1190 1034 1247 tantum
1051 1206 1127 1270 gae·
1144 1230 1147 1234 Α

96 1297 195 1360 saque
213 1283 358 1360 gererent
375 1272 577 1339 vocabantur.
613 1274 693 1340 haec
709 1274 811 1360 prima
828 1275 915 1341 frons
933 1276 967 1341 in
984 1276 1051 1342 acie
1068 1277 1126 1344 flo-
1144 1297 1158 1346 6

93 1391 162 1436 rem
174 1369 325 1433 iuvenum
338 1367 578 1453 pubescentium
590 1369 632 1433 ad
644 1369 787 1434 militiam
800 1368 945 1436 habebat.
968 1370 1127 1438 robustior

93 1463 168 1530 inde
186 1471 275 1528 aetas
297 1462 427 1528 totidem
450 1461 694 1548 manipulorum,
722 1462 837 1547 quibus
858 1464 1053 1551 principibus
1076 1476 1126 1532 est

92 1579 220 1634 nomen,
235 1556 294 1622 bos
305 1556 525 1642 sequebantur,
541 1558 655 1624 scutati
668 1579 791 1636 omnes,
801 1557 978 1645 insignibus
989 1561 1125 1627 maxime

92 1651 199 1718 armis.
223 1649 285 1716 hoc
298 1650 425 1737 triginta
437 1651 669 1736 manipulorum
682 1673 796 1739 agmen
810 1652 1005 1738 antepilanos
1018 1652 1125 1740 appel·
1143 1676 1159 1721 r

91 1744 217 1822 labant,
243 1744 318 1828 quia
340 1744 399 1811 sub
423 1745 522 1832 signis
544 1746 608 1811 iam
630 1745 683 1810 alii
700 1745 880 1830 quindecim
897 1746 1023 1812 ordines
1040 1748 1125 1813 loca-

90 1838 223 1918 bantur,
250 1860 291 1905 ex
312 1838 427 1924 quibus
450 1839 527 1904 ordo
549 1839 766 1925 unusquisque
784 1848 847 1906 tres
865 1850 969 1925 partes
987 1839 1125 1906 habebat

91 1973 135 1985 —-
155 1957 264 2000 earum
284 1957 537 2019 unamquamque
554 1935 688 2022 primam
706 1935 806 2022 pilum
823 1935 979 2002 vocabant
995 1975 1038 1985 —
1056 1935 1125 2022 (tri·
1142 1955 1157 2004 8

90 2028 157 2097 bus
175 2051 216 2095 ex
231 2029 354 2094 vexillis
373 2028 546 2095 constabat.
579 2029 729 2094 vexillum
746 2040 873 2096 centum
891 2031 1051 2118 octoginta
1068 2053 1126 2097 sex

87 2122 238 2191 homines
256 2123 367 2209 erant).
402 2124 539 2209 primum
559 2123 708 2188 vexillum
725 2125 848 2190 triarios
867 2124 1015 2204 ducebat,
1038 2135 1125 2191 vete·

86 2241 206 2287 ranam
223 2218 354 2284 militem
372 2228 530 2305 spectatae
548 2217 685 2296 virtutis,
706 2219 880 2283 seeundum
896 2219 1046 2296 rorarios,
1065 2221 1125 2284 mi-

90 2335 154 2380 nus
172 2311 297 2382 roboris
316 2321 417 2379 aetate
439 2313 608 2396 factisque,
636 2311 762 2376 tertium
783 2332 949 2390 accensos,
976 2312 1124 2377 minimae
1166 2366 1170 2372 .

85 2407 229 2475 fiduciae
251 2429 393 2473 manum:
420 2430 459 2473 eo
480 2416 512 2474 et
528 2408 562 2472 in
578 2415 770 2494 postremam
788 2406 889 2472 aciem
905 2406 1122 2472 reiciebantur.
1187 2399 1192 2406 ’

84 2501 209 2570 ubibis
219 2501 379 2568 ordinibus
394 2502 548 2568 exercitus
561 2502 732 2568 inshuotus
746 2510 839 2578 esset,
853 2500 970 2567 hastati
983 2500 1123 2565 omnium
1142 2518 1157 2566 9

83 2596 187 2686 primi
209 2617 350 2684 pugnam
370 2596 501 2663 inibant
545 2596 574 2663 si
594 2596 711 2662 hastati
731 2594 897 2682 profligare
919 2594 1043 2661 hostem
1061 2615 1125 2659 non

82 2699 239 2780 possent,
257 2691 338 2776 pede
349 2713 460 2778 presso
474 2713 528 2757 eos
546 2699 628 2757 retro
647 2691 793 2757 cedentes
810 2691 845 2756 in
860 2688 1024 2755 intervalla
1041 2687 1125 2753 ordi·
1150 2693 1153 2698 ’

83 2809 170 2854 num
196 2784 354 2871 principes
380 2784 583 2872 recipiebant.
627 2794 696 2852 tum
715 2785 893 2873 principum
913 2807 1023 2873 pugna
1043 2790 1123 2862 erat,

83 2879 213 2949 hastati
226 2879 445 2964 sequebantur.
468 2880 565 2946 triarii
580 2879 638 2947 sub
648 2880 771 2946 vexillis
786 2880 991 2946 considebant
999 2878 1124 2945 sinistro
1144 2894 1176 2944 10

86 2997 184 3045 crure
201 2984 360 3060 porrecto,
380 2985 470 3042 scuta
486 2975 594 3040 innixa
610 2976 742 3053 umeris,
760 2975 868 3041 hastas
888 2973 1053 3041 suberecta
1070 2996 1125 3040 cu·

85 3070 185 3159 apide
203 3069 338 3136 interra
354 3069 447 3148 fixas,
467 3069 553 3137 haud
571 3091 662 3136 secus
679 3091 775 3153 quam
793 3068 876 3133 vallo
894 3077 1003 3152 saepta
1019 3067 1125 3132 inhor-

83 3173 179 3234 reret
193 3163 294 3242 acies,
313 3171 465 3230 tenentes.
493 3164 618 3250 siapud
630 3163 786 3250 principes
801 3182 926 3246 quoque
943 3159 1029 3225 haud
1047 3159 1122 3223 satis
1143 3177 1174 3223 11

81 3279 246 3350 prospere
263 3267 348 3324 esset
363 3268 553 3345 pugnatum,
571 3258 704 3344 aprima
721 3256 788 3322 acie
806 3257 847 3322 ad
864 3254 987 3320 triarios
1006 3252 1125 3319 sensim
1222 3285 1225 3298 .

83 3352 322 3424 referebantur.
348 3353 506 3419 inderem
523 3351 565 3417 ad
581 3352 703 3417 triarios
716 3350 851 3428 redisse,
870 3370 944 3415 cum
955 3347 1124 3422 laboratur,

81 3445 264 3540 proverbio
276 3445 451 3512 increbuit·
466 3445 563 3511 triarii
581 3454 819 3531 consurgentes,
838 3443 894 3509 ubi
910 3443 944 3508 in
961 3440 1124 3507 intervalla
1144 3456 1175 3507 12
1260 3452 1271 3469 ·

81 3543 243 3615 ordinum
257 3561 385 3606 suorum
393 3540 549 3626 principes
559 3548 590 3605 et
598 3539 738 3606 hastatos
751 3539 951 3624 recepissent,
967 3534 1125 3620 extemplo

82 3634 277 3724 conpressis
299 3634 460 3701 ordinibus
482 3633 569 3699 velut
591 3631 778 3699 claudebant
798 3632 866 3698 vias
884 3653 1009 3719 unoque
1027 3628 1175 3696 conti-13

81 3731 184 3803 nenti
206 3729 346 3817 agmine,
372 3730 437 3795 iam
456 3728 544 3794 nulla
565 3750 622 3814 spe
643 3736 716 3815 post
735 3726 857 3806 relicta,
879 3727 914 3791 in
934 3726 1059 3792 hostem
1076 3725 1125 3788 in·

81 3826 259 3898 cidebant:
276 3824 311 3889 id
324 3834 389 3890 erat
401 3823 729 3890 formidolosissimum
741 3822 834 3900 hosti,
849 3843 922 3888 cum
929 3820 1017 3887 velut
1024 3819 1125 3884 victos

79 3918 232 3995 insecuti
244 3941 360 3985 novam
371 3928 500 4006 repente
513 3918 614 3985 aciem
627 3927 849 4006 exsurgentem
861 3924 986 3983 auctam
993 3930 1124 3979 numero

81 4015 278 4091 comebant
296 4013 513 4082 scribebantur
524 4023 629 4083 autem
642 4023 789 4099 quattuor
797 4013 863 4078 fere
870 4011 1011 4097 legiones
1019 4003 1123 4091 quinis
1142 4020 1176 4072 14
