<?xml version="1.0" encoding="UTF-8"?>
<!DOCTYPE html PUBLIC "-//W3C//DTD XHTML 1.0 Transitional//EN"
    "http://www.w3.org/TR/xhtml1/DTD/xhtml1-transitional.dtd">
<html xmlns="http://www.w3.org/1999/xhtml" xml:lang="en" lang="en">
 <head>
  <title>
</title>
<meta http-equiv="Content-Type" content="text/html;charset=utf-8" />
  <meta name='ocr-system' content='tesseract 3.04.00' />
  <meta name='ocr-capabilities' content='ocr_page ocr_carea ocr_par ocr_line ocrx_word'/>
</head>
<body>
  <div class='ocr_page' id='page_1' title='image "./titiliviaburbec01weisgoog_0460.png"; bbox 0 0 2566 4524; ppageno 0'>
   <div class='ocr_carea' id='block_1_1' title="bbox 279 272 1080 355">
    <p class='ocr_par' dir='ltr' id='par_1_1' title="bbox 279 272 1080 355">
     <span class='ocr_line' id='line_1_1' title="bbox 279 272 1080 355; baseline 0.001 -18"><span class='ocrx_word' id='word_1_1' title='bbox 279 281 398 339; x_wconf 76' lang='lat' dir='ltr'>aranu</span> <span class='ocrx_word' id='word_1_2' title='bbox 413 281 485 355; x_wconf 86' lang='lat' dir='ltr'>vu,</span> <span class='ocrx_word' id='word_1_3' title='bbox 502 281 545 338; x_wconf 78' lang='lat' dir='ltr'>aa</span> <span class='ocrx_word' id='word_1_4' title='bbox 558 282 601 340; x_wconf 84' lang='lat'>24.</span> <span class='ocrx_word' id='word_1_5' title='bbox 620 281 768 352; x_wconf 64' lang='lat' dir='ltr'>[scau.</span> <span class='ocrx_word' id='word_1_6' title='bbox 781 282 846 355; x_wconf 79' lang='lat' dir='ltr'>aso]</span> <span class='ocrx_word' id='word_1_7' title='bbox 1016 272 1080 338; x_wconf 75' lang='lat'>373</span> 
     </span>
    </p>
   </div>
   <div class='ocr_carea' id='block_1_2' title="bbox 66 438 1127 4111">
    <p class='ocr_par' dir='ltr' id='par_1_2' title="bbox 66 438 1127 3708">
     <span class='ocr_line' id='line_1_2' title="bbox 114 438 1110 529; baseline 0.001 -23"><span class='ocrx_word' id='word_1_8' title='bbox 114 439 252 506; x_wconf 87' lang='lat' dir='ltr'>XXIII.</span> <span class='ocrx_word' id='word_1_9' title='bbox 288 438 336 504; x_wconf 92' lang='lat' dir='ltr'>M.</span> <span class='ocrx_word' id='word_1_10' title='bbox 354 438 497 524; x_wconf 89' lang='lat' dir='ltr'>Popilius</span> <span class='ocrx_word' id='word_1_11' title='bbox 511 439 639 504; x_wconf 85' lang='lat' dir='ltr'>Laenas</span> <span class='ocrx_word' id='word_1_12' title='bbox 658 462 678 504; x_wconf 90' lang='lat' dir='ltr'>a</span> <span class='ocrx_word' id='word_1_13' title='bbox 693 439 785 526; x_wconf 88' lang='lat' dir='ltr'>plebe</span> <span class='ocrx_word' id='word_1_14' title='bbox 803 439 927 521; x_wconf 91' lang='lat' dir='ltr'>consul,</span> <span class='ocrx_word' id='word_1_15' title='bbox 946 442 1078 529; x_wconf 89' lang='lat' dir='ltr'>apatri·</span> <span class='ocrx_word' id='word_1_16' title='bbox 1096 459 1110 507; x_wconf 93' lang='lat'>1</span> 
     </span>
     <span class='ocr_line' id='line_1_3' title="bbox 67 531 1079 621; baseline 0.002 -20"><span class='ocrx_word' id='word_1_17' title='bbox 67 533 112 601; x_wconf 82' lang='lat' dir='ltr'>bus</span> <span class='ocrx_word' id='word_1_18' title='bbox 127 535 170 600; x_wconf 87' lang='lat' dir='ltr'>L.</span> <span class='ocrx_word' id='word_1_19' title='bbox 187 533 354 600; x_wconf 85' lang='lat' dir='ltr'>Ocmelius</span> <span class='ocrx_word' id='word_1_20' title='bbox 369 531 477 618; x_wconf 77' lang='lat' dir='ltr'><strong>Scipio</strong></span> <span class='ocrx_word' id='word_1_21' title='bbox 496 532 598 599; x_wconf 90' lang='lat' dir='ltr'>datus.</span> <span class='ocrx_word' id='word_1_22' title='bbox 634 533 761 599; x_wconf 83' lang='lat' dir='ltr'>fortuna</span> <span class='ocrx_word' id='word_1_23' title='bbox 776 557 902 621; x_wconf 92' lang='lat' dir='ltr'>quoque</span> <span class='ocrx_word' id='word_1_24' title='bbox 919 536 1079 603; x_wconf 84' lang='lat' dir='ltr'>inlustrio-</span> 
     </span>
     <span class='ocr_line' id='line_1_4' title="bbox 67 628 1111 718; baseline -0.004 -20"><span class='ocrx_word' id='word_1_25' title='bbox 67 654 117 698; x_wconf 83' lang='lat' dir='ltr'>em</span> <span class='ocrx_word' id='word_1_26' title='bbox 137 629 299 718; x_wconf 90' lang='lat' dir='ltr'>plebeium</span> <span class='ocrx_word' id='word_1_27' title='bbox 320 628 481 695; x_wconf 89' lang='lat' dir='ltr'>consulem</span> <span class='ocrx_word' id='word_1_28' title='bbox 499 628 588 694; x_wconf 83' lang='lat' dir='ltr'>fecit:</span> <span class='ocrx_word' id='word_1_29' title='bbox 610 652 685 694; x_wconf 92' lang='lat' dir='ltr'>nam</span> <span class='ocrx_word' id='word_1_30' title='bbox 703 653 774 696; x_wconf 93' lang='lat' dir='ltr'>cum</span> <span class='ocrx_word' id='word_1_31' title='bbox 791 632 951 718; x_wconf 89' lang='lat' dir='ltr'>ingentem</span> <span class='ocrx_word' id='word_1_32' title='bbox 969 629 1111 697; x_wconf 84' lang='lat' dir='ltr'>Gallo-a</span> 
     </span>
     <span class='ocr_line' id='line_1_5' title="bbox 67 722 1079 810; baseline -0.003 -18"><span class='ocrx_word' id='word_1_33' title='bbox 67 749 120 792; x_wconf 91' lang='lat' dir='ltr'>um</span> <span class='ocrx_word' id='word_1_34' title='bbox 143 724 316 791; x_wconf 89' lang='lat' dir='ltr'>exercitum</span> <span class='ocrx_word' id='word_1_35' title='bbox 337 724 369 787; x_wconf 90' lang='lat' dir='ltr'>in</span> <span class='ocrx_word' id='word_1_36' title='bbox 392 745 469 810; x_wconf 89' lang='lat' dir='ltr'>agro</span> <span class='ocrx_word' id='word_1_37' title='bbox 486 722 603 788; x_wconf 80' lang='lat' dir='ltr'>Latino</span> <span class='ocrx_word' id='word_1_38' title='bbox 622 732 724 788; x_wconf 90' lang='lat' dir='ltr'>castra</span> <span class='ocrx_word' id='word_1_39' title='bbox 740 725 885 809; x_wconf 83' lang='lat' dir='ltr'>posuisse</span> <span class='ocrx_word' id='word_1_40' title='bbox 902 726 1079 791; x_wconf 91' lang='lat' dir='ltr'>nuntiatum</span> 
     </span>
     <span class='ocr_line' id='line_1_6' title="bbox 67 816 1078 904; baseline 0 -19"><span class='ocrx_word' id='word_1_41' title='bbox 67 829 148 898; x_wconf 87' lang='lat' dir='ltr'>sset,</span> <span class='ocrx_word' id='word_1_42' title='bbox 178 817 327 904; x_wconf 83' lang='lat' dir='ltr'>Scipione</span> <span class='ocrx_word' id='word_1_43' title='bbox 353 817 443 904; x_wconf 82' lang='lat' dir='ltr'>gravi</span> <span class='ocrx_word' id='word_1_44' title='bbox 468 817 578 883; x_wconf 92' lang='lat' dir='ltr'>morbo</span> <span class='ocrx_word' id='word_1_45' title='bbox 599 817 753 904; x_wconf 89' lang='lat' dir='ltr'>inplicito,</span> <span class='ocrx_word' id='word_1_46' title='bbox 782 816 939 885; x_wconf 85' lang='lat' dir='ltr'>Gallicum</span> <span class='ocrx_word' id='word_1_47' title='bbox 961 819 1078 886; x_wconf 91' lang='lat' dir='ltr'>bellum</span> 
     </span>
     <span class='ocr_line' id='line_1_7' title="bbox 67 911 1112 1001; baseline 0.003 -25"><span class='ocrx_word' id='word_1_48' title='bbox 67 913 175 1001; x_wconf 55' lang='lat' dir='ltr'>lepilio</span> <span class='ocrx_word' id='word_1_49' title='bbox 194 922 283 978; x_wconf 90' lang='lat' dir='ltr'>extra</span> <span class='ocrx_word' id='word_1_50' title='bbox 300 912 441 977; x_wconf 87' lang='lat' dir='ltr'><strong>ordinem</strong></span> <span class='ocrx_word' id='word_1_51' title='bbox 459 912 576 977; x_wconf 91' lang='lat' dir='ltr'>datum.</span> <span class='ocrx_word' id='word_1_52' title='bbox 608 912 635 977; x_wconf 92' lang='lat' dir='ltr'>is</span> <span class='ocrx_word' id='word_1_53' title='bbox 652 911 776 998; x_wconf 83' lang='lat' dir='ltr'>inpigre</span> <span class='ocrx_word' id='word_1_54' title='bbox 794 914 932 979; x_wconf 88' lang='lat' dir='ltr'>exercitu</span> <span class='ocrx_word' id='word_1_55' title='bbox 951 915 1076 1001; x_wconf 89' lang='lat' dir='ltr'>scripto,</span> <span class='ocrx_word' id='word_1_56' title='bbox 1097 931 1112 978; x_wconf 82' lang='lat'><strong>3</strong></span> 
     </span>
     <span class='ocr_line' id='line_1_8' title="bbox 67 1004 1079 1091; baseline 0 -19"><span class='ocrx_word' id='word_1_57' title='bbox 67 1030 122 1072; x_wconf 92' lang='lat' dir='ltr'>um</span> <span class='ocrx_word' id='word_1_58' title='bbox 140 1006 244 1072; x_wconf 91' lang='lat' dir='ltr'>omnis</span> <span class='ocrx_word' id='word_1_59' title='bbox 264 1015 352 1071; x_wconf 89' lang='lat' dir='ltr'>extra</span> <span class='ocrx_word' id='word_1_60' title='bbox 368 1014 491 1091; x_wconf 88' lang='lat' dir='ltr'>portam</span> <span class='ocrx_word' id='word_1_61' title='bbox 510 1004 673 1091; x_wconf 85' lang='lat' dir='ltr'>Capenam</span> <span class='ocrx_word' id='word_1_62' title='bbox 690 1007 731 1071; x_wconf 93' lang='lat' dir='ltr'>ad</span> <span class='ocrx_word' id='word_1_63' title='bbox 744 1005 858 1072; x_wconf 91' lang='lat' dir='ltr'>Martis</span> <span class='ocrx_word' id='word_1_64' title='bbox 877 1008 987 1073; x_wconf 88' lang='lat' dir='ltr'>aedem</span> <span class='ocrx_word' id='word_1_65' title='bbox 1005 1031 1079 1073; x_wconf 94' lang='lat' dir='ltr'>con-</span> 
     </span>
     <span class='ocr_line' id='line_1_9' title="bbox 67 1099 1079 1187; baseline 0.002 -21"><span class='ocrx_word' id='word_1_66' title='bbox 67 1101 158 1167; x_wconf 90' lang='lat' dir='ltr'>·enire</span> <span class='ocrx_word' id='word_1_67' title='bbox 179 1109 316 1166; x_wconf 88' lang='lat' dir='ltr'>armatos</span> <span class='ocrx_word' id='word_1_68' title='bbox 337 1100 475 1165; x_wconf 88' lang='lat' dir='ltr'>iuniores</span> <span class='ocrx_word' id='word_1_69' title='bbox 497 1099 642 1165; x_wconf 89' lang='lat' dir='ltr'>iussisset</span> <span class='ocrx_word' id='word_1_70' title='bbox 668 1100 820 1187; x_wconf 88' lang='lat' dir='ltr'>signaque</span> <span class='ocrx_word' id='word_1_71' title='bbox 846 1102 957 1167; x_wconf 89' lang='lat' dir='ltr'>eodem</span> <span class='ocrx_word' id='word_1_72' title='bbox 983 1123 1079 1186; x_wconf 91' lang='lat' dir='ltr'>quae-</span> 
     </span>
     <span class='ocr_line' id='line_1_10' title="bbox 68 1194 1077 1283; baseline -0.001 -22"><span class='ocrx_word' id='word_1_73' title='bbox 68 1206 152 1261; x_wconf 89' lang='lat' dir='ltr'>tcres</span> <span class='ocrx_word' id='word_1_74' title='bbox 180 1217 221 1260; x_wconf 87' lang='lat' dir='ltr'>ex</span> <span class='ocrx_word' id='word_1_75' title='bbox 247 1194 365 1259; x_wconf 89' lang='lat' dir='ltr'>aerario</span> <span class='ocrx_word' id='word_1_76' title='bbox 392 1194 527 1272; x_wconf 88' lang='lat' dir='ltr'>deferre,</span> <span class='ocrx_word' id='word_1_77' title='bbox 560 1202 706 1278; x_wconf 89' lang='lat' dir='ltr'>quattuor</span> <span class='ocrx_word' id='word_1_78' title='bbox 732 1194 863 1281; x_wconf 90' lang='lat' dir='ltr'>expletis</span> <span class='ocrx_word' id='word_1_79' title='bbox 889 1194 1077 1283; x_wconf 87' lang='lat' dir='ltr'>legionibus,</span> 
     </span>
     <span class='ocr_line' id='line_1_11' title="bbox 67 1287 1079 1377; baseline 0 -22"><span class='ocrx_word' id='word_1_80' title='bbox 67 1290 137 1374; x_wconf 73' lang='lat' dir='ltr'>[uod</span> <span class='ocrx_word' id='word_1_81' title='bbox 168 1287 323 1374; x_wconf 83' lang='lat' dir='ltr'>superfuit</span> <span class='ocrx_word' id='word_1_82' title='bbox 353 1288 487 1353; x_wconf 89' lang='lat' dir='ltr'>militum</span> <span class='ocrx_word' id='word_1_83' title='bbox 512 1287 550 1353; x_wconf 83' lang='lat' dir='ltr'>P.</span> <span class='ocrx_word' id='word_1_84' title='bbox 577 1287 704 1354; x_wconf 89' lang='lat' dir='ltr'>Valerio</span> <span class='ocrx_word' id='word_1_85' title='bbox 729 1287 912 1355; x_wconf 88' lang='lat' dir='ltr'>Publicolae</span> <span class='ocrx_word' id='word_1_86' title='bbox 942 1291 1079 1377; x_wconf 88' lang='lat' dir='ltr'>praetori</span> 
     </span>
     <span class='ocr_line' id='line_1_12' title="bbox 67 1382 1112 1469; baseline -0.001 -20"><span class='ocrx_word' id='word_1_87' title='bbox 67 1382 192 1461; x_wconf 84' lang='lat' dir='ltr'>radidit,</span> <span class='ocrx_word' id='word_1_88' title='bbox 212 1392 321 1446; x_wconf 88' lang='lat' dir='ltr'>auctor</span> <span class='ocrx_word' id='word_1_89' title='bbox 332 1382 474 1467; x_wconf 91' lang='lat' dir='ltr'>patribus</span> <span class='ocrx_word' id='word_1_90' title='bbox 490 1382 646 1448; x_wconf 88' lang='lat' dir='ltr'>scribendi</span> <span class='ocrx_word' id='word_1_91' title='bbox 660 1382 786 1449; x_wconf 86' lang='lat' dir='ltr'>alterius</span> <span class='ocrx_word' id='word_1_92' title='bbox 805 1385 972 1463; x_wconf 90' lang='lat' dir='ltr'>exercitus,</span> <span class='ocrx_word' id='word_1_93' title='bbox 993 1383 1078 1469; x_wconf 91' lang='lat' dir='ltr'>quod</span> <span class='ocrx_word' id='word_1_94' title='bbox 1095 1401 1112 1448; x_wconf 83' lang='lat'>4</span> 
     </span>
     <span class='ocr_line' id='line_1_13' title="bbox 68 1475 1077 1564; baseline 0.001 -22"><span class='ocrx_word' id='word_1_95' title='bbox 68 1477 90 1542; x_wconf 92' lang='lat' dir='ltr'>d</span> <span class='ocrx_word' id='word_1_96' title='bbox 115 1477 253 1542; x_wconf 89' lang='lat' dir='ltr'>incertos</span> <span class='ocrx_word' id='word_1_97' title='bbox 279 1475 353 1542; x_wconf 91' lang='lat' dir='ltr'>belli</span> <span class='ocrx_word' id='word_1_98' title='bbox 380 1483 510 1542; x_wconf 88' lang='lat' dir='ltr'>eventus</span> <span class='ocrx_word' id='word_1_99' title='bbox 538 1475 714 1542; x_wconf 86' lang='lat' dir='ltr'>subsidium</span> <span class='ocrx_word' id='word_1_100' title='bbox 739 1478 785 1543; x_wconf 91' lang='lat' dir='ltr'>rei</span> <span class='ocrx_word' id='word_1_101' title='bbox 810 1477 955 1564; x_wconf 90' lang='lat' dir='ltr'>publicae</span> <span class='ocrx_word' id='word_1_102' title='bbox 983 1487 1077 1545; x_wconf 89' lang='lat' dir='ltr'>esset.</span> 
     </span>
     <span class='ocr_line' id='line_1_14' title="bbox 67 1569 1111 1658; baseline -0.003 -20"><span class='ocrx_word' id='word_1_103' title='bbox 67 1593 117 1658; x_wconf 87' lang='lat' dir='ltr'>pse</span> <span class='ocrx_word' id='word_1_104' title='bbox 135 1570 201 1636; x_wconf 88' lang='lat' dir='ltr'>iam</span> <span class='ocrx_word' id='word_1_105' title='bbox 219 1569 294 1635; x_wconf 87' lang='lat' dir='ltr'>satis</span> <span class='ocrx_word' id='word_1_106' title='bbox 313 1569 458 1636; x_wconf 90' lang='lat' dir='ltr'>omnibus</span> <span class='ocrx_word' id='word_1_107' title='bbox 476 1571 635 1636; x_wconf 91' lang='lat' dir='ltr'>instructis</span> <span class='ocrx_word' id='word_1_108' title='bbox 650 1573 888 1657; x_wconf 81' lang='lat' dir='ltr'>conparatisque</span> <span class='ocrx_word' id='word_1_109' title='bbox 901 1573 942 1638; x_wconf 91' lang='lat' dir='ltr'>ad</span> <span class='ocrx_word' id='word_1_110' title='bbox 954 1573 1078 1639; x_wconf 89' lang='lat' dir='ltr'>hostem</span> <span class='ocrx_word' id='word_1_111' title='bbox 1097 1587 1111 1635; x_wconf 85' lang='lat'><strong>5</strong></span> 
     </span>
     <span class='ocr_line' id='line_1_15' title="bbox 67 1664 1078 1752; baseline 0.002 -21"><span class='ocrx_word' id='word_1_112' title='bbox 67 1665 163 1752; x_wconf 80' lang='lat' dir='ltr'>ergit.</span> <span class='ocrx_word' id='word_1_113' title='bbox 191 1664 279 1730; x_wconf 88' lang='lat' dir='ltr'>cuius</span> <span class='ocrx_word' id='word_1_114' title='bbox 293 1673 328 1728; x_wconf 91' lang='lat' dir='ltr'>ut</span> <span class='ocrx_word' id='word_1_115' title='bbox 340 1664 427 1749; x_wconf 89' lang='lat' dir='ltr'>prius</span> <span class='ocrx_word' id='word_1_116' title='bbox 440 1675 584 1732; x_wconf 88' lang='lat' dir='ltr'>nosceret</span> <span class='ocrx_word' id='word_1_117' title='bbox 596 1665 679 1732; x_wconf 87' lang='lat' dir='ltr'>vires</span> <span class='ocrx_word' id='word_1_118' title='bbox 698 1688 793 1751; x_wconf 87' lang='lat' dir='ltr'>quam</span> <span class='ocrx_word' id='word_1_119' title='bbox 810 1667 949 1752; x_wconf 85' lang='lat' dir='ltr'>periculo</span> <span class='ocrx_word' id='word_1_120' title='bbox 966 1668 1078 1733; x_wconf 90' lang='lat' dir='ltr'>ultimo</span> 
     </span>
     <span class='ocr_line' id='line_1_16' title="bbox 67 1758 1077 1846; baseline 0.001 -20"><span class='ocrx_word' id='word_1_121' title='bbox 67 1767 232 1846; x_wconf 63' lang='lat' dir='ltr'>emptast,</span> <span class='ocrx_word' id='word_1_122' title='bbox 254 1759 288 1823; x_wconf 92' lang='lat' dir='ltr'>in</span> <span class='ocrx_word' id='word_1_123' title='bbox 305 1758 439 1836; x_wconf 89' lang='lat' dir='ltr'>tumulo,</span> <span class='ocrx_word' id='word_1_124' title='bbox 468 1781 562 1843; x_wconf 93' lang='lat' dir='ltr'>quem</span> <span class='ocrx_word' id='word_1_125' title='bbox 583 1760 762 1845; x_wconf 89' lang='lat' dir='ltr'>proximum</span> <span class='ocrx_word' id='word_1_126' title='bbox 784 1763 893 1827; x_wconf 89' lang='lat' dir='ltr'>castris</span> <span class='ocrx_word' id='word_1_127' title='bbox 913 1759 1077 1828; x_wconf 85' lang='lat' dir='ltr'>Gallorum</span> 
     </span>
     <span class='ocr_line' id='line_1_17' title="bbox 67 1853 1110 1942; baseline 0 -23"><span class='ocrx_word' id='word_1_128' title='bbox 67 1875 164 1940; x_wconf 88' lang='lat' dir='ltr'>apere</span> <span class='ocrx_word' id='word_1_129' title='bbox 176 1853 291 1939; x_wconf 90' lang='lat' dir='ltr'>potuit,</span> <span class='ocrx_word' id='word_1_130' title='bbox 310 1853 428 1918; x_wconf 84' lang='lat' dir='ltr'>vallum</span> <span class='ocrx_word' id='word_1_131' title='bbox 442 1853 556 1920; x_wconf 88' lang='lat' dir='ltr'>ducere</span> <span class='ocrx_word' id='word_1_132' title='bbox 570 1855 681 1940; x_wconf 88' lang='lat' dir='ltr'>coepit.</span> <span class='ocrx_word' id='word_1_133' title='bbox 708 1876 786 1940; x_wconf 86' lang='lat' dir='ltr'>gens</span> <span class='ocrx_word' id='word_1_134' title='bbox 803 1854 893 1921; x_wconf 83' lang='lat' dir='ltr'>ferox</span> <span class='ocrx_word' id='word_1_135' title='bbox 911 1865 943 1920; x_wconf 89' lang='lat' dir='ltr'>et</span> <span class='ocrx_word' id='word_1_136' title='bbox 959 1855 1077 1942; x_wconf 87' lang='lat' dir='ltr'>ingenii</span> <span class='ocrx_word' id='word_1_137' title='bbox 1096 1871 1110 1919; x_wconf 82' lang='lat' dir='ltr'>s</span> 
     </span>
     <span class='ocr_line' id='line_1_18' title="bbox 67 1947 1078 2036; baseline 0.001 -23"><span class='ocrx_word' id='word_1_138' title='bbox 67 1947 136 2013; x_wconf 81' lang='lat' dir='ltr'>‚vidi</span> <span class='ocrx_word' id='word_1_139' title='bbox 155 1947 197 2012; x_wconf 90' lang='lat' dir='ltr'>ad</span> <span class='ocrx_word' id='word_1_140' title='bbox 213 1969 354 2033; x_wconf 88' lang='lat' dir='ltr'>pugnam</span> <span class='ocrx_word' id='word_1_141' title='bbox 372 1969 444 2012; x_wconf 87' lang='lat' dir='ltr'>oum</span> <span class='ocrx_word' id='word_1_142' title='bbox 461 1948 570 2033; x_wconf 91' lang='lat' dir='ltr'>procul</span> <span class='ocrx_word' id='word_1_143' title='bbox 587 1948 664 2014; x_wconf 87' lang='lat' dir='ltr'>visis</span> <span class='ocrx_word' id='word_1_144' title='bbox 678 1947 893 2015; x_wconf 86' lang='lat' dir='ltr'>Romanorum</span> <span class='ocrx_word' id='word_1_145' title='bbox 911 1949 1024 2036; x_wconf 89' lang='lat' dir='ltr'>signis,</span> <span class='ocrx_word' id='word_1_146' title='bbox 1042 1958 1078 2014; x_wconf 90' lang='lat' dir='ltr'>ut</span> 
     </span>
     <span class='ocr_line' id='line_1_19' title="bbox 68 2040 1078 2129; baseline 0.002 -23"><span class='ocrx_word' id='word_1_147' title='bbox 68 2041 211 2126; x_wconf 81' lang='lat' dir='ltr'>xtemplo</span> <span class='ocrx_word' id='word_1_148' title='bbox 232 2041 386 2126; x_wconf 90' lang='lat' dir='ltr'>proelium</span> <span class='ocrx_word' id='word_1_149' title='bbox 402 2040 530 2120; x_wconf 91' lang='lat' dir='ltr'>initura,</span> <span class='ocrx_word' id='word_1_150' title='bbox 554 2042 756 2127; x_wconf 87' lang='lat' dir='ltr'>explicuisset</span> <span class='ocrx_word' id='word_1_151' title='bbox 773 2044 887 2122; x_wconf 89' lang='lat' dir='ltr'>aciem,</span> <span class='ocrx_word' id='word_1_152' title='bbox 910 2052 1078 2129; x_wconf 85' lang='lat' dir='ltr'>postquam</span> 
     </span>
     <span class='ocr_line' id='line_1_20' title="bbox 67 2134 1078 2223; baseline 0.003 -23"><span class='ocrx_word' id='word_1_153' title='bbox 67 2158 154 2221; x_wconf 68' lang='lat' dir='ltr'>reque</span> <span class='ocrx_word' id='word_1_154' title='bbox 175 2135 209 2200; x_wconf 92' lang='lat' dir='ltr'>in</span> <span class='ocrx_word' id='word_1_155' title='bbox 230 2157 365 2219; x_wconf 85' lang='lat' dir='ltr'>aequum</span> <span class='ocrx_word' id='word_1_156' title='bbox 388 2134 509 2200; x_wconf 88' lang='lat' dir='ltr'>demitti</span> <span class='ocrx_word' id='word_1_157' title='bbox 531 2159 645 2223; x_wconf 84' lang='lat' dir='ltr'>agmen</span> <span class='ocrx_word' id='word_1_158' title='bbox 662 2137 740 2201; x_wconf 84' lang='lat' dir='ltr'>vidit</span> <span class='ocrx_word' id='word_1_159' title='bbox 758 2146 789 2203; x_wconf 91' lang='lat' dir='ltr'>et</span> <span class='ocrx_word' id='word_1_160' title='bbox 807 2160 877 2203; x_wconf 94' lang='lat' dir='ltr'>cum</span> <span class='ocrx_word' id='word_1_161' title='bbox 896 2137 957 2203; x_wconf 91' lang='lat' dir='ltr'>loci</span> <span class='ocrx_word' id='word_1_162' title='bbox 974 2137 1078 2203; x_wconf 87' lang='lat' dir='ltr'>altitu-</span> 
     </span>
     <span class='ocr_line' id='line_1_21' title="bbox 67 2229 1077 2316; baseline -0.002 -18"><span class='ocrx_word' id='word_1_163' title='bbox 67 2231 123 2298; x_wconf 82' lang='lat' dir='ltr'>tine</span> <span class='ocrx_word' id='word_1_164' title='bbox 145 2238 214 2294; x_wconf 91' lang='lat' dir='ltr'>tum</span> <span class='ocrx_word' id='word_1_165' title='bbox 235 2230 318 2295; x_wconf 91' lang='lat' dir='ltr'>vallo</span> <span class='ocrx_word' id='word_1_166' title='bbox 340 2230 434 2295; x_wconf 90' lang='lat' dir='ltr'>etiam</span> <span class='ocrx_word' id='word_1_167' title='bbox 455 2230 553 2316; x_wconf 85' lang='lat' dir='ltr'>integi</span> <span class='ocrx_word' id='word_1_168' title='bbox 575 2229 750 2308; x_wconf 89' lang='lat' dir='ltr'>Romanos,</span> <span class='ocrx_word' id='word_1_169' title='bbox 776 2230 938 2316; x_wconf 84' lang='lat' dir='ltr'>perculsos</span> <span class='ocrx_word' id='word_1_170' title='bbox 960 2254 1077 2315; x_wconf 88' lang='lat' dir='ltr'>pavore</span> 
     </span>
     <span class='ocr_line' id='line_1_22' title="bbox 67 2323 1078 2410; baseline -0.004 -18"><span class='ocrx_word' id='word_1_171' title='bbox 67 2333 120 2392; x_wconf 88' lang='lat' dir='ltr'>ata</span> <span class='ocrx_word' id='word_1_172' title='bbox 143 2323 237 2389; x_wconf 89' lang='lat' dir='ltr'>simul</span> <span class='ocrx_word' id='word_1_173' title='bbox 260 2326 488 2410; x_wconf 90' lang='lat' dir='ltr'>oportuniores,</span> <span class='ocrx_word' id='word_1_174' title='bbox 517 2324 601 2408; x_wconf 91' lang='lat' dir='ltr'>quod</span> <span class='ocrx_word' id='word_1_175' title='bbox 622 2325 732 2388; x_wconf 89' lang='lat' dir='ltr'>intenti</span> <span class='ocrx_word' id='word_1_176' title='bbox 753 2331 820 2388; x_wconf 94' lang='lat' dir='ltr'>tum</span> <span class='ocrx_word' id='word_1_177' title='bbox 837 2325 973 2389; x_wconf 87' lang='lat' dir='ltr'>maxime</span> <span class='ocrx_word' id='word_1_178' title='bbox 991 2326 1078 2409; x_wconf 90' lang='lat' dir='ltr'>operi</span> 
     </span>
     <span class='ocr_line' id='line_1_23' title="bbox 68 2417 1110 2505; baseline -0.001 -20"><span class='ocrx_word' id='word_1_179' title='bbox 68 2427 171 2496; x_wconf 85' lang='lat' dir='ltr'>ssent,</span> <span class='ocrx_word' id='word_1_180' title='bbox 199 2419 279 2482; x_wconf 89' lang='lat' dir='ltr'>truci</span> <span class='ocrx_word' id='word_1_181' title='bbox 301 2417 435 2484; x_wconf 91' lang='lat' dir='ltr'>clamore</span> <span class='ocrx_word' id='word_1_182' title='bbox 458 2418 646 2505; x_wconf 86' lang='lat' dir='ltr'>adgreditur.</span> <span class='ocrx_word' id='word_1_183' title='bbox 683 2417 723 2484; x_wconf 91' lang='lat' dir='ltr'>ab</span> <span class='ocrx_word' id='word_1_184' title='bbox 740 2417 893 2484; x_wconf 87' lang='lat' dir='ltr'>Romanis</span> <span class='ocrx_word' id='word_1_185' title='bbox 915 2439 974 2484; x_wconf 93' lang='lat' dir='ltr'>nec</span> <span class='ocrx_word' id='word_1_186' title='bbox 996 2439 1110 2503; x_wconf 77' lang='lat' dir='ltr'>opust</span> 
     </span>
     <span class='ocr_line' id='line_1_24' title="bbox 67 2510 1078 2597; baseline -0.002 -19"><span class='ocrx_word' id='word_1_187' title='bbox 67 2512 264 2578; x_wconf 91' lang='lat' dir='ltr'>ntermissum</span> <span class='ocrx_word' id='word_1_188' title='bbox 277 2514 429 2579; x_wconf 89' lang='lat' dir='ltr'>—triarii</span> <span class='ocrx_word' id='word_1_189' title='bbox 447 2523 534 2578; x_wconf 90' lang='lat' dir='ltr'>erant</span> <span class='ocrx_word' id='word_1_190' title='bbox 552 2512 606 2597; x_wconf 90' lang='lat' dir='ltr'>qui</span> <span class='ocrx_word' id='word_1_191' title='bbox 622 2511 855 2578; x_wconf 77' lang='lat' dir='ltr'>muniebant-</span> <span class='ocrx_word' id='word_1_192' title='bbox 865 2521 896 2577; x_wconf 93' lang='lat' dir='ltr'>et</span> <span class='ocrx_word' id='word_1_193' title='bbox 913 2510 953 2577; x_wconf 89' lang='lat' dir='ltr'>ab</span> <span class='ocrx_word' id='word_1_194' title='bbox 971 2510 1078 2577; x_wconf 85' lang='lat' dir='ltr'>hasta-</span> 
     </span>
     <span class='ocr_line' id='line_1_25' title="bbox 67 2605 1120 2694; baseline 0 -22"><span class='ocrx_word' id='word_1_195' title='bbox 67 2606 379 2694; x_wconf 88' lang='lat' dir='ltr'>isprincipibusque,</span> <span class='ocrx_word' id='word_1_196' title='bbox 403 2608 456 2691; x_wconf 91' lang='lat' dir='ltr'>qui</span> <span class='ocrx_word' id='word_1_197' title='bbox 473 2630 530 2691; x_wconf 92' lang='lat' dir='ltr'>pro</span> <span class='ocrx_word' id='word_1_198' title='bbox 548 2605 756 2672; x_wconf 90' lang='lat' dir='ltr'>munitoribus</span> <span class='ocrx_word' id='word_1_199' title='bbox 774 2606 883 2671; x_wconf 93' lang='lat' dir='ltr'>intenti</span> <span class='ocrx_word' id='word_1_200' title='bbox 905 2605 1077 2691; x_wconf 87' lang='lat' dir='ltr'>armatique</span> <span class='ocrx_word' id='word_1_201' title='bbox 1114 2631 1120 2639; x_wconf 89' lang='lat'>·</span> 
     </span>
     <span class='ocr_line' id='line_1_26' title="bbox 67 2699 1110 2786; baseline 0 -19"><span class='ocrx_word' id='word_1_202' title='bbox 67 2708 218 2779; x_wconf 81' lang='lat' dir='ltr'>teterunt,</span> <span class='ocrx_word' id='word_1_203' title='bbox 236 2700 390 2786; x_wconf 92' lang='lat' dir='ltr'>proelium</span> <span class='ocrx_word' id='word_1_204' title='bbox 402 2700 523 2765; x_wconf 89' lang='lat' dir='ltr'>initum.</span> <span class='ocrx_word' id='word_1_205' title='bbox 555 2709 679 2786; x_wconf 90' lang='lat' dir='ltr'>praeter</span> <span class='ocrx_word' id='word_1_206' title='bbox 690 2700 838 2766; x_wconf 87' lang='lat' dir='ltr'>virtutem</span> <span class='ocrx_word' id='word_1_207' title='bbox 850 2699 938 2766; x_wconf 86' lang='lat' dir='ltr'>locu&#39;s</span> <span class='ocrx_word' id='word_1_208' title='bbox 951 2721 1077 2784; x_wconf 88' lang='lat' dir='ltr'>quoque</span> <span class='ocrx_word' id='word_1_209' title='bbox 1095 2719 1110 2768; x_wconf 86' lang='lat'><em>8</em></span> 
     </span>
     <span class='ocr_line' id='line_1_27' title="bbox 66 2795 1118 2882; baseline 0.002 -22"><span class='ocrx_word' id='word_1_210' title='bbox 66 2795 194 2882; x_wconf 86' lang='lat' dir='ltr'>uperior</span> <span class='ocrx_word' id='word_1_211' title='bbox 216 2795 348 2874; x_wconf 84' lang='lat' dir='ltr'>adiuvit,</span> <span class='ocrx_word' id='word_1_212' title='bbox 371 2804 406 2860; x_wconf 89' lang='lat' dir='ltr'>ut</span> <span class='ocrx_word' id='word_1_213' title='bbox 422 2795 487 2882; x_wconf 90' lang='lat' dir='ltr'>pila</span> <span class='ocrx_word' id='word_1_214' title='bbox 504 2795 610 2861; x_wconf 91' lang='lat' dir='ltr'>omnia</span> <span class='ocrx_word' id='word_1_215' title='bbox 626 2795 798 2882; x_wconf 89' lang='lat' dir='ltr'>hastaeque</span> <span class='ocrx_word' id='word_1_216' title='bbox 815 2817 893 2875; x_wconf 91' lang='lat' dir='ltr'>non,</span> <span class='ocrx_word' id='word_1_217' title='bbox 916 2804 1078 2880; x_wconf 91' lang='lat' dir='ltr'>tamquam</span> <span class='ocrx_word' id='word_1_218' title='bbox 1112 2820 1118 2825; x_wconf 93' lang='lat'>·</span> 
     </span>
     <span class='ocr_line' id='line_1_28' title="bbox 67 2888 1077 2976; baseline -0.003 -19"><span class='ocrx_word' id='word_1_219' title='bbox 67 2913 88 2957; x_wconf 88' lang='lat' dir='ltr'>x</span> <span class='ocrx_word' id='word_1_220' title='bbox 107 2911 210 2974; x_wconf 86' lang='lat' dir='ltr'>aequo</span> <span class='ocrx_word' id='word_1_221' title='bbox 226 2890 338 2968; x_wconf 89' lang='lat' dir='ltr'>missa,</span> <span class='ocrx_word' id='word_1_222' title='bbox 357 2912 453 2968; x_wconf 91' lang='lat' dir='ltr'>vana,</span> <span class='ocrx_word' id='word_1_223' title='bbox 472 2890 557 2974; x_wconf 90' lang='lat' dir='ltr'>quod</span> <span class='ocrx_word' id='word_1_224' title='bbox 569 2890 754 2976; x_wconf 92' lang='lat' dir='ltr'>plerumque</span> <span class='ocrx_word' id='word_1_225' title='bbox 771 2890 821 2969; x_wconf 86' lang='lat' dir='ltr'>fit,</span> <span class='ocrx_word' id='word_1_226' title='bbox 840 2890 1000 2969; x_wconf 85' lang='lat' dir='ltr'>caderent,</span> <span class='ocrx_word' id='word_1_227' title='bbox 1020 2888 1077 2956; x_wconf 88' lang='lat' dir='ltr'>sed</span> 
     </span>
     <span class='ocr_line' id='line_1_29' title="bbox 67 2983 1110 3072; baseline 0.001 -22"><span class='ocrx_word' id='word_1_228' title='bbox 67 2985 156 3050; x_wconf 86' lang='lat' dir='ltr'>mnia</span> <span class='ocrx_word' id='word_1_229' title='bbox 172 2983 285 3052; x_wconf 89' lang='lat' dir='ltr'>librata</span> <span class='ocrx_word' id='word_1_230' title='bbox 296 2984 486 3071; x_wconf 90' lang='lat' dir='ltr'>ponderibus</span> <span class='ocrx_word' id='word_1_231' title='bbox 501 2985 684 3072; x_wconf 84' lang='lat' dir='ltr'>figerentur3</span> <span class='ocrx_word' id='word_1_232' title='bbox 703 2985 884 3069; x_wconf 87' lang='lat' dir='ltr'>oneratique</span> <span class='ocrx_word' id='word_1_233' title='bbox 897 2986 966 3053; x_wconf 90' lang='lat' dir='ltr'>telis</span> <span class='ocrx_word' id='word_1_234' title='bbox 982 2983 1075 3064; x_wconf 86' lang='lat' dir='ltr'>Galli,</span> <span class='ocrx_word' id='word_1_235' title='bbox 1095 3003 1110 3051; x_wconf 84' lang='lat'><strong>9</strong></span> 
     </span>
     <span class='ocr_line' id='line_1_30' title="bbox 67 3078 1076 3167; baseline -0.003 -22"><span class='ocrx_word' id='word_1_236' title='bbox 67 3078 165 3162; x_wconf 74' lang='lat' dir='ltr'>pibus</span> <span class='ocrx_word' id='word_1_237' title='bbox 183 3087 238 3144; x_wconf 89' lang='lat' dir='ltr'>aut</span> <span class='ocrx_word' id='word_1_238' title='bbox 251 3101 381 3166; x_wconf 92' lang='lat' dir='ltr'>corpora</span> <span class='ocrx_word' id='word_1_239' title='bbox 393 3080 544 3145; x_wconf 87' lang='lat' dir='ltr'>transfixa</span> <span class='ocrx_word' id='word_1_240' title='bbox 557 3088 611 3145; x_wconf 91' lang='lat' dir='ltr'>aut</span> <span class='ocrx_word' id='word_1_241' title='bbox 623 3088 829 3167; x_wconf 88' lang='lat' dir='ltr'>praegravata</span> <span class='ocrx_word' id='word_1_242' title='bbox 841 3079 1076 3145; x_wconf 89' lang='lat' dir='ltr'>inhaerentibus</span> 
     </span>
     <span class='ocr_line' id='line_1_31' title="bbox 67 3171 1075 3260; baseline 0.001 -24"><span class='ocrx_word' id='word_1_243' title='bbox 67 3171 202 3257; x_wconf 65' lang='lat' dir='ltr'>gerebant</span> <span class='ocrx_word' id='word_1_244' title='bbox 220 3182 324 3252; x_wconf 90' lang='lat' dir='ltr'>scuta,</span> <span class='ocrx_word' id='word_1_245' title='bbox 347 3195 420 3239; x_wconf 93' lang='lat' dir='ltr'>cum</span> <span class='ocrx_word' id='word_1_246' title='bbox 438 3196 532 3239; x_wconf 87' lang='lat' dir='ltr'>cursu</span> <span class='ocrx_word' id='word_1_247' title='bbox 547 3196 649 3260; x_wconf 90' lang='lat' dir='ltr'>paene</span> <span class='ocrx_word' id='word_1_248' title='bbox 665 3172 884 3239; x_wconf 25' lang='lat' dir='ltr'>inradversum</span> <span class='ocrx_word' id='word_1_249' title='bbox 906 3171 1075 3248; x_wconf 85' lang='lat' dir='ltr'>subissent,</span> 
     </span>
     <span class='ocr_line' id='line_1_32' title="bbox 67 3264 1127 3354; baseline 0.003 -23"><span class='ocrx_word' id='word_1_250' title='bbox 67 3265 151 3331; x_wconf 85' lang='lat' dir='ltr'>rimo</span> <span class='ocrx_word' id='word_1_251' title='bbox 168 3267 280 3332; x_wconf 85' lang='lat' dir='ltr'>incerti</span> <span class='ocrx_word' id='word_1_252' title='bbox 296 3268 450 3346; x_wconf 89' lang='lat' dir='ltr'>restitere,</span> <span class='ocrx_word' id='word_1_253' title='bbox 469 3268 543 3334; x_wconf 87' lang='lat' dir='ltr'>dein</span> <span class='ocrx_word' id='word_1_254' title='bbox 560 3290 633 3333; x_wconf 93' lang='lat' dir='ltr'>cum</span> <span class='ocrx_word' id='word_1_255' title='bbox 649 3267 720 3354; x_wconf 91' lang='lat' dir='ltr'>ipsa</span> <span class='ocrx_word' id='word_1_256' title='bbox 734 3266 889 3332; x_wconf 91' lang='lat' dir='ltr'>cunctatio</span> <span class='ocrx_word' id='word_1_257' title='bbox 903 3264 996 3332; x_wconf 88' lang='lat' dir='ltr'>ethis</span> <span class='ocrx_word' id='word_1_258' title='bbox 1009 3265 1076 3330; x_wconf 90' lang='lat' dir='ltr'>ani-</span> <span class='ocrx_word' id='word_1_259' title='bbox 1096 3285 1127 3334; x_wconf 89' lang='lat'>10</span> 
     </span>
     <span class='ocr_line' id='line_1_33' title="bbox 67 3361 1077 3448; baseline 0.001 -23"><span class='ocrx_word' id='word_1_260' title='bbox 67 3382 117 3427; x_wconf 82' lang='lat' dir='ltr'>ros</span> <span class='ocrx_word' id='word_1_261' title='bbox 143 3361 311 3428; x_wconf 89' lang='lat' dir='ltr'>minuisset</span> <span class='ocrx_word' id='word_1_262' title='bbox 333 3371 364 3428; x_wconf 90' lang='lat' dir='ltr'>et</span> <span class='ocrx_word' id='word_1_263' title='bbox 385 3363 525 3428; x_wconf 89' lang='lat' dir='ltr'>auxisset</span> <span class='ocrx_word' id='word_1_264' title='bbox 546 3362 643 3442; x_wconf 90' lang='lat' dir='ltr'>hosti,</span> <span class='ocrx_word' id='word_1_265' title='bbox 669 3361 786 3448; x_wconf 89' lang='lat' dir='ltr'>inpulsi</span> <span class='ocrx_word' id='word_1_266' title='bbox 806 3369 889 3427; x_wconf 90' lang='lat' dir='ltr'>retro</span> <span class='ocrx_word' id='word_1_267' title='bbox 910 3382 1002 3428; x_wconf 88' lang='lat' dir='ltr'>ruere</span> <span class='ocrx_word' id='word_1_268' title='bbox 1024 3361 1077 3427; x_wconf 89' lang='lat' dir='ltr'>alii</span> 
     </span>
     <span class='ocr_line' id='line_1_34' title="bbox 67 3455 1076 3543; baseline 0.001 -24"><span class='ocrx_word' id='word_1_269' title='bbox 67 3475 144 3540; x_wconf 88' lang='lat' dir='ltr'>uper</span> <span class='ocrx_word' id='word_1_270' title='bbox 175 3455 254 3522; x_wconf 88' lang='lat' dir='ltr'>alios</span> <span class='ocrx_word' id='word_1_271' title='bbox 286 3467 486 3543; x_wconf 85' lang='lat' dir='ltr'>stragemque</span> <span class='ocrx_word' id='word_1_272' title='bbox 515 3457 596 3522; x_wconf 88' lang='lat' dir='ltr'>inter</span> <span class='ocrx_word' id='word_1_273' title='bbox 626 3478 661 3522; x_wconf 89' lang='lat' dir='ltr'>se</span> <span class='ocrx_word' id='word_1_274' title='bbox 686 3456 783 3522; x_wconf 89' lang='lat' dir='ltr'>caede</span> <span class='ocrx_word' id='word_1_275' title='bbox 808 3455 878 3541; x_wconf 89' lang='lat' dir='ltr'>ipsa</span> <span class='ocrx_word' id='word_1_276' title='bbox 904 3455 1076 3522; x_wconf 82' lang='lat' dir='ltr'>foediorem</span> 
     </span>
     <span class='ocr_line' id='line_1_35' title="bbox 67 3549 1076 3637; baseline 0.003 -23"><span class='ocrx_word' id='word_1_277' title='bbox 67 3570 137 3614; x_wconf 86' lang='lat' dir='ltr'>are:</span> <span class='ocrx_word' id='word_1_278' title='bbox 173 3550 254 3616; x_wconf 88' lang='lat' dir='ltr'>adeo</span> <span class='ocrx_word' id='word_1_279' title='bbox 284 3550 446 3637; x_wconf 86' lang='lat' dir='ltr'>praecipiti</span> <span class='ocrx_word' id='word_1_280' title='bbox 476 3550 567 3617; x_wconf 85' lang='lat' dir='ltr'>turba</span> <span class='ocrx_word' id='word_1_281' title='bbox 598 3549 703 3616; x_wconf 89' lang='lat' dir='ltr'>obtriti</span> <span class='ocrx_word' id='word_1_282' title='bbox 731 3550 837 3637; x_wconf 89' lang='lat' dir='ltr'>plures</span> <span class='ocrx_word' id='word_1_283' title='bbox 867 3572 963 3635; x_wconf 90' lang='lat' dir='ltr'>quam</span> <span class='ocrx_word' id='word_1_284' title='bbox 993 3550 1076 3617; x_wconf 81' lang='lat' dir='ltr'>ferro</span> 
     </span>
     <span class='ocr_line' id='line_1_36' title="bbox 67 3642 337 3708; baseline -0.004 0"><span class='ocrx_word' id='word_1_285' title='bbox 67 3642 163 3708; x_wconf 83' lang='lat' dir='ltr'>ecati.</span> <span class='ocrx_word' id='word_1_286' title='bbox 335 3659 337 3662; x_wconf 73' lang='grc'>’</span> 
     </span>
    </p>

    <p class='ocr_par' dir='ltr' id='par_1_3' title="bbox 67 3735 1109 4111">
     <span class='ocr_line' id='line_1_37' title="bbox 110 3735 1108 3816; baseline 0 -13"><span class='ocrx_word' id='word_1_287' title='bbox 110 3735 269 3803; x_wconf 87' lang='lat' dir='ltr'>XXIIII.</span> <span class='ocrx_word' id='word_1_288' title='bbox 308 3736 452 3807; x_wconf 88' lang='lat' dir='ltr'>Necdum</span> <span class='ocrx_word' id='word_1_289' title='bbox 475 3747 560 3805; x_wconf 84' lang='lat' dir='ltr'>certa</span> <span class='ocrx_word' id='word_1_290' title='bbox 580 3738 733 3806; x_wconf 91' lang='lat' dir='ltr'>Romanis</span> <span class='ocrx_word' id='word_1_291' title='bbox 755 3738 886 3805; x_wconf 86' lang='lat' dir='ltr'>victoria</span> <span class='ocrx_word' id='word_1_292' title='bbox 908 3748 988 3816; x_wconf 92' lang='lat' dir='ltr'>erat,</span> <span class='ocrx_word' id='word_1_293' title='bbox 1016 3737 1108 3803; x_wconf 86' lang='lat' dir='ltr'>aliar</span> 
     </span>
     <span class='ocr_line' id='line_1_38' title="bbox 67 3830 1109 3921; baseline -0.002 -25"><span class='ocrx_word' id='word_1_294' title='bbox 67 3853 78 3896; x_wconf 83' lang='lat'>1</span> <span class='ocrx_word' id='word_1_295' title='bbox 96 3853 246 3918; x_wconf 88' lang='lat' dir='ltr'>campum</span> <span class='ocrx_word' id='word_1_296' title='bbox 263 3831 423 3919; x_wconf 86' lang='lat' dir='ltr'>degressis</span> <span class='ocrx_word' id='word_1_297' title='bbox 441 3843 602 3921; x_wconf 86' lang='lat' dir='ltr'>supererat</span> <span class='ocrx_word' id='word_1_298' title='bbox 618 3833 732 3900; x_wconf 70' lang='lat' dir='ltr'>molest</span> <span class='ocrx_word' id='word_1_299' title='bbox 754 3855 892 3918; x_wconf 86' lang='lat' dir='ltr'>namque</span> <span class='ocrx_word' id='word_1_300' title='bbox 908 3830 1074 3900; x_wconf 90' lang='lat' dir='ltr'>multitudo</span> <span class='ocrx_word' id='word_1_301' title='bbox 1087 3847 1109 3904; x_wconf 78' lang='lat' dir='ltr'>a</span> 
     </span>
     <span class='ocr_line' id='line_1_39' title="bbox 67 3921 1075 4014; baseline -0.005 -23"><span class='ocrx_word' id='word_1_302' title='bbox 67 3922 215 3993; x_wconf 82' lang='lat' dir='ltr'>lallorum</span> <span class='ocrx_word' id='word_1_303' title='bbox 242 3948 371 3993; x_wconf 87' lang='lat' dir='ltr'>sensum</span> <span class='ocrx_word' id='word_1_304' title='bbox 398 3949 523 3995; x_wconf 88' lang='lat' dir='ltr'>omnem</span> <span class='ocrx_word' id='word_1_305' title='bbox 548 3928 619 3995; x_wconf 82' lang='lat' dir='ltr'>talis</span> <span class='ocrx_word' id='word_1_306' title='bbox 645 3927 753 3996; x_wconf 86' lang='lat' dir='ltr'>damni</span> <span class='ocrx_word' id='word_1_307' title='bbox 774 3947 966 4014; x_wconf 86' lang='lat' dir='ltr'>exsuperans</span> <span class='ocrx_word' id='word_1_308' title='bbox 988 3921 1075 3989; x_wconf 88' lang='lat' dir='ltr'>velut</span> 
     </span>
     <span class='ocr_line' id='line_1_40' title="bbox 67 4019 1073 4111; baseline -0.004 -25"><span class='ocrx_word' id='word_1_309' title='bbox 67 4042 129 4086; x_wconf 88' lang='lat' dir='ltr'>ova</span> <span class='ocrx_word' id='word_1_310' title='bbox 159 4043 269 4088; x_wconf 76' lang='lat' dir='ltr'>nurus</span> <span class='ocrx_word' id='word_1_311' title='bbox 301 4021 459 4089; x_wconf 86' lang='lat' dir='ltr'>exoriente</span> <span class='ocrx_word' id='word_1_312' title='bbox 490 4023 557 4090; x_wconf 86' lang='lat' dir='ltr'>acie</span> <span class='ocrx_word' id='word_1_313' title='bbox 582 4023 741 4111; x_wconf 88' lang='lat' dir='ltr'>integrum</span> <span class='ocrx_word' id='word_1_314' title='bbox 765 4023 897 4106; x_wconf 91' lang='lat' dir='ltr'>militem</span> <span class='ocrx_word' id='word_1_315' title='bbox 922 4019 1073 4085; x_wconf 86' lang='lat' dir='ltr'>adversus</span> 
     </span>
    </p>
   </div>
   <div class='ocr_carea' id='block_1_3' title="bbox 0 0 1288 4524">
    <p class='ocr_par' dir='ltr' id='par_1_4' title="bbox 0 0 1288 4524">
     <span class='ocr_line' id='line_1_41' title="bbox 0 0 1288 4524; baseline 0 0"><span class='ocrx_word' id='word_1_316' title='bbox 0 0 1288 4524; x_wconf 95' lang='lat' dir='ltr'> </span> 
     </span>
    </p>
   </div>
  </div>
 </body>
</html>
