2566 4524
380 265 498 322 omns
513 266 555 337 x,
574 268 599 323 9.
618 264 766 336 [aeaco
779 267 843 338 999]
1062 258 1128 325 903

112 435 227 514 accepta
248 433 306 491 est
349 424 513 510 pontifices
541 433 685 490 creantur
711 447 822 492 suasor
846 424 926 512 legis
947 425 987 493 P.
1004 426 1161 502 Deciusa

109 518 183 601 Mus,
201 519 241 587 P.
256 517 462 606 Sempronius
481 517 620 605 Sophus,
640 517 679 584 C.
692 515 834 585 Marcius
851 519 989 600 Rutilus,
1007 520 1055 588 M.
1068 523 1129 589 Li-

108 616 167 682 vius
175 614 308 694 Denter,
322 613 460 699 quinque
478 635 614 700 augures
632 612 707 679 item
720 613 760 679 de
776 613 883 700 plebe:
903 613 941 681 C.
953 613 1126 696 Genucius,

104 711 136 778 Ρ.
151 709 267 778 Aelius
283 709 418 789 Paetus,
441 708 490 776 M.
508 708 671 775 Minucius
687 708 826 790 Faesus,
850 709 888 776 C.
906 711 1062 791 Marcius,
1086 711 1125 779 Τ.

102 805 263 874 Publilius.
298 806 345 872 ita
361 815 432 873 octo
448 804 647 892 pontificum,
665 828 781 872 novem
798 830 954 894 augurum
975 832 1126 878 numerus

100 900 208 971 saon.

153 994 281 1064 Eodem
293 1017 376 1063 anno
389 995 437 1062 M.
446 992 594 1062 Valerius
608 994 719 1061 consul
736 995 775 1061 de
787 998 1009 1083 provocatione
1021 998 1126 1086 legem
1145 1020 1160 1068 a

98 1090 166 1157 tulit
178 1089 362 1178 diligentius
380 1100 532 1157 sanctam.
563 1090 654 1157 tertio
669 1112 707 1156 ea
719 1099 787 1157 tum
803 1101 877 1178 post
892 1114 984 1179 reges
999 1104 1126 1161 exactos

97 1184 159 1252 lata
176 1194 226 1252 est
244 1207 401 1272 sempera
415 1185 536 1251 familia
553 1185 673 1251 eadem.
701 1206 829 1251 causam
845 1187 1045 1254 renovandae
1059 1211 1127 1255 sae-
1144 1210 1161 1258 4

96 1281 167 1369 pius
194 1281 281 1348 haud
306 1282 401 1347 aliam
422 1281 523 1348 fuisse
544 1303 615 1348 reor
636 1302 731 1367 quam
753 1282 838 1366 quod
859 1280 932 1368 plus
954 1304 1128 1370 paucorum

96 1399 172 1465 opes
192 1399 288 1463 quam
304 1376 434 1444 libertas
451 1375 552 1464 plebis
570 1385 701 1463 poterat.
736 1375 851 1444 Porcia
867 1388 973 1445 tamen
990 1379 1043 1446 ler'r
1060 1380 1128 1446 sola

94 1494 152 1560 pro
169 1480 261 1560 tergo
279 1471 396 1538 civium
412 1470 476 1538 lata
492 1470 630 1549 videtur,
652 1471 738 1556 quod
758 1473 850 1559 gravi
869 1496 986 1560 poena,
1010 1474 1127 1558 siquis

94 1565 295 1634 verberasset
315 1575 499 1634 necassetve
517 1567 619 1632 civem
635 1565 828 1646 Romanum,
852 1569 964 1636 sanxit
999 1567 1162 1640 Valeriae

94 1660 148 1728 lex
169 1682 244 1728 cum
266 1683 338 1728 eum
360 1661 416 1747 qni
436 1671 640 1749 provocasset
657 1661 756 1749 virgis
779 1662 868 1728 caedi
890 1664 1055 1749 securique
1072 1688 1128 1730 ne-

96 1756 160 1822 cari
186 1756 352 1834 vetuisset,
380 1756 407 1822 si
433 1756 504 1840 quis
531 1756 683 1823 adversus
711 1778 749 1822 ea
775 1757 915 1835 fecisset,
942 1752 1020 1823 nihil
1046 1759 1128 1825 ultra

94 1873 193 1936 quam
211 1849 356 1938 ‘inprobe
373 1849 505 1917 factum'
523 1850 645 1916 adiecit.
681 1851 728 1930 id,
747 1852 887 1935 quitum
907 1854 1010 1938 pudor
1027 1852 1161 1924 homi-e

94 1968 173 2012 num
186 1955 263 2025 erat,
277 1945 382 2012 visum
396 1945 490 2012 credo
503 1944 664 2012 vinculum
681 1945 757 2012 satis
770 1946 911 2012 validum
928 1947 1017 2034 legis.
1044 1971 1128 2014 nune

94 2042 149 2108 vix
167 2063 280 2108 servus
298 2063 352 2108 ero
368 2041 413 2107 ita
429 2040 565 2108 minetur
581 2041 759 2126 quisquam.

147 2135 290 2216 ,Bellum
312 2135 353 2202 nb
376 2136 486 2202 eodem
509 2133 638 2202 consule
660 2136 904 2221 haudquaquam
925 2139 1161 2208 memorabiles

94 2230 252 2297 adversus
269 2229 458 2298 rebellantes
474 2227 618 2313 Aequos,
637 2250 710 2294 cum
727 2240 850 2315 praeter
867 2232 988 2297 animos
1005 2233 1127 2298 feroces

93 2323 178 2390 nihil
195 2346 235 2391 ex
251 2324 381 2410 antiqua
396 2324 524 2391 fortuna
540 2322 702 2402 haberent,
720 2323 846 2410 gestum
864 2335 922 2389 est.
959 2324 1038 2389 alter
1054 2346 1129 2390 con·
1145 2344 1176 2411 a

96 2419 148 2486 sul
164 2417 323 2507 Apuleius
340 2420 375 2485 in
391 2417 528 2486 Umbria
543 2415 725 2502 Nequinum
746 2417 897 2504 oppidum
919 2417 1127 2504 circumsedit.

95 2515 187 2582 loeus
205 2525 272 2582 erat
288 2516 406 2582 arduus
424 2525 519 2600 atque
535 2514 570 2580 in
585 2523 674 2602 parte
696 2536 760 2579 una
780 2535 946 2600 praeceps,
968 2513 1024 2580 ubi
1045 2537 1129 2580 nunc

95 2609 217 2678 Narnia
235 2610 296 2678 sita
312 2620 375 2689 est,
397 2631 457 2677 nec
473 2611 507 2675 vi
522 2632 582 2676 nec
598 2609 793 2675 munimento
811 2610 882 2696 capi
902 2618 1034 2695 poterat.
1070 2610 1129 2675 ita-
1146 2627 1161 2675 9

94 2728 160 2791 qus
187 2727 259 2772 eam
284 2704 435 2772 infectam
459 2726 527 2770 rem
548 2702 596 2770 M.
619 2702 752 2770 Fulvius
773 2702 907 2782 Paetus,
930 2703 969 2769 Τ.
987 2701 1128 2769 Manlius

97 2801 282 2885 Torquatus
299 2799 375 2866 novi
392 2798 538 2865 consules
556 2808 753 2886 acceperunt.
779 2799 815 2864 in
832 2821 904 2866 eum
922 2822 1038 2865 annum
1057 2821 1129 2864 cum
1149 2817 1181 2866 10

96 2893 141 2978 Q.
159 2892 298 2961 Fabium
319 2893 481 2959 consulem
503 2915 566 2960 non
587 2902 746 2980 petentem
769 2917 878 2960 omnes
901 2894 1040 2961 dicerent
1057 2917 1130 2961 cen-

97 2990 215 3067 turiae,
237 2987 344 3076 ipsum
361 2998 521 3055 auctorem
538 2986 639 3053 fuisse
655 2985 768 3053 Macer
783 2988 928 3053 Licinius
946 3010 985 3055 ac
1002 2988 1130 3055 Tubero

97 3085 229 3150 tradunt
246 3082 413 3148 differendi
430 3079 492 3148 sibi
509 3080 691 3147 consulatus
704 3081 738 3146 in
750 3079 980 3146 bellicosiorem
998 3103 1129 3146 annum:

97 3201 138 3246 eo
160 3199 246 3244 anno
268 3176 379 3243 maiori
400 3198 435 3243 se
460 3176 534 3242 usui
558 3175 604 3241 rei
629 3172 774 3262 publicae
800 3173 868 3240 fore
894 3173 1014 3239 urbano
1040 3183 1131 3260 gesto
1150 3194 1181 3242 11

96 3272 298 3361 magistratu.
333 3273 379 3337 ita
399 3292 459 3337 uec
475 3269 741 3348 dissimulantem,
759 3268 836 3354 quid
853 3267 974 3347 mallet,
996 3289 1055 3334 nec
1075 3289 1132 3353 pe-

96 3377 221 3434 tentem
242 3377 349 3432 tamen
370 3364 505 3431 aedilem
529 3363 670 3430 curulem
692 3385 766 3429 cum
785 3363 828 3428 L.
846 3361 974 3448 Papirio
993 3360 1131 3428 Cursore

97 3462 233 3528 factum.
276 3460 310 3525 id
335 3482 376 3526 ne
405 3467 575 3546 procerte
600 3479 765 3544 ponerem,
791 3457 944 3522 vetustior
972 3457 1132 3523 annalium
1151 3477 1183 3526 12

96 3566 212 3624 auctor
236 3553 315 3621 Piso
341 3554 459 3632 effecit,
485 3552 541 3637 qui
566 3575 604 3619 eo
631 3574 713 3619 anno
739 3551 855 3618 aediles
882 3551 1006 3619 curules
1032 3551 1132 3619 fuisse

96 3650 197 3718 tradit
224 3649 285 3717 Cn.
302 3648 481 3716 Domitium
507 3648 568 3716 Cn.
585 3648 610 3715 f.
629 3647 797 3714 Calvinum
824 3658 856 3713 et
883 3645 940 3736 sp.
960 3647 1133 3716 Carvilium

97 3745 143 3829 Q.
159 3744 183 3810 f.
197 3743 387 3811 Maximum.
417 3743 452 3809 id
469 3744 563 3811 credo
581 3764 756 3831 cognomen
773 3763 910 3809 errorem
927 3743 960 3808 in
978 3742 1131 3808 aedilibus
1152 3760 1182 3808 13

97 3839 219 3906 fecisse
242 3848 443 3923 secutamque
465 3837 607 3904 fabulam
629 3838 761 3904 mixtam
778 3859 819 3904 ex
836 3837 986 3904 aediliciis
1005 3845 1036 3901 et
1058 3856 1132 3899 con-

97 3932 262 4000 sularibus
277 3933 411 3999 comitiis
424 3933 661 4000 convenientem
675 3933 781 3999 errori.
808 3942 839 3998 et
851 3931 985 3997 lustrum
998 3951 1036 3994 eo
1049 3951 1132 3993 anno
1151 3948 1183 3996 14

95 4027 266 4095 conditum
283 4049 303 4093 a
316 4025 354 4091 P.
365 4024 552 4113 Sempronio
567 4025 676 4114 Sopho
695 4037 726 4093 et
739 4026 777 4092 P.
789 4024 930 4112 Sulpicio
945 4020 1132 4089 Saverrione
