2566 4524
267 255 386 309 mana
403 255 476 324 1111,
495 256 536 310 ιι.
550 255 591 310 14.
611 255 831 327 [aceretae]
1004 249 1076 347 207Ι

61 415 88 478 ic
100 412 262 479 Minucius
277 414 409 479 eandem
425 414 628 500 reipublicae
642 414 833 480 curationem
847 439 954 503 agens,
973 437 1102 502 quam.8

61 509 173 574 dachus
183 508 329 593 privatim
339 509 494 594 agendam
505 523 693 595 susceperat
712 510 965 596 cummutraque
975 513 1068 579 domo

61 626 134 688 genus
152 603 239 666 idem
256 602 419 667 hominum
436 617 623 681 versaretur,
641 626 709 668 rem
723 616 904 690 conpertam
921 605 962 670 ad
976 630 1068 672 sena-

61 721 106 762 um
120 697 225 773 refert,
245 686 333 761 tela
324 721 357 761 m
374 697 502 762 domum
516 697 627 763 Maelii
645 698 780 763 conferri
798 722 931 784 eumque
950 700 1100 770 contio-t

61 815 98 857 ies
114 792 195 856 domi
212 791 329 857 habere
347 813 385 856 ac
402 815 465 857 non
482 792 578 857 dubia
592 815 682 901 regni
672 793 826 859 consilia
840 816 925 873 esse3
943 805 1066 883 tempus

61 886 177 972 igendae
195 908 242 950 rer
232 886 398 950 nondum
418 898 513 964 stare,
542 900 645 951 cetera
667 887 731 951 iam
753 889 939 954 convenisse
961 901 992 954 et
1013 890 1068 954 tri-

61 988 138 1045 tuuos
160 980 305 1045 mercede
328 990 450 1065 emptos
473 981 514 1045 ad
536 981 729 1065 prodendam
750 981 874 1046 libertat
862 993 926 1047 tem
944 993 975 1048 et
996 1007 1068 1070 par-

61 1073 98 1138 ita
113 1074 243 1138 ducibus
262 1075 470 1138 multitudinis
488 1075 661 1140 ministeria
679 1098 758 1141 esse.
796 1077 895 1142 serius
914 1099 948 1142 se
965 1100 1067 1163 paene

61 1189 133 1252 pam
150 1180 252 1232 tutum
270 1168 376 1248 fuerit,
399 1191 440 1234 ne
458 1170 547 1234 cuius
565 1170 675 1234 incerti
692 1171 827 1256 vanique
846 1181 955 1236 auctor
971 1181 1065 1250 esset,

61 1283 88 1326 ea
102 1264 227 1327 deferre.

110 1355 192 1439 Quae
201 1368 370 1443 postquam
379 1368 453 1423 sunt
462 1359 568 1423 audita
577 1369 608 1423 et
622 1360 758 1442 undique
774 1360 927 1445 primores
941 1369 1066 1445 patrum
1085 1381 1117 1429 ιο

61 1459 79 1514 ιι
93 1452 195 1536 prioris
213 1453 288 1516 anni
306 1453 449 1518 consules
467 1453 676 1538 increparent,
701 1455 786 1538 quod
808 1476 861 1519 eas
883 1454 1066 1540 largitiones

61 1560 206 1631 coetusque
227 1547 330 1633 plebis
349 1549 381 1611 in
398 1548 520 1633 privata
539 1548 632 1614 domo
650 1549 737 1634 passi
751 1562 857 1614 essent
869 1549 946 1628 fieri,
966 1563 997 1615 et
1010 1573 1068 1615 no·

61 1660 101 1704 ros
117 1642 266 1718 consules,
286 1642 372 1725 quod
385 1654 631 1728 exspectassent,
650 1644 751 1708 donec
765 1668 784 1709 a
796 1644 956 1730 praefecto
969 1667 1067 1710 anno-

61 1754 102 1797 nae
116 1745 266 1799 tantares
286 1737 326 1799 ad
345 1750 488 1800 senatum
506 1737 692 1814 deferretur,
720 1760 800 1820 quae
824 1738 984 1802 consulem
1001 1761 1066 1803 non

61 1839 194 1894 auctorem
221 1829 324 1893 solum
351 1831 555 1908 desideraret,
587 1832 644 1895 sed
671 1831 765 1895 etiam
791 1831 962 1895 vindicem.
998 1843 1066 1895 tum
1085 1853 1115 1899 11

61 1918 204 2005 Quinctius
230 1925 407 1991 consules
398 1927 542 1992 inmerito
564 1926 718 2012 increpari
740 1927 797 2005 ait,
825 1928 879 2010 qui
906 1928 1065 1992 constricti

61 2011 160 2102 legibus
182 2021 221 2084 de
242 2021 465 2105 provocatione
487 2021 528 2085 ad
550 2021 818 2086 dissolvendum
809 2022 975 2107 imperium
992 2022 1064 2087 latis

61 2132 232 2198 nequaquam
251 2128 318 2180 ttan
318 2139 373 2179 um
390 2116 504 2180 virium
521 2117 555 2180 in
572 2117 759 2202 magistratu
777 2117 818 2181 ad
836 2140 906 2182 eam
922 2140 989 2182 rem
1008 2140 1065 2203 pro

61 2209 196 2275 rnoeiate
221 2210 456 2288 vindicandam,
483 2222 636 2294 quantum
663 2211 758 2274 animi
784 2210 944 2274 haberent.
985 2233 1066 2295 opus

61 2320 112 2369 ttae
131 2328 191 2369 non
213 2306 287 2370 forti
309 2306 411 2369 solum
433 2305 514 2382 viro,
543 2305 599 2369 sed
621 2304 715 2368 etiam
737 2303 835 2368 libero
862 2304 1066 2388 exsolutoque

61 2392 271 2484 tgmvinetis.
294 2401 400 2483 itaque
414 2422 448 2464 se
458 2400 642 2463 dictatorem
650 2399 691 2462 L.
703 2396 886 2479 Quinctium
900 2397 1065 2476 dicturum,
1086 2419 1117 2465 12

61 2486 91 2557 bi
111 2495 245 2559 animum
271 2517 380 2580 parem
406 2504 511 2559 tantae
533 2493 681 2578 potestati
703 2514 782 2556 esse.
819 2490 1065 2576 adprobantibus

61 2590 157 2655 metis
174 2589 275 2674 primo
289 2588 456 2671 Quinctius
476 2588 612 2653 abnuere
631 2598 662 2650 et
679 2586 755 2669 quid
774 2584 834 2650 sibi
850 2585 966 2649 vellent
983 2585 1067 2671 rogi-

61 2684 120 2761 tre,
143 2685 197 2768 qui
225 2706 258 2749 se
284 2696 386 2749 aetate
413 2695 523 2748 exacta
549 2692 653 2747 tantae
680 2681 872 2746 dimicationi
898 2679 1064 2745 obicerent.

61 2770 125 2858 lein,
152 2800 224 2842 cum
241 2778 379 2862 undique
396 2777 468 2863 plus
491 2778 523 2840 in
545 2777 599 2841 illo
623 2776 714 2842 senili
735 2774 841 2840 animo
858 2798 922 2840 non
945 2775 1067 2840 consilii
1086 2793 1118 2842 13

61 2873 143 2950 uodo,
162 2873 328 2938 sedetiam
347 2872 470 2936 virtutis
490 2894 559 2936 esse
577 2894 673 2955 quam
689 2871 722 2934 in
740 2870 885 2936 omnibus
900 2870 968 2934 aliis
983 2869 1068 2934 dice-

61 2980 109 3031 unt
128 2968 334 3052 laudibusque
352 2968 438 3033 haud
460 2967 611 3031 inmeritis
629 2978 792 3032 onerarent
811 2980 841 3030 et
863 2965 972 3029 consul
990 2965 1068 3028 nihil

61 3061 221 3141 remitteret,
242 3072 388 3149 precatus
407 3063 534 3126 tandem
551 3062 627 3126 deos
649 3060 829 3124 inmortales
849 3058 1065 3135 Cincinnatus,
1086 3078 1118 3125 14

61 3173 90 3217 ue
109 3166 242 3222 senectus
267 3179 325 3221 sua
346 3157 381 3220 in
402 3167 466 3220 tam
485 3156 614 3241 trepidis
636 3154 730 3219 rebus
750 3155 864 3217 damno
883 3151 1066 3215 dedecorive

61 3247 90 3311 ei
104 3249 242 3335 publicae
261 3259 359 3327 esset,
378 3251 509 3314 dictator
527 3274 546 3314 a
564 3248 691 3314 consule
710 3246 831 3311 dicitur.
866 3247 935 3331 ipse
953 3244 1067 3309 deinde

61 3338 83 3409 l.
100 3342 265 3410 Servilium
283 3344 421 3410 Ahalam
439 3345 625 3430 magistrum
643 3344 783 3426 equitum
801 3341 885 3405 dicit.

102 3437 219 3503 XIIII.
249 3439 382 3504 Postero
401 3439 451 3504 die
470 3438 631 3525 dispositis
649 3436 812 3523 praesidiis
827 3458 899 3500 cum
916 3435 949 3499 in
962 3433 1067 3498 forum
1086 3455 1099 3501 1

61 3528 252 3599 bscendisset
269 3556 481 3616 conversaque
498 3535 531 3598 in
550 3557 621 3598 eum
639 3531 729 3616 plebs
747 3530 884 3595 novitate
897 3530 942 3594 rei
959 3551 996 3594 ac
1009 3529 1068 3593 mi-

61 3628 142 3693 aculo
161 3638 246 3693 esset
264 3639 295 3692 et
307 3627 457 3692 Maeliani
475 3639 567 3710 atque
585 3629 653 3713 ipse
672 3627 736 3689 dux
754 3648 861 3690 eorum
873 3625 907 3688 in
920 3647 954 3688 se
967 3623 1068 3687 inten-

61 3722 176 3786 tmvim
185 3721 263 3786 tanti
275 3721 397 3806 imperii
412 3734 581 3798 cernerent,
601 3733 744 3806 expertes
755 3718 954 3784 consiliorum
967 3717 1066 3803 regni,
1083 3735 1100 3787 a

61 3815 267 3896 ¹nittrmultus,
285 3815 371 3898 quod
384 3814 501 3879 bellum
513 3837 626 3900 repens
641 3826 695 3878 aut
709 3815 905 3879 dictatoriam
921 3811 1068 3875 maiesta-

61 3928 102 3972 ιιι
117 3922 173 3976 aut
187 3909 371 3992 Quinctium
387 3920 460 3996 post
479 3910 706 3995 octogesimum
723 3932 840 3974 annum
852 3921 1004 3972 rectorem
1021 3902 1068 3966 rei

61 4002 183 4070 ublicae
192 4006 379 4090 quaesisset,
388 4004 568 4092 rogitarent,
582 4004 699 4070 missus
708 4003 748 4069 ab
758 4004 906 4068 dictatore
914 3996 1065 4066 Servilius
1083 4015 1101 4067 8
