2566 4524
146 257 210 324 502
395 264 515 325 umus
530 265 572 338 X,
590 265 616 323 8.
629 264 657 322 9.
676 259 931 335 [amalsbislbb]

149 428 190 496 sit
211 449 308 494 causa
328 424 530 514 patriciorum
552 423 592 489 de
614 421 797 491 sacerdotiis
820 429 852 486 et
872 443 940 487 non
961 420 1027 488 iam
1046 420 1080 487 in
1102 428 1166 508 pos·

113 521 290 590 acessione
311 520 406 587 unius
432 517 619 607 amplissimi
645 516 745 583 simus
768 514 960 582 sacerdotii?
985 515 1166 582 decemviros

149 616 246 685 sacris
276 613 447 692 faciundis,
474 612 648 679 carminum
675 609 816 698 Sibyllae
843 633 881 677 ac
908 609 1048 677 fatorum
1072 610 1168 698 populi

148 710 243 777 huius
261 709 459 796 interpretes,
478 706 633 773 antistites
652 706 780 772 eosdem
797 703 996 792 Apollinaris
1015 705 1095 772 sacri
1109 727 1169 771 cae·
1218 706 1220 717 '

115 804 414 888 alimoniarumque
436 800 568 868 aliarum
593 799 734 888 plebeios
756 799 910 866 videmus.
951 821 1014 866 nec
1035 809 1091 866 aut
1114 809 1170 865 turn

148 895 288 986 patriciis
306 895 371 962 ulla
386 894 500 961 iniuria
516 893 602 961 facta
619 903 676 973 est,
696 915 769 959 cum
785 892 926 961 duoviris
945 893 1046 960 sacris
1065 893 1171 960 faciun-

150 991 199 1058 dis
218 990 359 1057 adiectus
378 998 427 1056 est
448 997 575 1076 propter
594 986 735 1076 plebeios
753 1009 914 1066 numerus,
933 998 967 1055 et
983 1009 1072 1055 nunc
1088 985 1170 1053 tribu·

149 1109 226 1166 nus,
247 1085 297 1151 vir
313 1083 403 1152 fortis
421 1106 458 1151 ac
477 1092 637 1162 strenuus,
656 1083 795 1168 quinque
816 1106 976 1171 augurum
994 1084 1077 1163 loca,
1094 1095 1172 1168 quat·

115 1205 133 1253 4
151 1191 222 1248 tuor
242 1178 427 1267 pontificum
448 1178 575 1256 adiecit,
598 1178 632 1243 in
649 1198 730 1263 quae
746 1177 863 1265 plebeii
879 1178 1099 1259 nominentur,
1120 1199 1174 1243 non

150 1285 187 1342 ut
207 1297 279 1353 vos,
302 1272 404 1360 Appi,
428 1281 534 1340 vestro
559 1272 629 1338 loco
654 1271 786 1358 pellant,
813 1271 870 1338 sed
891 1282 928 1339 ut
949 1273 1103 1341 adiuvent
1126 1293 1174 1337 vos

147 1369 292 1437 homines
318 1367 434 1455 plebeii
459 1366 573 1432 divinis
595 1387 719 1451 quoquc
740 1363 835 1432 rebus
857 1367 1083 1453 procurandis,
1105 1366 1176 1431 sicut

116 1465 183 1535 cin
209 1463 320 1530 ceteris
346 1461 492 1529 humanis
518 1483 576 1548 pro
600 1469 689 1547 parte
715 1460 796 1528 virili
821 1461 984 1528 adiuvant
1024 1461 1091 1529 noli
1115 1482 1175 1527 eru-

149 1558 292 1637 bescere,
315 1555 417 1643 Appi,
442 1555 597 1644 collegam
618 1555 652 1621 in
674 1555 848 1623 sacerdotio
872 1554 1008 1636 habere,
1031 1554 1176 1643 quemin

149 1673 292 1730 censura,
306 1671 402 1736 quem
418 1651 452 1716 in
466 1651 630 1718 consulatu
643 1649 796 1738 collegam
808 1648 925 1717 habere
937 1650 1082 1737 potuisti,
1096 1650 1176 1718 cuim

149 1755 215 1812 tam
237 1745 397 1813 dictatoris
419 1746 570 1834 magister
591 1745 732 1830 equitum
753 1766 849 1830 quam
875 1745 1023 1834 maginni
1044 1745 1176 1831 equitum

116 1862 133 1916 a
149 1844 283 1910 dictator
300 1864 377 1909 esse¹
388 1852 488 1929 potes.
525 1840 680 1910 Sabinum
697 1841 862 1920 advenam
879 1840 1059 1928 principem
1075 1839 1177 1909 nobili-

149 1939 207 2003 tati
224 1947 357 2016 vestrae,
377 1961 434 2004 seu
450 1935 564 2002 Attum
583 1935 736 2004 Clausum
755 1958 812 2003 seu
829 1934 915 2023 App.
927 1933 1104 2003 Claudium
1120 1959 1177 2003 ma·

149 2031 259 2109 vultis,
281 2030 328 2095 illi
350 2031 469 2115 antiqui
489 2030 612 2116 patricii
633 2030 776 2097 insnum
794 2051 962 2097 numerum
981 2039 1176 2120 acceperunt:

117 2148 132 2198 t
149 2145 189 2189 ne
203 2123 383 2202 fastidieris,
397 2144 455 2190 nos
469 2123 503 2190 in
516 2125 713 2191 sacerdotum
730 2147 895 2191 numerum
909 2125 1065 2212 accipere.
1089 2125 1177 2192 multa

150 2217 317 2285 nobiscum
331 2219 446 2285 decora
464 2217 645 2299 adferimus,
664 2218 761 2285 immo
779 2218 884 2286 omnia
897 2220 1022 2300 eadem,
1033 2243 1116 2307 quae
1128 2243 1178 2286 vos

116 2332 133 2384 8
152 2313 304 2400 superbos
322 2313 478 2380 fecerunt:
497 2312 538 2378 L.
552 2310 680 2380 Sextius
698 2313 819 2400 primus
837 2313 876 2378 de
893 2313 989 2399 plebe
1008 2314 1123 2382 consul
1138 2323 1178 2380 est

67 2404 70 2410 ’
149 2409 267 2487 factus,
292 2406 331 2474 (l.
349 2408 493 2474 Licinius
522 2405 612 2475 Stolo
637 2407 757 2494 primus
784 2409 936 2496 magister
962 2411 1123 2494 equitum,
1146 2407 1177 2475 C.

147 2500 290 2568 Marcius
302 2501 430 2569 Rutilus
448 2502 567 2589 primus
586 2510 618 2567 et
635 2502 768 2568 dictator
785 2514 816 2568 et
834 2525 954 2581 censor,
972 2503 1015 2587 Q.
1026 2503 1177 2572 Publilius

115 2595 242 2670 9Philo
267 2597 387 2683 primus
413 2605 546 2682 praetor.
589 2617 712 2682 semper
737 2596 799 2662 ista
824 2596 932 2661 audita
958 2607 1036 2663 sunt
1065 2601 1186 2689 eadem,

147 2713 245 2776 penes
268 2713 326 2757 vos
349 2690 490 2776 auspicia
512 2713 596 2768 esse,
619 2713 677 2757 vos
704 2690 788 2756 solos
815 2700 944 2779 gentem
971 2692 1108 2772 habere,
1130 2714 1178 2758 vos

149 2785 233 2849 solos
263 2785 382 2848 iustum
411 2784 577 2870 imperium
604 2794 635 2849 et
661 2783 837 2870 auspicium
864 2784 950 2851 domi
978 2787 1177 2871 militiaeque

99 2898 132 2948 10
149 2898 250 2960 aeque
268 2876 371 2942 adhuc
388 2898 573 2964 prosperum
591 2877 748 2965 plebeium
762 2888 793 2944 et
811 2879 980 2965 patricium
998 2880 1062 2947 tuit
1080 2903 1179 2969 porro·

149 2992 211 3055 que
233 2969 305 3049 erit,
325 2968 475 3054 Quirites.
512 2995 551 3037 en
573 2995 723 3057 umquam
745 2972 842 3040 fando
861 2973 1013 3052 audistis,
1037 2974 1179 3062 patricios

149 3065 252 3151 primo
270 3087 341 3133 esse
358 3066 459 3132 factos
478 3067 600 3132 nonde
618 3067 704 3134 caelo
723 3067 892 3146 demissos,
913 3069 971 3134 sed
990 3070 1048 3154 qui
1066 3079 1180 3157 paren

100 3180 130 3230 11
151 3160 232 3225 ciere
255 3171 397 3247 possent,
421 3161 455 3226 id
477 3161 623 3227 estnihil
645 3163 727 3227 ultra
743 3184 839 3247 quam
856 3163 1038 3250 ingenuos?
1074 3187 1181 3233 consu·

146 3255 209 3321 lem
227 3257 290 3322 iam
307 3266 429 3343 patrem
447 3257 528 3324 ciere
544 3279 675 3343 possum
696 3280 853 3343 avumque
874 3260 940 3324 iam
963 3263 1087 3346 poterit
1105 3262 1180 3329 filins

147 3371 246 3415 meus.
283 3352 362 3417 nihil
384 3361 432 3418 est
454 3352 540 3417 aliud
560 3353 594 3416 in
615 3374 663 3430 re,
683 3350 839 3436 Quirites,
861 3354 923 3420 nisi
946 3365 983 3420 ut
1008 3358 1119 3424 omnia
1134 3377 1181 3423 ne·

146 3451 222 3530 gata
244 3445 462 3531 adipiscamur.
508 3455 665 3513 certamen
687 3456 808 3512 tantum
834 3448 959 3534 patricii
987 3460 1106 3538 petunt
1129 3471 1180 3517 nec

96 3555 129 3606 12
147 3546 272 3616 curant,
299 3559 394 3622 quem
421 3547 568 3606 eventum
594 3541 797 3606 certaminum
824 3541 973 3610 habeant.
1017 3569 1081 3634 ego
1107 3546 1181 3612 hanc

145 3627 265 3715 legem,
292 3633 377 3715 quod
405 3633 524 3699 bonum
549 3633 689 3700 faustum
715 3635 854 3720 felixque
881 3636 924 3702 sit
950 3638 1048 3707 vobis
1077 3663 1115 3707 aa
1139 3636 1180 3706 rei

146 3721 302 3811 publicae,
321 3725 367 3790 uti
383 3748 478 3812 rogas
496 3726 667 3793 iubendam
684 3728 817 3795 censeo?

114 3838 128 3886 1
211 3817 323 3884 VIIII.
360 3816 483 3886 Vocare
500 3820 601 3888 tribus
619 3821 776 3910 extemplo
797 3825 936 3911 populus
958 3827 1109 3910 iubebat,
1130 3849 1179 3914 ap·

146 3911 338 3999 parebatque
356 3913 457 4001 accipi
473 3914 590 4003 legem:
609 3915 661 3983 ille
679 3926 784 3983 tamen
802 3919 870 3985 dies
887 3920 1120 3992 intercessione
1137 3931 1178 3988 est

147 4004 299 4074 sublatus.
334 4017 461 4096 postero
479 4008 530 4075 die
548 4009 703 4078 deterritis
721 4011 854 4079 tribunis
877 4013 1003 4104 ingenti
1027 4036 1178 4086 consensu
