2566 4524
300 249 418 304 mana
434 248 896 322 1111,46-48.[a.o418-41c]
1047 241 1111 306 237

79 408 313 497 providentiam
329 407 362 472 in
380 429 413 472 re
430 406 557 494 publica
574 429 647 471 cum
663 409 771 473 multis
785 409 854 474 aliis
872 411 1110 496 tempestatibus

80 517 149 569 ante
167 515 299 588 experta
316 502 426 566 civitas
445 513 521 579 erat,
540 511 607 565 tum
625 514 740 568 eventu
758 504 826 567 eius
845 502 932 580 belli,
952 506 1037 588 quod
1054 505 1111 570 uni

81 613 237 665 certamen
260 597 455 662 tribunorum
481 608 664 682 suspectum
686 609 758 663 ante
785 622 852 663 rem
879 600 961 663 male
986 613 1109 685 gestam

81 693 195 769 fuerat3
223 693 375 778 magistro
393 691 533 775 equitum
551 705 669 769 creato,
697 715 717 756 a
734 714 797 776 quo
814 694 882 778 ipse
906 692 1030 758 tribuno
1053 695 1110 758 mi-
1130 715 1161 763 11

83 787 167 851 litum
186 787 320 851 dictator
338 799 403 850 erat
416 786 528 862 dictus,
548 785 612 849 filio
626 808 684 850 suo
697 824 739 834 -
753 797 788 850 ut
805 787 958 852 tradidere
972 789 1109 871 quidam,

81 905 150 946 nam
173 881 228 946 alii
246 879 384 945 Ahalam
404 877 574 946 Servilium
596 881 782 965 magistrum
804 882 945 964 equitum
968 904 1005 946 eo
1028 905 1111 947 anno

81 976 179 1041 fuisse
199 975 398 1041 scribunt-
416 996 498 1039 novo
516 973 655 1038 exercitu
672 975 831 1059 profectus
850 975 891 1040 ad
909 976 1039 1053 bellum,
1059 999 1112 1042 ac-
1131 996 1162 1045 12

81 1072 147 1134 citis
166 1072 221 1154 qui
240 1070 372 1134 Tusculi
390 1079 488 1146 erant,
507 1068 570 1133 duo
588 1069 674 1132 milia
691 1091 821 1154 passum
840 1069 879 1134 ab
898 1069 987 1134 hoste
1006 1071 1111 1152 locum

82 1166 192 1229 castris
211 1166 304 1249 cepit.

146 1257 371 1324 XXXXVII.
403 1257 585 1322 Transierat
599 1280 686 1322 exre
699 1256 779 1322 bene
793 1269 884 1343 gesta
898 1258 1045 1344 superbia
1057 1281 1113 1323 ue·
1132 1280 1146 1327 1

82 1354 301 1441 glegentiaque
319 1353 359 1417 ad
372 1351 513 1436 Aequos,
533 1374 613 1436 quae
630 1352 663 1415 in
677 1351 829 1416 Romanis
848 1353 981 1417 ducibus
1000 1353 1111 1418 fuerat.

80 1450 186 1532 itaque
204 1448 305 1533 primo
324 1448 428 1512 statim
446 1445 564 1531 proelio
583 1467 655 1510 cum
673 1446 806 1509 dictator
823 1448 964 1530 equitatu
981 1448 1112 1511 inmisso
1130 1467 1146 1514 2

83 1544 304 1627 antesignanos
327 1541 464 1605 hostium
483 1539 654 1617 turbasset,
681 1539 842 1625 legionum
864 1540 938 1605 inde
956 1542 1048 1626 signa
1064 1543 1113 1604 in-

82 1638 155 1702 fem'
172 1657 304 1722 propere
322 1635 413 1698 iussit
431 1633 679 1718 signiferumque
697 1657 737 1698 ex
760 1636 826 1699 suis
844 1658 942 1699 unum
965 1648 1113 1700 cunctan-

83 1747 145 1796 tem
163 1731 287 1796 occidit.
315 1743 420 1793 tantus
438 1729 531 1792 ardor
545 1729 585 1792 ad
600 1728 811 1792 dimicandum
826 1729 895 1805 fuit,
914 1742 949 1792 ut
961 1730 1113 1815 impetum
1132 1751 1147 1799 3

83 1825 188 1910 Aequi
206 1848 268 1889 non
287 1825 422 1899 tulerint,
442 1823 577 1906 victique
591 1822 657 1886 acie
671 1845 743 1887 cum
757 1822 834 1910 fuga
847 1824 949 1888 effusa
961 1825 1114 1908 petissent

84 1939 194 1998 castra,
213 1920 338 1984 brevior
355 1931 494 2004 tempore
513 1928 544 1982 et
561 1919 730 1984 certamine
747 1920 850 1984 minor
866 1933 1040 1984 castrorum
1058 1942 1114 2005 op-

87 2016 234 2101 pugnatio
258 2015 318 2077 fuit
340 2037 434 2097 quam
461 2014 613 2098 proelium
638 2013 749 2079 fuerat.
795 2016 894 2100 captis
921 2016 1148 2100 direptisque4

89 2112 192 2174 castris
212 2132 285 2173 oum
304 2109 453 2193 praedam
470 2108 603 2172 dictator
619 2109 709 2171 militi
727 2111 935 2174 concessisset
950 2111 1112 2193 secutique

91 2202 256 2288 fugientem
275 2225 315 2267 ex
333 2205 442 2267 castris
460 2202 583 2267 hostem
602 2203 722 2285 equites
740 2207 984 2281 renuntiassent,
1004 2227 1112 2269 omnes

94 2297 265 2362 Labicanos
274 2299 383 2374 victos,
403 2321 550 2384 magnam
565 2307 685 2382 partem
694 2297 879 2381 Aequorum
888 2299 1026 2363 Labicos
1041 2323 1115 2363 con·

98 2390 215 2476 fugisse,
235 2404 359 2477 postero
369 2392 419 2455 die
433 2393 473 2456 ad
482 2391 621 2455 Labicos
636 2390 748 2454 ductus
763 2394 928 2468 exereitus,
948 2394 1115 2477 oppidum·
1133 2411 1149 2459 5

102 2505 148 2565 que
172 2509 289 2551 corona
315 2486 505 2551 circumdata
531 2485 624 2550 scalis
652 2496 778 2569 captum
805 2509 843 2549 ac
873 2487 1029 2570 direptum
1056 2499 1113 2550 est.

106 2577 217 2645 dictator
234 2582 372 2644 exercitu
389 2581 506 2645 victore
520 2581 654 2644 Romam
667 2579 805 2657 reducto,
825 2580 875 2644 die
889 2594 1001 2645 octavo
1020 2602 1115 2663 quam
1134 2600 1149 2648 6

108 2691 207 2738 creatus
226 2691 301 2750 erat,
321 2676 506 2761 magistratu
524 2696 558 2738 se
576 2673 747 2751 abdicavit3
765 2688 796 2737 et
809 2690 961 2759 oportune
976 2688 1113 2751 senatus,

107 2767 267 2852 priusquam
285 2769 325 2834 ab
344 2769 475 2833 tribunis
493 2768 577 2853 plebi
599 2767 740 2852 agrariae
762 2768 931 2833 seditiones
957 2769 1114 2833 mentione

109 2855 173 2926 illata
185 2865 223 2928 de
236 2886 313 2950 agro
325 2863 488 2927 Labicano
502 2862 669 2926 dividendo
683 2860 801 2940 fierent,
821 2865 942 2928 censuit
956 2863 1113 2948 frequens,

110 2954 240 3022 coloniam
263 2957 401 3022 Labicos
424 2958 649 3021 deducendam.
690 2958 792 3021 coloni
814 2957 854 3023 ab
877 2958 954 3023 urbe
976 2959 1061 3023 mille
1084 2968 1115 3023 et
1134 2979 1148 3024 7

112 3050 247 3136 quingenti
265 3053 355 3116 missi
374 3052 447 3116 bina
464 3052 573 3138 iugera
591 3064 784 3140 acceperant.

163 3144 263 3232 Captis
287 3146 417 3211 Labicis
440 3169 477 3211 ac
499 3147 612 3210 deinde
639 3147 771 3212 tribunis
798 3145 932 3208 militum
958 3143 1116 3208 consulari

111 3253 240 3316 potestate
258 3241 404 3328 Agrippa
422 3242 571 3306 Menenio
589 3243 713 3307 Lanato
732 3255 763 3305 et
779 3241 820 3304 L.
838 3238 971 3305 Servilio
988 3237 1114 3304 Structo

112 3340 134 3389 et
147 3331 176 3399 P.
193 3336 341 3401 Lucretio
360 3336 553 3420 Tricipitino,
572 3336 684 3400 iterum
703 3335 848 3400 omnibus
866 3334 929 3409 his,
950 3347 980 3396 et
999 3330 1114 3418 Spurio

111 3415 218 3495 Veturio
238 3431 371 3507 Crasso,
394 3445 425 3494 et
446 3431 629 3513 insequente
652 3453 734 3494 anno
752 3429 793 3494 A.
815 3427 1001 3513 Sempronio
1019 3428 1115 3492 Atra·
1133 3447 1149 3495 8

112 3514 158 3583 lino
173 3526 295 3588 tertium
313 3535 343 3588 et
361 3524 483 3588 duobus
501 3525 613 3588 iterum
627 3525 673 3587 M.
689 3524 814 3608 Papirio
829 3522 993 3608 Mugilano
1012 3534 1042 3587 et
1057 3521 1112 3606 Sp.

111 3604 202 3682 Nautio
220 3618 342 3694 Rutilo,
366 3618 526 3682 biennium
544 3619 727 3702 tranquillae
745 3631 891 3682 externae
908 3640 973 3695 res,
997 3618 1114 3681 discor·

112 3700 148 3770 dia
161 3712 242 3776 domi
261 3735 300 3776 ex
318 3713 448 3796 agrariis
466 3711 590 3797 legibus
609 3713 677 3776 fuit.

156 3804 394 3870 XXXXVIH.
431 3805 622 3870 Turbatores
645 3806 732 3892 vulgi
759 3817 846 3870 erant
869 3804 924 3891 Sp.
948 3804 1114 3868 Maecilius
1135 3823 1147 3868 1

110 3908 198 3973 quarto
217 3914 248 3965 et
270 3898 347 3986 [M.]
363 3900 503 3964 Metilius
522 3902 611 3965 tertio
630 3901 744 3965 tribuni
763 3901 873 3986 plebis,
893 3899 985 3964 ambo
1003 3898 1116 3961 absen-

108 3992 142 4054 les
157 3997 259 4060 creati.
296 4008 327 4059 et
344 4018 416 4060 cum
433 3997 626 4081 rogationem
645 3997 911 4082 promulgassent,
930 4010 965 4058 ut
982 4015 1058 4076 ager
1075 4012 1115 4055 ex
1134 4009 1148 4054 a
