2566 4524
127 261 169 325 42
369 271 489 327 LIBER
509 269 537 341 1,
554 270 649 326 3a39.
669 273 707 339 [a.
716 286 744 323 u.
755 287 779 325 e.
789 270 938 340 138-176]

129 430 312 509 Conlatino,
348 439 384 493 ut
413 452 469 495 vos
501 427 714 513 populumque
742 425 944 493 Conlatinum
970 427 1143 495 dederetisl'

129 526 274 592 ‘sumus'
319 530 421 589 ‘estne
451 524 586 608 populus
615 521 800 589 Conlatinus
829 522 863 586 in
889 545 949 587 sua
972 521 1142 610 potestatsl'
1162 572 1189 592 -.

130 621 212 686 ‘est'
257 619 426 684 ‘deditisne
457 641 514 683 vos
545 617 759 702 populumque
791 614 1008 696 Conlatinum,
1039 618 1141 695 orben,
1186 651 1189 687 ε

129 738 237 802 agros,
256 737 384 798 aquam,
404 713 566 790 terminos,
586 712 729 790 delubra,
748 711 907 789 utensilia,
926 712 1036 779 divina
1050 713 1143 779 hume
1187 743 1189 781 ;

131 832 234 893 naque
252 809 358 875 omnia
374 808 408 872 in
424 831 527 873 meam
545 808 715 892 populique
733 806 869 871 Romani
884 807 1069 873 ditioneml'
1090 808 1143 873 ‘do-
1186 870 1189 875 ,

130 905 255 969 dimus?
291 911 337 968 ‘at
354 927 414 990 ego
432 902 568 988 recipio!

96 1029 113 1076 3
194 998 285 1063 Bello
305 997 423 1064 Sabino
441 998 581 1083 perfecto
600 994 791 1080 Tarquinius
810 996 1006 1083 triumphans
1025 997 1145 1063 Βωιιιιιι

95 1125 114 1170 4
129 1095 219 1160 redit.
254 1094 327 1158 inde
345 1093 456 1179 priscis
474 1091 598 1156 Latinis
617 1091 733 1156 bellum
752 1090 840 1168 fecit,
863 1090 919 1155 ubi
940 1114 1097 1176 nusquam
1114 1090 1146 1156 ad

130 1191 294 1254 universae
311 1189 358 1253 rei
375 1188 605 1252 dimicationem
624 1195 751 1251 ventum
770 1195 831 1250 est:
850 1186 891 1250 ad
905 1186 1032 1272 singula
1048 1186 1150 1273 oppida
1188 1268 1189 1275 ἵ

132 1285 380 1350 circumferendo
398 1307 485 1349 arma
504 1304 595 1347 omne
612 1304 727 1346 nomen
744 1281 897 1344 Latinum
915 1280 1047 1347 domuit.
1083 1279 1147 1347 Cor·

132 1379 286 1458 niculum,
309 1378 440 1446 Ficulea
457 1387 562 1454 vetus,
588 1375 748 1452 Cameria,
773 1373 1042 1454 Crustumerium,
1064 1374 1148 1441 Ame-

133 1475 225 1551 riola,
249 1473 418 1550 Medullia,
441 1472 646 1548 Nomentum,
673 1470 752 1534 haec
773 1470 813 1534 de
834 1469 946 1554 priscis
964 1470 1091 1536 Latinis
1106 1478 1173 1535 aut·

99 1597 114 1641 5
132 1568 186 1651 qui
208 1568 248 1632 ad
265 1568 399 1632 Latinos
422 1567 600 1631 defecerant
622 1575 713 1650 capta
735 1564 858 1650 oppida.
895 1588 959 1650 pax
977 1566 1094 1632 deinde
1111 1573 1151 1630 ea

134 1662 226 1727 facta.

196 1756 318 1821 Maiore
335 1757 408 1821 inde
427 1756 529 1820 anime
547 1755 634 1840 pacis
654 1777 749 1839 opera
765 1753 911 1818 inchoata
928 1776 1024 1837 quam
1045 1763 1151 1840 quantu

134 1851 216 1917 mole
234 1864 376 1938 gesserat
395 1850 490 1927 bella,
514 1861 549 1913 ut
570 1871 633 1914 non
659 1849 792 1932 quietior
813 1848 948 1934 populus
971 1849 1061 1915 domi
1081 1856 1153 1915 esset

99 1972 115 2019 a
135 1968 229 2029 quam
251 1946 379 2009 militiae
401 1944 527 2008 fuisset:
555 1966 628 2008 nam
647 1954 678 2006 et
695 1965 785 2007 muro
802 1944 939 2028 lapideo,
963 1944 1056 2009 euius
1074 1965 1153 2009 exor-

134 2041 221 2105 dium
238 2040 341 2124 operis
357 2038 475 2104 Sabino
493 2037 575 2102 belle
594 2038 753 2102 turbatum
767 2049 845 2116 erat,
865 2038 989 2116 urbem,
1009 2061 1074 2122 qua
1086 2061 1153 2104 non·

135 2136 211 2199 dum
233 2134 400 2210 munierat,
429 2134 553 2219 cingere
574 2143 664 2218 parat
686 2143 718 2196 et
738 2132 846 2197 infima
871 2132 958 2197 urbis
985 2133 1057 2198 loca
1082 2134 1153 2198 cuca

135 2220 239 2286 forum
257 2219 395 2303 aliasque
412 2219 589 2284 interiectas
608 2218 739 2284 collibus
759 2218 929 2296 convalles,
948 2219 1025 2302 quia
1042 2241 1084 2285 ex
1098 2218 1155 2306 pla·

134 2319 184 2382 nis
202 2316 279 2380 locis
297 2315 374 2380 haut
399 2314 491 2380 facile
510 2314 685 2381 evehebant
707 2336 819 2397 aquas,
844 2314 957 2379 cloacis
980 2312 1155 2402 fastigicin

102 2437 116 2480 ι
137 2412 276 2477 Tiberim
303 2411 404 2474 ductis
433 2410 529 2474 siccat
556 2419 587 2474 et
613 2431 718 2473 aream
744 2409 785 2473 ad
810 2409 921 2473 aedem
946 2409 980 2473 in
1008 2406 1155 2496 Capitolio

134 2506 236 2583 Iovis,
256 2527 351 2588 quam
365 2515 493 2569 voverat
505 2504 588 2568 bello
600 2502 733 2581 Sabine,
751 2503 815 2567 iam
828 2504 1046 2589 praesagiente
1060 2503 1154 2568 anino

135 2600 273 2664 futuram
292 2600 367 2663 elim
385 2598 622 2684 amplitudinem
639 2597 714 2674 loci,
733 2606 865 2681 occupat
881 2596 1105 2663 fundamentis.

104 2719 114 2764 1
199 2693 422 2758 XXXVIIII.
462 2692 512 2756 Eo
531 2701 669 2777 tempore
696 2692 729 2755 in
750 2692 838 2777 regia
860 2691 1040 2776 prodigium
1062 2692 1154 2756 tumn

136 2798 311 2869 eventuque
325 2785 465 2850 mirabile
480 2786 547 2850 fuit.
570 2809 668 2870 puero
682 2786 856 2862 dormienti,
877 2785 927 2849 cui
938 2783 1051 2850 Servio
1060 2783 1154 2851 Tullio

135 2881 195 2944 fuit
216 2903 345 2958 nomen,
374 2891 468 2966 caput
490 2881 604 2946 arsisse
627 2881 731 2945 ferunt
748 2880 916 2953 multorum
934 2879 967 2944 in
983 2890 1153 2966 conspecta

102 2975 269 3061 aplurimo
290 2975 386 3062 igitur
408 2976 542 3041 clamore
560 2977 633 3040 inde
652 2976 692 3040 ad
710 2985 814 3040 tantae
830 2976 876 3039 rei
893 2974 1081 3040 miraculum
1095 2982 1155 3040 orto

136 3071 254 3135 excitos
277 3093 368 3158 reges
393 3079 436 3149 et,
465 3093 536 3136 cum
559 3071 686 3156 quidam
708 3070 908 3136 familiarium
926 3091 1044 3153 aquam
1061 3070 1101 3135 ad
1114 3088 1155 3134 na·

136 3165 361 3252 stinguendum
384 3166 491 3244 ferret,
519 3165 559 3230 ab
581 3166 690 3251 regina
712 3173 880 3242 retentum,
909 3164 1082 3251 sedatoque
1102 3163 1156 3228 ism

137 3260 274 3324 tumultu
299 3260 420 3324 moveri
441 3260 579 3324 vetuisse
601 3282 747 3343 puerum,
776 3258 875 3323 donec
898 3280 957 3322 sua
979 3272 1091 3342 sponte
1112 3278 1158 3322 ex·

138 3366 297 3437 perrectus
329 3363 422 3418 esset.
466 3375 542 3418 mox
572 3375 645 3416 cum
670 3375 782 3417 somno
809 3363 840 3416 et
865 3351 1025 3416 flammam
1052 3352 1157 3418 abisse.

103 3469 119 3516 3
137 3459 204 3510 tum
222 3447 357 3512 abducto
374 3447 408 3511 in
427 3457 581 3512 secretum
598 3447 665 3511 viro
680 3446 836 3530 Tanaquil
855 3446 962 3510 ‘viden
979 3457 1016 3510 tu
1033 3465 1160 3532 puerum
1187 3478 1189 3511 ι

136 3539 244 3619 hunc,’
269 3542 371 3624 inquit
394 3547 502 3625 ‘quem
524 3551 587 3605 tam
613 3541 724 3605 humili
750 3542 836 3606 cultu
862 3541 1054 3606 educamus?
1087 3540 1160 3608 seire
1186 3590 1189 3595 -

135 3635 210 3701 lieet
231 3635 315 3700 hune
337 3635 443 3700 lumen
465 3636 623 3720 quondam
644 3635 739 3701 rebus
761 3634 875 3700 nostris
898 3634 1003 3700 dubiis
1025 3635 1163 3701 futurum

137 3730 391 3815 praesidiumque
413 3731 517 3816 regiae
540 3729 692 3795 adflictae.
728 3730 858 3816 proinde
876 3728 1040 3793 materiam
1057 3731 1164 3818 ingen·

138 3825 177 3890 tis
200 3825 324 3910 publice
346 3824 553 3910 privatimque
581 3825 701 3890 decoris
729 3824 814 3889 omni
839 3824 1034 3911 indulgentia
1060 3834 1165 3890 nostra

137 3919 331 3986 nutriamus.’

105 4036 122 4082 4
202 4015 282 4081 Inde
304 4037 436 4100 puerum
458 4016 590 4082 liberum
612 4015 681 4080 loco
699 4024 844 4099 coeptum
861 4012 971 4078 haberi
989 4014 1166 4099 erudirique
