2566 4524
1052 37 1186 225 'l

136 283 198 348 358
365 287 485 346 amaa
501 288 572 360 vn,
590 289 615 345 s.
629 290 654 344 s.
674 288 851 360 [anessa
865 288 929 359 ass]
1180 264 1186 367 l

117 468 120 473 '
135 453 224 540 equis
237 450 433 539 pepulissent
446 448 570 514 hostem
583 470 685 532 neque
698 447 819 534 pedites
829 445 1002 533 quicquam
1013 451 1144 516 momenti
1183 448 1186 533 j

134 548 293 615 facerent?
319 569 415 631 quam
436 544 559 610 tertiam
577 551 796 630 exspectarent
811 544 976 630 pugnam?
999 545 1073 630 quid
1088 555 1144 612 anta
1184 548 1186 599 ÷

135 645 226 732 signa
251 641 373 708 seroces
399 638 619 725 prosiluissent
641 647 673 703 et
694 638 796 704 alieno
817 648 999 729 pugnarent
1018 641 1144 708 loco?-

101 739 184 809 ahis
210 739 292 802 inter
317 757 352 801 se
374 733 506 800 vocibus
529 733 675 799 concitati
696 731 833 799 clamore
853 743 1007 801 renovato
1028 735 1144 802 interm

133 833 261 920 pedem:
280 840 312 896 et
323 829 460 917 primum
477 828 580 916 gradu
595 835 762 894 moverunt
778 826 916 907 hostem,
936 829 1051 898 deinde
1064 852 1144 918 pepu·

99 927 251 1004 ulerunt,
277 933 437 1011 postremo
463 922 528 988 iam
553 920 759 988 hauddubie
786 931 946 1002 avertunt3
975 947 1074 1011 neque
1091 934 1143 1013 tam

134 1021 217 1086 vires
230 1041 323 1106 pares
338 1040 419 1102 quae
434 1017 627 1103 superaverit
639 1039 690 1082 res
705 1015 799 1082 facile
816 1017 903 1083 dictu
920 1027 986 1098 est,
1003 1020 1064 1086 nisi
1076 1017 1144 1104 quod

133 1123 286 1203 perpetua
307 1113 435 1179 fortuna
456 1112 619 1196 utriusque
640 1110 751 1198 populi
773 1120 804 1178 et
825 1111 978 1178 extollere
995 1115 1144 1180 animaret

101 1233 116 1281 s
134 1209 274 1279 minuere
296 1207 407 1294 potuit
443 1228 544 1290 usqne
567 1205 608 1271 ad
626 1215 730 1271 castra
746 1204 905 1293 fugientes
923 1206 1080 1274 Hernicos
1093 1207 1143 1273 Ro

133 1326 246 1368 manus
260 1302 415 1386 sequitur3
434 1310 607 1364 castrorum
622 1301 870 1387 oppugnatione,
890 1301 967 1386 quia
980 1324 1083 1368 serum
1095 1308 1144 1367 erat

134 1397 210 1476 diei,
234 1395 422 1462 abstinuere.
460 1394 514 1459 diu
531 1416 596 1459 non
613 1394 792 1480 perlitatum
809 1403 953 1460 tenuerat
971 1397 1142 1473 dictamum.

133 1514 174 1557 ne
192 1501 265 1556 ante
283 1491 446 1555 meridiem
465 1489 591 1576 signum
603 1488 678 1554 dare
691 1498 814 1575 posset:
834 1490 922 1555 eoin
940 1489 1067 1557 noctem
1083 1500 1144 1556 aa

101 1608 116 1658 o
136 1595 204 1650 tum
222 1594 288 1650 erat
306 1593 472 1650 certamen.
508 1593 635 1669 postero
653 1584 704 1648 die
722 1585 848 1650 deserta
863 1584 944 1671 fuga
962 1595 1066 1651 castra
1079 1584 1144 1651 Hu·

133 1680 276 1746 nieorum
289 1687 321 1744 et
335 1679 433 1745 saucii
447 1678 547 1745 relicti
560 1678 689 1762 quidam
701 1679 830 1757 inventi,
849 1700 1030 1766 agmenque
1042 1679 1144 1768 fugian-

134 1775 212 1839 tium
226 1773 266 1840 ab
283 1771 438 1862 Signinis,
458 1795 530 1838 cum
547 1782 671 1859 praeter
687 1773 812 1838 moenia
830 1795 937 1838 eorum
956 1772 1144 1860 infrequentis

134 1877 302 1956 conspecta
325 1869 416 1956 signa
438 1876 557 1946 essent,
581 1867 688 1934 fusum
706 1890 744 1933 ac
760 1889 818 1954 per
835 1890 929 1955 agros
948 1868 1072 1956 trepida
1085 1868 1145 1954 sup

101 1985 115 2032 7
132 1963 274 2050 palatum
292 1972 349 2028 est.
385 1983 444 2026 nec
457 1961 609 2027 Romanis
627 1962 791 2026 incruenta
808 1961 940 2028 victoria
956 1963 1034 2029 fuit:
1056 1968 1144 2048 quarte

133 2080 207 2142 pars
225 2057 359 2121 militum
378 2055 509 2134 amissa,
529 2065 560 2121 et
578 2055 633 2121 ubi
646 2055 732 2120 haud
745 2056 849 2122 minus
862 2056 1006 2123 iacturae
1018 2057 1089 2136 fuit,
1104 2052 1144 2121 ali·

134 2158 212 2236 quot
229 2150 349 2234 equites
367 2149 504 2216 Romani
522 2151 672 2216 cecidere.
693 2164 700 2173 ·
1182 2178 1186 2185 ·

99 2266 114 2314 1
198 2244 311 2313 VIIII.
345 2244 530 2331 Insequenti
547 2267 629 2311 anno
648 2267 720 2311 cum
740 2243 778 2311 Ο.
794 2243 956 2331 Sulpicius
976 2256 1009 2312 et
1027 2241 1144 2313 Quid

133 2340 205 2406 nius
229 2338 348 2406 Calvus
377 2340 522 2406 consules
548 2339 582 2403 in
603 2339 761 2406 Hernicos
789 2340 963 2405 exercitum
990 2340 1144 2415 duxissent,

132 2458 235 2521 neque
248 2437 384 2502 inventis
397 2436 430 2501 in
444 2458 519 2523 agro
532 2435 677 2500 hostibus
686 2435 900 2515 Ferentinum,
918 2434 1034 2503 urbem
1048 2454 1143 2509 eorum,

132 2531 165 2596 vi
182 2531 354 2617 cepissent,
376 2530 603 2597 revertentibus
621 2530 695 2595 inde
713 2531 759 2595 eis
778 2529 926 2596 Tiburtes
948 2542 1059 2618 portas
1081 2530 1145 2596 elau·
1179 2573 1186 2617 -ζ

98 2646 211 2694 asere.
247 2647 285 2689 ea
302 2624 412 2689 ultima
429 2625 489 2689 fuit
507 2647 616 2702 causa,
636 2646 709 2689 cum
726 2623 843 2690 multae
861 2633 935 2689 ante
951 2624 1144 2710 querimonia
1180 2668 1186 2716 2

132 2720 214 2786 ultro
233 2720 372 2802 citroque
389 2719 521 2783 iactatae
540 2727 657 2797 essent,
678 2741 734 2784 cur
745 2740 802 2804 per
819 2717 944 2784 sedales
961 2719 1060 2787 rebus
1076 2736 1145 2806 repr·
1179 2762 1186 2811 ἶ

132 2813 196 2878 titis
214 2812 332 2876 bellum
350 2811 475 2877 Tiburti
492 2812 609 2898 populo
626 2813 825 2878 indiceretur.

99 2925 114 2972 s
195 2905 394 2971 Dictatorem
407 2905 641 2990 T.Quinctium
655 2906 801 2972 Pennum
814 2929 852 2973 eo
865 2931 950 2974 anno
969 2909 1071 2976 fuisse
1087 2904 1144 2974 salit
1180 2894 1186 2943 T

133 3009 255 3065 constat
273 3008 304 3064 et
321 3001 506 3088 magistrum
524 3002 665 3086 equitum
679 2999 747 3068 Ser.
764 2999 949 3067 Cornelium
962 3001 1144 3092 Maluginer·
1178 3072 1186 3095 ,

96 3115 209 3162 4sem.
246 3094 357 3161 Macer
378 3096 523 3161 Licinius
547 3097 744 3161 comitiorum
764 3096 986 3162 habendorum
1012 3097 1144 3164 causaal
1181 3141 1186 3181 ς

132 3189 171 3254 ab
194 3190 320 3256 Licinio
343 3189 471 3255 consule
494 3189 613 3254 dietum
636 3189 757 3268 scribit,
785 3190 860 3274 quia
886 3190 1014 3280 collega
1041 3186 1144 3258 comi&
1181 3234 1186 3277 ἦ

130 3283 213 3349 bello
230 3284 388 3369 praeferre
406 3284 588 3362 festinante,
606 3293 642 3348 ut
660 3283 853 3350 continuaret
870 3286 1085 3365 consulatum,
1104 3280 1143 3348 ol·

99 3397 115 3446 5
133 3376 218 3440 viam
236 3378 374 3442 eundum
391 3400 508 3464 pravae
522 3377 685 3464 cupiditati
697 3377 800 3443 fuerit.
829 3380 976 3462 quaesita
990 3403 1029 3446 ea
1040 3374 1143 3466 propri
1179 3424 1186 3467 p

132 3469 271 3534 familiae
283 3470 354 3538 laus
366 3472 517 3539 leviorem
531 3482 690 3538 auctorem
699 3473 860 3538 Licinium
876 3473 965 3540 facit.
994 3497 1066 3540 oum
1078 3490 1143 3538 meu·
1179 3542 1186 3567 ἦ

131 3563 248 3629 tionem
261 3566 328 3632 eius
341 3567 387 3631 rei
400 3568 433 3632 in
442 3567 666 3633 vetustioribus
680 3567 845 3633 annalibus
861 3566 986 3633 nullam
998 3567 1141 3643 inveniar.

131 3658 233 3744 magis
255 3668 291 3724 ut
311 3660 386 3726 belli
405 3659 520 3728 Gallici
541 3684 639 3728 causa
660 3663 845 3727 dictatorem
869 3672 1016 3729 creatum
1035 3660 1142 3729 arbitr!
1178 3704 1186 3750 p

97 3772 112 3822 6
130 3751 259 3817 inclinat
281 3755 413 3821 animus.
450 3779 487 3823 eo
510 3766 593 3822 certe
615 3779 697 3822 anno
716 3753 802 3822 Galli
820 3757 860 3822 ad
880 3758 1011 3824 tertium
1027 3753 1141 3843 lapides
1179 3750 1186 3767 ⁶

132 3844 255 3913 Salaria
271 3848 323 3914 via
340 3859 426 3917 trans
443 3861 571 3938 pontem
583 3848 718 3917 Anienis
737 3861 840 3917 castra
854 3850 1007 3919 habuere.
1032 3851 1139 3917 dimas
1177 3872 1179 3877 ·

131 3958 204 4006 cum
230 3944 381 4012 tumultus
410 3943 525 4014 Gallici
551 3969 647 4012 causa
671 3945 826 4012 iustitium
854 3946 1022 4026 edixisset,
1052 3954 1136 4011 omn
1177 3974 1186 4036 ,⁴

129 4036 266 4106 iuniores
289 4052 485 4109 sacramento
508 4041 627 4128 adegit,
653 4039 838 4128 ingentique
862 4041 1005 4109 exmcitu
1025 4038 1064 4107 ab
1077 4029 1135 4101 ιώ
1177 4080 1186 4131 p
