2566 4524
128 213 193 278 472
325 221 443 278 LIBER
459 219 560 291 VHII,
577 218 620 275 28.
633 217 676 275 29.
696 217 970 290 [annul-443]

128 381 261 449 hiberna
274 389 414 467 egerunt,
424 378 525 446 donec
538 377 578 446 ab
591 377 683 445 novis
697 376 881 445 consulibus
889 377 933 444 1..
942 376 1070 466 Papirio
1079 377 1141 446 Cur-

130 476 368 640 {Jorepqffitlelltium'
384 473 422 540 0.
436 473 688 634 Ifffflfflm
705 473 819 633 itertqp
835 472 1019 633 now
1031 472 1143 635 m

162 620 171 638 .
218 593 257 638 oe
311 592 349 636 us
372 591 444 635 cum
556 590 575 633 o
617 590 636 634 o
867 589 902 633 ur
993 590 1034 635 cx

96 687 113 740 a
130 665 261 753 occepit.
296 665 325 729 is
343 685 416 730 curn
433 662 583 742 audisset,
601 588 942 750 mffigeusqm
959 660 1002 729 ab
1016 658 1142 731 Sanniti-

130 759 192 827 bus
214 768 352 846 captam,
376 757 493 824 omisso
513 757 658 824 Boviano
680 757 722 822 ad
742 756 908 844 Fregellas
930 757 1047 845 pergit.
1077 756 1141 823 unde

130 863 283 921 nocttuna
301 849 491 920 Samnitium
508 851 587 939 iuga
605 851 673 918 sine
694 851 864 917 certamine
880 851 1022 939 receptis
1037 851 1142 939 Fregel-

130 949 170 1015 lis
191 946 411 1035 praesidioque
432 945 537 1013 valido
562 946 713 1034 inposito,
738 945 773 1011 in
794 944 1008 1032 Campaniam
1032 946 1141 1015 redum

96 1063 115 1114 a
131 1043 269 1111 maxime
285 1042 327 1109 ad
344 1041 458 1108 Nolam
475 1041 571 1109 annis
587 1040 800 1127 repetendam.
830 1063 869 1107 eo
888 1064 925 1109 se
942 1040 1029 1109 intra
1043 1039 1143 1109 moenia

132 1136 191 1205 sub
209 1138 380 1204 adventum
397 1134 557 1203 dictatoris
574 1144 606 1203 et
620 1133 809 1202 Samnitium
826 1135 931 1202 omnis
948 1135 1142 1203 multitudoet

98 1230 246 1302 oNolnni
267 1238 408 1318 agrestes
430 1229 634 1297 contulerant.
674 1229 807 1296 dictator
826 1229 916 1296 urbis
944 1231 1012 1297 situ
1036 1231 1144 1299 circum

133 1335 255 1413 specto,
278 1346 341 1410 quo
359 1323 495 1411 apertior
512 1325 616 1390 aditus
634 1325 676 1390 ad
693 1324 818 1391 moenia
834 1334 935 1404 esset,
958 1325 1066 1393 omnia
1080 1323 1145 1391 aedi·

131 1419 204 1487 ficia
216 1455 259 1466 -
273 1428 306 1486 et
321 1418 502 1505 frequenter
517 1417 562 1485 ibi
579 1416 779 1485 habitabam
791 1453 834 1464 —
846 1418 1053 1486 circumiecta
1068 1416 1145 1485 nnis

131 1513 279 1581 incendit.
309 1534 369 1579 nec
384 1512 430 1578 ita
445 1512 545 1579 multo
561 1522 634 1600 post
652 1513 718 1579 sive
736 1510 911 1579 aPoetelio
929 1511 1147 1581 dictatoresue

132 1605 173 1675 ab
197 1605 236 1673 C.
254 1605 347 1673 Iunio
370 1607 498 1674 consule
517 1643 559 1654 -
575 1630 650 1673 narn
671 1616 838 1692 utrumque
864 1608 1002 1674 traditur
1023 1646 1066 1657 -
1083 1605 1146 1675 Nola

99 1713 182 1772 sest
203 1711 305 1790 capta
341 1702 396 1788 qui
417 1712 527 1790 captae
548 1702 646 1769 decus
663 1701 763 1768 Nolae
781 1704 823 1769 ad
844 1704 1014 1773 consulem
1031 1703 1146 1779 trabunt,

132 1797 280 1877 adiciunt,
293 1796 425 1863 Atinam
443 1806 474 1863 et
488 1796 644 1864 Calatiam
661 1795 702 1865 ab
720 1797 831 1864 eodem
848 1807 971 1886 captas,
991 1798 1146 1867 Poetelium

132 1904 237 1960 autem
249 1893 427 1981 pestilentia
436 1901 504 1958 orta
511 1892 593 1959 olavi
605 1892 723 1980 figendi
736 1916 831 1959 causa
839 1893 1031 1962 dictatorem
1040 1895 1145 1960 dictum

99 2006 113 2057 t
135 1985 256 2056 Suessa
283 1996 314 2052 et
339 1984 456 2052 Pontia
486 1986 597 2053 eodem
623 2010 706 2054 anno
732 1986 873 2055 coloniae
899 1989 1059 2056 deductae
1083 1995 1147 2055 sunt

135 2079 255 2148 Suessa
265 2080 489 2148 Auruncorum
506 2080 618 2160 fuerat,
632 2079 744 2148 Volsci
755 2079 898 2161 Pontias,
916 2083 1059 2151 insulam
1075 2082 1149 2150 sitan

131 2176 166 2241 in
191 2184 363 2263 conspectu
387 2174 487 2241 litoris
514 2175 578 2256 sui,
608 2175 812 2251 incoluerant.
857 2186 889 2242 et
915 2175 1148 2267 Inter[am]nan

133 2269 286 2338 Casinam
303 2280 338 2336 ut
355 2270 562 2337 deduceretur
583 2270 707 2337 colonia
728 2271 830 2337 senati
847 2272 1033 2339 consultum
1048 2272 1147 2339 boun

132 2375 190 2432 est.
230 2364 288 2433 sed
309 2364 487 2430 triumviros
510 2385 656 2431 creavere
678 2386 716 2430 ac
732 2365 846 2431 misere
868 2365 1057 2433 colonorum
1077 2372 1148 2452 quat·

131 2470 203 2525 tuor
219 2459 306 2525 milia
321 2459 523 2544 insequentes
541 2458 687 2525 constdes
701 2457 749 2524 M.
758 2457 916 2539 Valerius,
930 2458 970 2525 P.
985 2461 1112 2529 Decius

98 2576 111 2625 1
194 2551 382 2620 XXVIHL
400 2551 573 2640 Profligato
587 2552 654 2618 fere
668 2550 857 2619 Samnitium
871 2552 966 2633 bello,
981 2556 1148 2642 priusquam

132 2670 170 2714 ea
191 2670 267 2715 cura
288 2647 454 2714 decederet
474 2646 617 2733 patribus
639 2647 806 2726 Romanis,
829 2646 961 2714 Etrusci
983 2649 1149 2717 bellisono

96 2763 112 2813 2
132 2752 240 2809 exorta
257 2751 314 2808 est.
341 2751 481 2807 necerat
498 2763 536 2806 ea
553 2750 738 2827 tempestate
754 2764 834 2829 gens
852 2742 925 2822 alia,
944 2745 1038 2813 ouius
1056 2764 1149 2812 seeun-

132 2838 208 2902 dum
227 2834 367 2902 Gallicos
386 2835 539 2902 tumultus
558 2860 646 2902 arma
662 2836 849 2903 terribiliora
866 2848 977 2905 essent
1000 2862 1073 2907 cnm
1091 2857 1148 2926 pto

97 2930 306 3017 spinquitate
328 2930 397 3017 agri
418 2939 485 2996 tum
506 2931 706 2997 multitudine
727 2932 900 2998 hominum.
936 2933 1049 3019 itaquo
1070 2934 1148 3001 altero

131 3024 261 3092 consule
282 3026 316 3091 in
334 3022 465 3091 Samnio
486 3026 635 3110 reliquias
657 3025 732 3092 belli
753 3028 955 3114 persequenti
972 3028 1016 3096 P.
1034 3028 1147 3103 Decius,

130 3120 187 3206 qui
202 3120 341 3208 graviter
357 3143 452 3208 aeger
464 3120 586 3188 Romae
603 3122 767 3200 restiterat,
786 3130 914 3189 auctore
934 3134 1053 3192 senatu
1070 3125 1149 3192 diota·

95 3225 114 3276 4
130 3224 230 3283 torem
245 3214 283 3281 C.
295 3215 422 3281 Iunium
431 3214 611 3282 Bubulcum
629 3215 717 3282 dixit.
747 3217 784 3295 is,
803 3226 898 3303 prout
913 3217 963 3284 roi
980 3215 1150 3309 magnitudo

129 3309 319 3397 postulabat,
338 3331 448 3380 omnes
465 3310 601 3389 iuniores
620 3320 813 3377 sacramento
832 3310 944 3398 adigit,
964 3336 1058 3383 arma
1074 3331 1150 3401 quae

130 3425 192 3489 que
210 3403 338 3471 uliares
355 3405 459 3491 poscit
476 3427 599 3470 summa
616 3405 769 3471 industria
785 3415 884 3491 parat.
917 3429 981 3473 nec
999 3411 1095 3477 tantis
1109 3428 1150 3492 alr

130 3496 292 3584 paratibus
311 3497 411 3564 elatus
429 3500 469 3564 de
486 3499 650 3566 inferendo
667 3498 750 3566 bello
768 3500 875 3586 agitat,
894 3502 1067 3586 quieturus
1084 3498 1150 3571 haud

96 3604 113 3654 o
130 3589 235 3669 dubie,
254 3592 315 3658 nisi
332 3592 414 3658 ultro
432 3617 519 3660 arma
528 3593 657 3660 Etrusci
673 3594 833 3661 inferrent.
866 3596 985 3664 eadem
1003 3600 1039 3667 in
1056 3618 1151 3685 oonpt·

130 3685 229 3753 rando
247 3685 483 3772 cohibendoque
500 3686 583 3754 bello
601 3688 732 3755 consilia
749 3698 781 3754 et
793 3689 879 3776 apud
887 3689 1053 3763 Etruscos
1071 3695 1148 3761 mut

130 3781 232 3848 neutri
249 3780 364 3847 finibus
383 3783 511 3868 egressi.

195 3875 240 3940 Et
262 3898 395 3943 censura
417 3875 501 3941 clara
523 3898 560 3942 eo
583 3899 665 3943 anno
682 3876 771 3964 Appi
790 3876 922 3946 Claudii
939 3870 973 3947 et
992 3882 1034 3950 C.
1051 3876 1149 3949 Plautii

98 3968 207 4049 afuit,
230 3971 400 4037 memoriae
418 3979 524 4038 tamen
540 3971 688 4040 felicioris
708 3973 748 4038 ad
764 3981 913 4059 posteros
931 3975 1053 4046 nomen
1068 3970 1148 4064 Appi,
