2566 4524
146 254 212 322 514
442 262 560 320 LIBER
576 262 620 335 X,
638 263 681 319 19.
700 265 775 332 [au
785 260 883 331 cdbss]

96 449 131 496 10
149 435 322 514 gesturum.
353 432 420 488 tum
437 423 572 488 militum
589 421 708 489 clamor
724 430 820 499 ortus,
834 430 871 486 ut
888 418 985 487 simul
1002 420 1095 488 ambo
1109 420 1167 489 bel·

98 544 128 591 11
148 521 215 586 lum
237 518 410 585 Etruscum
439 517 642 604 susciperent.
685 538 749 602 quo
774 515 997 583 animadverso
1023 538 1168 583 consensu

148 612 352 681 Volumnius:
372 611 534 697 ‘quoniam
552 611 586 677 in
603 610 742 698 collegae
755 608 917 677 voluntate
934 608 1168 697 interpretanda’

147 709 250 794 inquit
267 709 392 786 ‘erravi
410 729 475 773 non
492 706 694 784 committam,
713 715 757 784 ut,
770 704 847 790 quid
860 726 919 772 vos
933 706 1050 785 velitis,
1068 705 1170 773 obscu-

148 826 219 868 rum
237 801 291 868 sit:
313 822 439 867 manere
457 824 498 866 an
515 799 601 867 abire
618 823 669 865 me
687 799 804 878 velitis,
826 799 964 867 clamore
983 796 1169 889 significate?

98 912 131 970 12
149 908 216 963 tum
237 917 313 962 vero
335 904 440 961 tantus
464 904 512 962 est
534 895 652 961 clamor
673 904 816 973 exortus,
838 903 874 960 ut
895 894 1008 962 hostes
1030 918 1050 962 e
1071 895 1169 962 caenis

149 991 275 1059 exciret.
311 991 406 1056 armis
429 990 559 1077 arreptis
581 990 614 1055 in
636 989 736 1056 aciem
758 988 962 1056 descendunt
1000 1000 1033 1057 et
1050 988 1168 1057 Volum-

98 1111 131 1159 13
148 1087 220 1152 nius
238 1085 330 1172 signa
347 1106 458 1150 canere
471 1106 509 1149 ac
521 1083 636 1149 vexilla
653 1083 757 1151 efferri
774 1084 885 1150 castris
902 1084 1008 1151 iussit.
1039 1083 1170 1172 Appium

149 1179 353 1246 addubitasse
370 1178 475 1245 ferunt
493 1188 680 1256 cernentem,
700 1199 757 1244 seu
773 1187 935 1265 pugnante
953 1201 1013 1245 seu
1026 1180 1132 1264 quieto
1144 1198 1171 1244 se

148 1275 217 1341 fore
235 1275 373 1361 collegae
391 1274 568 1352 victoriam
594 1272 708 1338 deinde
725 1273 873 1351 veritum,
894 1295 935 1340 ne
954 1296 1034 1341 suae
1056 1294 1172 1358 quoque

149 1369 290 1456 legiones
311 1366 518 1434 Volumnium
539 1377 755 1452 sequerentur,
782 1382 814 1433 et
834 1367 940 1454 ipsum
965 1367 1172 1456 flagitantibus

99 1486 133 1534 14
151 1465 217 1532 suis
235 1465 361 1551 signum
379 1463 514 1528 dedisse.
550 1460 590 1527 ab
608 1472 719 1528 neutra
739 1471 827 1549 parte
850 1461 927 1528 satis
949 1461 1118 1530 commode
1132 1461 1172 1526 iu·

151 1559 260 1626 structi
276 1558 413 1625 fuerunt.
448 1566 571 1623 namet
590 1554 779 1623 Samnitium
797 1552 1006 1647 duleellius
1023 1554 1171 1645 Egnatius

149 1653 333 1741 pabulatum
359 1675 432 1719 cum
458 1651 639 1718 cohortibus
669 1651 779 1738 paucis
804 1650 883 1717 ierat
909 1674 1032 1737 suoque
1063 1652 1172 1738 impetu

149 1749 252 1836 magis
270 1748 384 1815 milites
396 1769 493 1832 quam
511 1747 696 1831 cuiusquam
709 1744 807 1811 ductu
823 1754 878 1810 aut
893 1745 1028 1833 imperio
1041 1766 1172 1834 pugnam

102 1864 134 1912 15
152 1842 373 1930 capessebant,
396 1852 427 1907 et
444 1842 580 1908 Romani
602 1840 757 1908 exercitus
774 1862 834 1907 nec
850 1840 968 1926 pariter
985 1840 1082 1908 ambo
1099 1837 1173 1906 ducti

151 1960 211 2003 nec
233 1937 309 2003 satis
332 1937 480 2023 temporis
503 1937 545 2002 ad
565 1935 784 2002 instruendum
805 1934 875 2001 fuit.
914 1935 1005 2021 prius
1027 1933 1173 2003 concurrit

102 2052 133 2100 16
152 2030 342 2097 Volumnius
364 2052 459 2115 quam
480 2028 607 2117 Appius
629 2030 671 2096 ad
696 2029 819 2096 hostem
845 2029 1034 2116 perveniret
1079 2031 1174 2114 itaque

152 2127 255 2191 fronte
280 2123 436 2209 inaequali
463 2146 652 2191 concursum
669 2134 736 2205 est;
768 2133 799 2190 et
824 2124 912 2191 velut
937 2123 1020 2191 forte
1048 2125 1175 2210 quadam

152 2229 293 2286 mutante
311 2220 460 2285 adsuetos
477 2219 559 2284 inter
577 2241 611 2285 se
627 2219 736 2285 hostes
749 2216 878 2286 Etrusci
892 2218 1079 2300 Volumnio,
1094 2217 1175 2287 Sam-

151 2314 247 2393 nites,
269 2335 438 2400 parumper
459 2313 596 2380 cunctati
617 2314 692 2398 quia
713 2314 778 2380 dux
799 2313 920 2393 aberat,
942 2313 1057 2402 Appio
1079 2335 1175 2382 occur·

103 2431 134 2478 1⁷
152 2432 230 2475 rere.
267 2410 379 2474 dicitur
396 2408 523 2496 Appius
545 2409 578 2474 in
599 2409 704 2475 medio
725 2431 852 2499 pugnae
869 2410 1068 2490 discrimine,
1091 2413 1134 2477 ita
1147 2416 1174 2474 ut

152 2504 233 2568 inter
250 2504 351 2591 prima
369 2504 461 2591 signa
477 2503 623 2569 manibus
637 2505 679 2569 ad
696 2505 819 2570 caelum
836 2504 969 2571 sublatis
988 2505 1175 2594 conspicere

153 2609 212 2677 tur,
231 2599 275 2664 ita
292 2609 437 2685 precatus
457 2620 540 2665 esse:
567 2599 727 2679 ‘Bellona,
750 2601 776 2666 si
798 2600 892 2666 hodie
910 2601 1004 2668 nobis
1022 2603 1176 2668 victoriam

103 2712 135 2762 18
153 2695 240 2773 duis,
262 2705 312 2760 ast
334 2717 394 2781 ego
416 2693 474 2760 tibi
499 2694 650 2781 templum
672 2693 793 2761 voveo?
826 2694 906 2776 haec
927 2706 1081 2782 precatus
1102 2696 1176 2762 velut

152 2790 323 2874 instigante
341 2790 401 2854 dea
419 2790 535 2876 etipse
553 2789 693 2876 collegae
711 2799 743 2857 et
760 2789 914 2856 exercitus
934 2788 1083 2878 [alterius
1101 2812 1176 2858 exer·

153 2880 249 2969 citus]
277 2883 423 2948 virtutem
445 2885 599 2969 aequavit.
636 2885 732 2952 duces
754 2884 955 2970 imperatoria
977 2909 1079 2973 opera
1099 2906 1176 2953 exse-

155 2987 268 3042 cuntur
285 2988 317 3042 et
333 2978 458 3058 milites,
472 3002 512 3044 ne
525 2978 565 3045 ab
578 2979 676 3046 altera
692 2991 780 3066 parte
793 2980 880 3065 prius
895 2980 1032 3047 victoria
1049 2981 1176 3068 incipiat,

15 3134 20 3142 ,
104 3091 135 3140 19
154 3073 344 3139 adnituntur.
382 3096 457 3162 ergo
474 3075 611 3139 fundunt
627 3075 802 3162 fugantque
818 3074 926 3140 hostes
949 3075 1107 3144 maiorem
1122 3095 1176 3141 mo-

153 3168 217 3234 lem
234 3169 311 3234 haut
327 3168 420 3235 facile
439 3169 627 3235 sustinentes
645 3191 740 3255 quam
763 3191 835 3234 cum
852 3191 916 3254 qua
937 3193 1058 3238 manus
1081 3190 1177 3237 conse·

153 3284 222 3328 rere
248 3262 371 3329 adsueti
396 3263 530 3329 fuerant.
579 3264 721 3350 urgendo
748 3263 895 3330 cedentes
925 3263 1176 3349 insequendoque

102 3377 136 3424 20
154 3359 273 3423 effusos
295 3358 462 3444 conpulere
485 3358 526 3423 ad
547 3367 658 3423 castra.
693 3358 739 3425 ibi
759 3358 938 3423 interuentu
957 3355 1060 3425 Gellii
1082 3360 1176 3426 cohor-

154 3451 296 3536 tiumque
315 3449 512 3518 Sabellarum
533 3452 694 3538 paulisper
710 3451 867 3519 recruduit
884 3474 1006 3540 pugna.
1045 3454 1177 3538 hisque

103 3564 134 3612 21
154 3567 216 3630 que
234 3568 309 3611 mox
326 3547 406 3613 fusis
424 3549 487 3612 iam
505 3571 525 3612 a
542 3546 712 3614 victoribus
731 3557 833 3614 castra
850 3548 1133 3635 oppugnabantur,
1153 3554 1177 3611 et

154 3662 227 3705 cum
237 3638 425 3707 Volumnius
438 3642 507 3727 ipse
515 3653 623 3728 portae
633 3642 724 3729 signa
731 3640 869 3719 inferret,
880 3640 1013 3727 Appius
1022 3643 1177 3709 Bellonam

153 3734 315 3800 victricem
332 3735 502 3800 identidem
520 3735 680 3803 celebrans
697 3735 882 3802 accenderet
898 3736 1039 3802 militum
1058 3738 1177 3809 animos,

102 3846 135 3896 22
153 3853 210 3916 per
222 3830 349 3909 vallum,
362 3853 419 3917 per
432 3829 536 3896 fossas
549 3831 740 3917 inruperunt.
768 3840 871 3897 castra
884 3842 981 3917 capta
994 3832 1176 3920 direptaque,

153 3926 270 4010 praeda
283 3925 396 4012 ingens
409 3934 499 4011 parta
513 3935 543 3990 et
555 3925 647 3990 militi
659 3947 810 3991 concessa
823 3934 881 3990 est.
909 3935 1035 4013 septem
1054 3926 1137 3992 milia
1147 3940 1176 3987 aa

154 4019 283 4084 trecenti
301 4019 440 4085 hostium
458 4019 562 4099 occisi,
582 4020 644 4086 duo
661 4020 748 4086 milia
765 4030 796 4087 et
814 4029 943 4086 centum
962 4021 1079 4110 viginti
1096 4015 1176 4106 capb'»
