2566 4524
144 251 209 320 456
347 263 465 319 LIBER
481 262 581 333 VIIII,
600 260 698 318 1415.
718 258 970 333 [auelssbdttb]

111 446 129 496 u
147 433 290 492 auctores
305 422 491 489 Tarentinos
504 421 677 487 videantur.
710 421 851 508 accipere
869 444 905 488 se
923 444 1019 488 omen
1035 424 1159 490 consules

146 521 234 587 aiunt
256 528 287 583 et
304 539 374 583 earn
391 517 511 605 precari
529 524 665 582 mentem
682 514 841 596 hostibus,
865 525 902 582 ut
917 538 959 583 ne
976 517 1093 584 vallum
1108 519 1161 604 qui·

113 616 221 684 odem
251 612 431 678 defendant.
474 610 536 696 ipsi
567 611 648 675 inter
674 632 709 674 se
733 610 854 697 partitis
880 611 983 699 copiis
1010 613 1161 680 succedunt
1197 626 1199 699 ᾗ

145 708 284 776 hostium
305 706 521 784 munimentis,
550 715 580 770 et
603 705 697 770 simul
718 705 857 790 undique
875 707 995 787 adorti,
1019 730 1089 774 cnm
1102 730 1162 796 pars

146 804 252 870 fossas
278 801 453 887 explerent,
479 823 552 887 pars
579 798 730 865 vellerent
755 799 872 866 vallum
899 809 999 887 atque
1023 803 1056 869 in
1075 803 1163 870 fossos
1195 806 1199 889 ἶ

146 906 343 986 proruerent,
370 917 429 960 nec
450 895 550 960 virtus
572 894 666 960 modo
687 894 796 973 insita,
824 895 880 960 sed
901 895 951 962 ira
973 897 1065 964 etiam
1088 897 1163 962 exul·
1193 902 1199 957 t

97 1011 131 1065 ιο
148 999 270 1059 ceratos
292 989 465 1077 ignominia
487 989 661 1056 stimularet
683 989 819 1070 animos,
843 1000 948 1056 castra
970 992 1118 1071 invasere,
1137 1000 1162 1056 et

146 1109 205 1176 pro
227 1108 262 1152 se
284 1085 431 1170 quisque,
454 1106 519 1150 non
535 1084 614 1149 haec
631 1083 770 1150 furculas
787 1106 847 1151 nec
865 1084 1029 1152 Caudium
1045 1108 1100 1153 nec
1114 1085 1162 1152 sal·
1191 1090 1194 1097 '

148 1192 200 1248 tus
217 1181 320 1246 invios
338 1201 424 1257 esse,
451 1178 506 1244 ubi
528 1201 665 1244 errorem
687 1178 774 1246 fraus
798 1179 932 1267 superbe
955 1181 1096 1260 vicisset,
1119 1179 1162 1245 sed

147 1275 325 1343 Romanam
339 1274 500 1351 virtutem,
519 1295 614 1358 quarn
628 1296 687 1339 nec
700 1273 818 1339 vallum
830 1296 890 1341 nee
902 1274 1013 1343 fossae
1031 1284 1163 1352 arcerent

97 1391 128 1439 11
148 1379 372 1448 memorantes,
391 1368 525 1434 caedunt
537 1369 654 1455 pariter
665 1368 846 1434 resistentes
858 1368 1030 1456 fusosque,
1048 1371 1163 1437 inermes

149 1476 244 1550 atque
261 1474 412 1542 armatos,
432 1485 539 1528 servos
557 1462 687 1542 liberos,
709 1462 845 1550 puberes
862 1463 1016 1551 inpubes,
1039 1465 1161 1531 homines

98 1577 130 1628 12
148 1559 359 1642 iumentaque.
395 1579 454 1624 nec
471 1557 570 1622 ullum
594 1557 802 1644 superfuisset
822 1558 953 1637 animal,
981 1560 1016 1625 ni
1037 1558 1163 1627 consules

147 1653 288 1738 receptui
302 1653 428 1738 signum
442 1651 602 1717 dedissent
616 1652 788 1736 avidosque
802 1652 907 1719 caedis
916 1653 1035 1720 milites
1046 1652 1161 1721 ecastris

98 1765 131 1818 13
148 1746 287 1812 hostium
300 1747 430 1832 imperio
444 1768 481 1811 ao
494 1746 587 1812 minis
604 1747 806 1833 expulissent
824 1747 932 1831 itaque
945 1749 1035 1836 apud
1043 1749 1161 1815 infensos

78 1883 81 1889 »
148 1841 189 1909 ob
212 1842 440 1927 interpellatam
462 1842 660 1907 dulcedinem
680 1843 745 1906 irae
767 1841 935 1907 confestim
958 1844 1061 1911 oratio
1077 1842 1162 1910 habite

98 1956 132 2004 14
149 1945 213 2014 est,
230 1944 266 2000 ut
278 1936 442 2001 doceretur
454 1935 559 2013 miles,
578 1936 707 2001 minime
721 1935 867 2020 cuiquam
881 1937 1019 2003 militum
1038 1936 1160 2005 consulet

149 2029 221 2096 odio
238 2029 272 2092 in
288 2028 388 2093 hostis
407 2028 541 2094 cessisse
555 2039 609 2094 aut
623 2051 782 2107 cessuros,
801 2030 876 2114 quin
890 2030 990 2098 duces
1004 2032 1087 2098 sicut
1097 2028 1160 2105 belli,

148 2123 193 2188 ita
213 2120 399 2188 insatiabilis
423 2122 568 2208 supplicii
586 2124 707 2190 futuros
725 2123 839 2202 fuisse,
862 2125 897 2188 ni
912 2137 1079 2213 respectus
1096 2122 1160 2211 equi·

149 2226 217 2282 tum
235 2225 463 2296 sescentonrm,
487 2217 541 2302 qui
558 2217 715 2283 Luceriae
732 2216 860 2283 obsides
878 2215 1071 2300 tenerentur,
1091 2238 1160 2309 proc·

98 2332 130 2382 15
147 2311 288 2399 podisset
305 2312 441 2389 animos,
459 2334 499 2377 ne
512 2311 678 2398 desperata
691 2312 783 2377 venia
799 2311 907 2379 hostes
926 2335 1041 2382 caecos
1059 2315 1160 2397 insup-

147 2406 242 2493 plicia
264 2428 372 2472 eorum
394 2415 515 2494 ageret,
537 2407 668 2493 perdere
685 2406 772 2492 prius
791 2429 886 2491 quem
904 2409 1009 2493 perire
1027 2417 1158 2498 optantes
1192 2482 1199 2487 -

98 2519 131 2570 16
148 2500 277 2566 laudare
295 2524 332 2567 ea
349 2501 464 2567 milites
477 2501 661 2585 laetarique,
682 2501 807 2567 obviam
824 2501 904 2566 itum
920 2502 990 2568 irae
1008 2525 1084 2569 suae
1099 2519 1156 2573 esse,

149 2616 188 2660 nc
209 2595 313 2674 fateri,
342 2596 447 2661 omnia
468 2596 615 2681 patienda
636 2596 741 2681 potius
764 2618 859 2679 quam
885 2598 1072 2681 proderetur
1095 2594 1158 2662 salut

149 2698 195 2755 tot
211 2691 389 2776 principum
406 2690 568 2756 Romanae
586 2691 766 2754 iuventutis.

116 2804 128 2850 1
213 2783 292 2848 XV.
323 2784 468 2850 Dimissa
481 2786 625 2850 contione
640 2785 804 2850 consilium
817 2784 977 2865 habitum,
996 2786 1157 2853 omnibusne

150 2877 248 2962 copiis
258 2877 428 2942 Luceriam
440 2889 616 2964 premerent
630 2902 671 2943 an
683 2879 780 2944 sltero
794 2880 935 2944 exercitu
949 2889 981 2947 et
994 2881 1074 2946 duce
1084 2872 1157 2964 Apul

115 2988 131 3038 2
151 2971 248 3048 circa,
268 2993 346 3057 gens
365 2971 479 3038 dubiae
497 2974 538 3037 ad
555 2975 588 3038 id
606 2973 789 3051 voluntatis,
808 2983 1048 3062 temptarentur.
1073 2968 1166 3040 Pal·
1193 3056 1199 3061 -

149 3062 211 3130 lius
239 3058 349 3131 consul
376 3067 416 3131 ad
441 3069 670 3154 peragrandam
696 3067 857 3153 profectus
883 3067 1041 3155 Apuliam
1066 3069 1156 3151 aliqud
1191 3124 1199 3157 z

149 3160 348 3247 expeditione
369 3183 433 3226 una
453 3162 586 3248 populos
609 3171 663 3227 aut
679 3163 711 3226 vi
730 3161 854 3250 subegit
872 3173 929 3228 aut
946 3160 1155 3231 condicionibut

115 3272 131 3321 a
148 3253 182 3320 in
200 3255 381 3321 societatem
399 3257 528 3341 accepit.
563 3254 693 3342 Papirio
711 3278 849 3341 quoque,
874 3257 930 3341 qui
948 3258 1096 3325 obsessor
1109 3254 1154 3321 Io·
1188 3330 1195 3347 ἑ

149 3349 250 3414 ceriae
267 3351 436 3428 restiterat,
460 3349 549 3416 brevi
572 3351 614 3415 ad
636 3373 726 3437 spem
747 3361 879 3417 eventus
899 3354 1075 3440 respondit
1104 3352 1155 3415 neu
1186 3408 1192 3417 .

149 3441 280 3508 insessis
308 3444 453 3511 omnibus
475 3445 549 3523 viis,
577 3468 635 3532 per
660 3467 740 3530 quas
766 3455 964 3514 commeatus
988 3470 1030 3514 ex
1054 3438 1162 3515 Sannio.

151 3535 413 3620 subvehebantur,
442 3541 527 3607 fame
553 3541 663 3606 domiti
687 3538 861 3620 Samnites,
888 3543 946 3626 qui
968 3533 1153 3610 Lucerini
1188 3594 1198 3601 .-

149 3630 307 3718 praesidio
331 3645 432 3714 erant,
458 3635 580 3723 legatos
603 3636 717 3701 misere
739 3636 780 3701 ad
806 3636 972 3703 consulem
993 3638 1153 3705 Romanu
1184 3714 1186 3719 ¹

148 3735 185 3791 ut
201 3729 345 3814 ¹receptis
372 3729 544 3815 equitibus,
572 3731 745 3814 qui‘causa
766 3729 841 3796 belli
867 3741 990 3811 essent,
1018 3728 1152 3798 absistent

114 3820 322 3888 tobsidione.
358 3824 397 3889 iis
414 3823 562 3911 Papirius
584 3826 629 3890 ita
649 3824 825 3912 respondit:
851 3823 1004 3893 debuisse
1026 3848 1078 3892 eos
1093 3822 1151 3888 Por·

149 3915 228 3980 tium
249 3915 393 3982 Herenni
414 3917 527 3997 filium,
556 3940 619 4003 quo
646 3929 773 3986 auctore
795 3919 961 3987 Romanos
987 3920 1046 3987 sub
1069 3919 1150 4003 ingan
1184 3968 1199 4007 :

148 4010 322 4090 misissent,
359 4012 536 4092 consulere,
572 4014 648 4099 quid
683 4014 774 4081 victis
809 4015 997 4101 patiendum
1030 4010 1148 4082 censer&
1182 4062 1199 4101 2
