2566 4524
225 200 290 267 528
458 212 577 267 LIBER
593 212 637 283 X,
654 212 698 269 31.
710 212 753 269 32.
772 216 847 283 [ιιι.
857 230 883 271 c.
893 212 1030 286 459.ssOE

190 395 208 445 o
224 380 401 460 pugnatum
418 370 631 437 infestissimis
648 371 776 450 animis,
792 370 867 437 binc
883 371 932 437 ira
948 372 1129 439 stimulante
1144 373 1233 441 adver·

225 489 281 533 sus
302 464 489 533 rebellantes
511 465 639 544 totiens,
660 465 747 532 illinc
763 465 804 531 ab
820 465 934 531 ultima
952 466 1020 533 iam
1036 466 1234 537 dimicandus

191 583 206 631 t
226 584 293 649 spe.
329 583 422 627 caesa
438 583 515 649 ergo
534 557 724 628 Samnitium
741 560 879 627 sedecim
895 561 986 627 milia
1002 561 1146 642 ueeenti,
1161 571 1237 650 cepta

225 656 393 724 duomilia
415 655 618 744 septingenti3
644 679 686 723 ex
701 656 846 723 Romano
867 657 1010 723 exercitu
1030 657 1168 726 cecidere
1184 658 1237 727 duo

224 752 312 819 milia
329 752 528 839 septingenti.
1259 767 1275 775 ’

187 867 205 918 a
282 846 376 913 Felix
393 870 494 912 annus
511 844 632 912 bellicis
649 844 755 924 rebus,
772 845 951 933 pestilentia
966 848 1077 935 gravis
1092 847 1238 936 prodigiis·

223 965 286 1028 qne
308 942 469 1008 sollicitus.
505 965 579 1007 nam
596 951 628 1007 et
645 950 760 1007 terram
780 940 985 1007 multifariam
1006 942 1149 1030 pluvisse
1167 941 1237 1009 etin
1268 1001 1272 1004 .

222 1039 362 1105 exercitu
374 1036 439 1124 Ap.
450 1035 576 1102 Claudii
592 1034 759 1122 plerosque
775 1034 960 1102 fulminibus
978 1037 1061 1103 ictos
1079 1037 1237 1103 nuntiatum
1271 1055 1272 1058 ’

187 1152 204 1201 a
222 1143 280 1211 est,
294 1131 427 1217 librique
441 1130 483 1196 ob
495 1129 575 1195 haee
588 1129 674 1194 aditi.
705 1151 744 1196 eo
757 1151 839 1196 auno
853 1128 894 1214 Q.
903 1128 1027 1197 Fabius
1037 1128 1166 1220 Gurges
1177 1151 1238 1197 oon·

221 1228 300 1294 aulis
318 1227 402 1293 tilius
419 1226 538 1310 aliquot
559 1234 719 1291 matronas
736 1224 778 1290 ad
798 1224 950 1311 populum
968 1226 1074 1313 stupri
1091 1227 1238 1293 demum

219 1322 354 1410 pecunia
375 1321 533 1399 multavit,
556 1342 597 1385 ex
614 1341 678 1404 quo
699 1319 871 1385 multaticio
888 1342 961 1385 aero
977 1319 1117 1388 Veneris
1133 1321 1238 1399 aedem,

220 1438 301 1502 quae
319 1437 417 1504 prope
435 1415 553 1481 cneum
570 1423 628 1491 est,
646 1412 824 1479 faciendam
841 1413 971 1480 amavit.

170 1531 202 1581 ιο
283 1509 461 1598 Supersunt
480 1509 574 1575 etiam
590 1530 675 1573 nunc
689 1505 879 1574 Samnitium
895 1506 989 1589 bella,
1007 1532 1093 1595 quae
1110 1509 1241 1578 continua

220 1629 278 1693 per
293 1615 441 1691 quartum
461 1605 525 1669 iam
547 1604 696 1670 volumen
717 1625 897 1689 annumque
919 1613 1049 1670 sextum
1072 1616 1105 1671 et
1121 1605 1240 1691 quadra·

219 1701 399 1789 gensimum
417 1724 437 1765 a
448 1698 496 1765 M.
506 1697 644 1777 Valerio,
657 1698 700 1763 A.
711 1697 859 1765 Cornelio
875 1697 1072 1779 consulibus,
1092 1700 1147 1786 qui
1161 1696 1241 1788 primi

169 1816 201 1865 11
222 1794 352 1863 Samnio
370 1819 458 1860 arma
474 1794 658 1872 intulerunt,
677 1794 811 1881 agimus.
847 1802 880 1860 et
895 1816 936 1859 ne
952 1802 1001 1860 tot
1017 1817 1174 1862 annorum
1189 1793 1241 1860 cla·

213 1891 277 1967 ,des
294 1891 458 1975 utriusque
480 1889 584 1977 gentis
606 1887 794 1973 laboresque
811 1898 899 1956 actos
916 1912 1001 1956 nunc
1017 1890 1167 1969 referam,
1183 1889 1241 1976 qui·

168 2004 201 2054 12
218 1983 280 2051 bus
301 1984 499 2068 nequiverint
520 1992 626 2049 tamen
648 1984 728 2049 dura
751 1982 807 2048 illa
830 1992 959 2070 pectora
980 1985 1084 2065 vinci,
1110 1985 1240 2073 proximo

219 2101 301 2144 anno
321 2075 480 2144 Samnites
501 2077 535 2142 in
558 2074 716 2145 Sentinati
737 2101 814 2165 agro
835 2076 998 2166 Paelignis
1020 2080 1066 2147 ad
1088 2080 1240 2148 Tifemun
1262 2098 1265 2103 ·

220 2169 405 2240 Stellatibus
422 2171 557 2258 campis,
581 2172 647 2237 suis
663 2172 727 2259 ipsi
742 2171 933 2260 legionibus,
955 2173 1051 2239 mixti
1069 2175 1192 2254 alienis,
1208 2171 1240 2241 ab

217 2276 366 2352 quattuor
395 2265 603 2344 exercitibus,
639 2275 787 2351 quattuor
816 2267 949 2333 ducibus
980 2267 1139 2337 Romanis
1169 2265 1240 2336 eaesi

215 2362 354 2439 fueraut,
376 2361 596 2448 imperatorem
618 2360 826 2426 clarissimum
847 2361 950 2449 gentis
975 2385 1055 2430 suae
1074 2365 1239 2440 amiserant,

168 2479 199 2527 13
218 2457 321 2523 socios
344 2454 419 2523 belli
436 2461 602 2533 Etruscos,
625 2453 782 2535 Umbros,
801 2454 910 2524 Gallos
933 2457 967 2522 in
989 2459 1106 2526 eadem
1126 2461 1239 2528 fortuna

216 2552 379 2630 videbant,
407 2573 470 2636 qua
491 2551 552 2636 ipsi
575 2560 676 2629 erant,
702 2574 762 2617 nec
789 2552 855 2619 suis
881 2573 939 2617 nec
962 2556 1106 2622 externis
1133 2555 1239 2621 viribus

166 2669 199 2717 14
216 2646 279 2711 iam
298 2656 380 2711 stare
398 2655 541 2731 poterant
559 2681 602 2691 -
619 2655 724 2710 tamen
740 2646 824 2713 bello
841 2670 905 2713 non
926 2646 1146 2717 abstinebant:
1172 2651 1237 2717 adeo

215 2765 256 2806 ne
273 2740 440 2806 infeliciter
456 2741 584 2823 quidem
606 2741 755 2806 defensae
777 2741 928 2808 libertatis
950 2744 1105 2813 taedebat
1121 2756 1152 2813 et
1167 2743 1237 2811 vinci

165 2857 311 2918 taquam
333 2857 398 2898 non
416 2844 568 2919 temptare
585 2836 748 2901 victoriam
765 2836 932 2903 malebant.
970 2839 1104 2924 quinam
1126 2842 1167 2908 sit
1185 2840 1236 2917 ille,

214 2951 309 3011 quem
331 2927 438 3016 pigeat
463 2928 700 3016 longinquitatis
725 2931 879 2998 bellorum
905 2932 1077 3002 scribendo
1102 2936 1237 3025 legendo·

215 3044 286 3107 que,
306 3045 387 3108 quae
405 3038 549 3110 gerentes
567 3049 631 3090 non
647 3026 877 3113 fatigaverunt?

182 3140 196 3186 1
278 3118 435 3184 XXXH.
460 3118 500 3202 Q.
511 3120 656 3198 Fabium,
670 3120 708 3187 P.
719 3121 857 3187 Decium
869 3122 912 3188 L.
922 3121 1115 3194 Postumius
1127 3125 1238 3215 Megel-

180 3234 195 3279 2
214 3213 265 3279 lus
284 3223 314 3278 et
332 3213 379 3277 M.
390 3212 509 3278 Atilius
523 3214 666 3301 Regulus
685 3216 831 3282 consules
850 3217 950 3283 secuti
968 3230 1055 3287 suut.
1085 3220 1235 3290 Samnium

213 3308 367 3373 ambobus
386 3309 512 3374 decreta
528 3310 689 3395 provincia
706 3321 762 3389 est,
781 3311 856 3396 quia
872 3321 937 3378 tres
956 3315 1097 3402 scriptos
1113 3318 1234 3386 hostium

213 3404 382 3481 exercitus,
406 3427 469 3469 uno
491 3403 665 3483 Etruriam,
688 3406 785 3472 altero
806 3407 1028 3493 populationes
1055 3411 1234 3501 Campaniae

179 3516 194 3562 3
212 3497 324 3579 repeti,
348 3497 472 3562 tertium
496 3499 619 3565 tuendis
640 3501 744 3587 parari
765 3500 880 3568 finibus
902 3503 991 3570 fama
1013 3519 1096 3574 erat.
1134 3509 1235 3574 Postu·

212 3589 310 3652 mium
333 3590 480 3657 valetudo
502 3593 636 3660 adversa
656 3594 778 3661 Romae
801 3596 915 3676 tenuit,
936 3597 1063 3667 Atilius
1092 3600 1235 3689 extemplo

210 3684 385 3769 profectus,
410 3698 443 3749 ut
461 3687 493 3750 in
513 3685 643 3755 Samnio
661 3690 768 3757 hostes
787 3726 829 3737 -
845 3691 890 3757 ita
907 3693 994 3759 enim
1011 3695 1175 3782 placuerat
1188 3720 1236 3784 pa·

175 3798 192 3844 4
211 3779 362 3844 tribus-
371 3782 510 3845 nondum
524 3807 685 3871 regressos
700 3786 897 3873 opprimeret.
925 3789 1015 3855 velut
1028 3813 1074 3857 ex
1087 3791 1235 3881 conposito

208 3872 253 3938 ibi
271 3874 400 3941 obvium
422 3875 560 3943 habuere
582 3880 719 3959 hostem,
742 3881 798 3947 ubi
815 3892 847 3948 et
868 3883 988 3950 intrare
1008 3884 1166 3976 (vastare)
1185 3882 1235 3975 ipsi

210 3963 401 4036 Samnitium
420 3997 531 4061 agrum
549 3975 788 4061 prohiberentur
806 3987 836 4043 et
853 3980 981 4066 regredi
998 3982 1078 4051 inde
1091 3985 1125 4051 in
1136 3990 1235 4073 pacata
