2566 4524
310 270 429 326 meas
444 272 529 343 vm,
547 273 590 327 ac.
602 273 646 327 21.
665 271 813 342 [acceo.
827 276 891 347 aas]
1051 266 1116 333 419

92 438 211 516 captam
224 426 336 493 urbem
348 427 590 512 Vitruviumque
603 429 711 493 vivum
723 430 757 499 in
773 440 960 516 potestatem
976 435 1113 516 venisse,

92 524 147 601 alii,
167 522 354 609 priusquam
366 521 477 587 ultima
489 521 689 588 adhiberetur
700 524 758 603 vis,
772 525 859 611 ipsos
874 549 908 592 se
920 526 955 593 in
963 529 1111 596 ditionem

92 616 224 682 consulis
248 615 420 681 caduceum
440 614 653 701 praeferentes
674 618 856 703 permisisse
878 629 1020 688 auctores
1039 634 1112 688 sunt

91 709 331 794 Vrtruviumque
348 707 389 774 ab
407 710 473 774 suis
491 709 648 775 traditum.
684 720 812 777 senatus
830 713 869 778 de
882 711 1028 781 Vitruvio
1041 716 1111 781 Pri·
1131 733 1144 778 7

91 803 332 888 vernatibusque
358 801 519 869 consultus
546 804 707 870 consulem
727 803 889 871 Plautium
910 808 1020 875 dirutis
1042 809 1113 875 Pri-

91 898 173 964 verni
198 897 298 962 muris
323 896 541 983 praesidioque
567 897 672 963 valido
699 898 834 984 inposito
857 901 898 966 ad
919 902 1112 989 triumphum

91 992 234 1071 accersit,
259 990 440 1058 Vitruvium
464 991 498 1056 in
524 1013 680 1057 carcerem
707 993 865 1059 adservari
890 994 982 1061 iussit
1008 998 1112 1080 quoad

91 1085 198 1153 consul
213 1086 360 1164 redisset,
380 1093 447 1152 tum
463 1084 662 1152 verberatum
679 1087 792 1152 necari.
833 1089 926 1154 aedes
945 1089 1012 1155 eius
1031 1112 1112 1174 quae
1130 1107 1145 1154 8

91 1188 193 1246 essent
209 1179 243 1245 in
259 1178 382 1244 Palatio
400 1179 582 1258 diruendas,
604 1178 689 1246 bona
707 1178 837 1247 Semoni
856 1179 960 1248 Sanco
982 1203 1112 1250 censue-

89 1282 159 1340 runt
175 1273 400 1351 consecranda,
424 1273 570 1359 quodque
588 1275 668 1341 aeris
687 1297 727 1341 ex
745 1275 790 1341 eis
807 1276 968 1342 redactum
986 1287 1048 1356 est,
1072 1300 1111 1343 ex

90 1389 126 1434 eo
151 1368 252 1433 aenei
267 1366 359 1433 orbes
385 1367 461 1433 facti
486 1368 581 1454 positi
606 1368 639 1433 in
665 1369 780 1435 sacello
808 1367 931 1436 Sancus
958 1370 1110 1437 adversus

90 1461 197 1527 aedem
212 1460 345 1543 Quirini.
377 1461 417 1526 de
436 1472 546 1527 senatu
557 1462 740 1529 Privernate
757 1464 802 1528 ita
818 1465 986 1544 decretum,
1005 1473 1040 1530 ut
1057 1466 1112 1550 qui
1129 1482 1145 1528 s

91 1564 213 1622 senator
228 1554 371 1621 Priverni
392 1565 465 1641 post
481 1555 689 1622 desectionem
706 1556 746 1623 ab
764 1558 916 1625 Romanis
933 1558 1110 1638 mansisset,

90 1657 171 1714 trans
195 1648 336 1715 Tiberim
362 1651 434 1738 lege
460 1650 569 1715 eadem
596 1673 658 1735 qua
679 1651 832 1718 Veliterni
858 1652 1021 1720 habitaret.
1060 1654 1111 1719 his
1131 1669 1164 1716 ιο

90 1741 131 1808 ita
147 1742 280 1808 decretis
299 1765 399 1829 usque
417 1743 458 1809 ad
474 1744 666 1830 triumphum
682 1744 789 1810 Plauti
807 1745 965 1812 silentium
982 1748 1022 1812 de
1039 1747 1110 1812 Pri-

91 1837 267 1905 vernatibus
289 1837 362 1903 suit:
388 1846 461 1924 post
481 1838 674 1924 triumphum
696 1840 806 1904 consul
832 1850 943 1906 necato
964 1839 1110 1905 Vitruvio

91 1931 242 2016 sociisque
265 1932 333 1997 eius
354 1953 456 1997 noxae
478 1932 563 2018 apud
585 1933 715 1998 satiatos
736 1933 800 1998 iam
817 1933 978 2019 suppliciis
996 1954 1112 1999 nocen-

90 2023 167 2089 tiam
182 2033 283 2090 tutam
300 2026 489 2091 mentionem
507 2027 546 2090 de
563 2024 798 2093 Privernatibus
820 2037 922 2093 ratus:
950 2027 1111 2113 ‘quoniam
1130 2043 1160 2092 11

89 2127 229 2185 auctores
248 2118 446 2186 delectionis'
462 2120 563 2204 inquit
581 2121 723 2187 ‘meritas
740 2138 859 2209 poenas
878 2132 909 2188 et
926 2121 966 2188 ab
984 2122 1044 2188 diis
1061 2121 1111 2188 in-

88 2211 269 2279 mortalibus
288 2222 320 2279 et
336 2237 356 2278 a
372 2212 463 2279 vobis
481 2213 610 2292 habent,
628 2223 732 2300 patres
751 2216 932 2301 conscripti,
950 2217 1027 2300 quid
1043 2215 1111 2302 pla-

88 2315 135 2372 cet
147 2308 187 2372 de
200 2306 328 2374 innoxia
339 2307 538 2373 multitudine
549 2308 636 2374 fieri?
653 2309 812 2393 equidem,
832 2308 892 2374 etsi
903 2330 992 2391 meae
1005 2317 1110 2395 partes
1129 2328 1159 2376 ra

87 2400 297 2485 exquirendae
319 2403 422 2489 magis
444 2402 615 2469 sententiae
631 2425 728 2487 quam
744 2403 866 2468 dandae
884 2411 971 2480 sunt,
993 2412 1109 2481 tamen,

86 2516 156 2560 cum
183 2496 310 2561 videam
330 2494 530 2563 Privernates
553 2497 671 2562 vicinos
696 2496 890 2564 Samnitibus
913 2518 997 2575 esse,
1024 2497 1110 2562 unde

83 2610 168 2654 nunc
188 2589 281 2656 nobis
303 2590 510 2657 incertissima
530 2613 594 2677 pax
615 2600 677 2668 est,
700 2612 795 2674 quam
812 2591 975 2656 minimum
992 2590 1108 2656 irarum

82 2682 166 2749 inter
181 2704 242 2750 nos
260 2683 393 2770 illosque
410 2684 543 2770 relinqui
561 2683 675 2750 velim?

146 2776 251 2842 XXI.
293 2776 376 2844 Cum
401 2779 472 2865 ipsa
496 2800 553 2865 per
579 2800 648 2844 sese
673 2801 725 2845 res
752 2801 867 2866 anceps
894 2788 992 2858 esset,
1018 2787 1142 2866 proutr

80 2871 238 2954 cuiusque
251 2871 412 2959 ingenium
426 2881 492 2938 erat
505 2872 639 2938 atrocius
653 2873 799 2939 mitiusve
809 2872 1023 2953 suadentibus,
1041 2882 1110 2939 tum

78 2964 251 3033 incertiora
267 2967 372 3032 omnia
388 2989 471 3033 unus
489 2989 529 3032 ex
546 2966 781 3034 Privernatibus
798 2967 911 3054 legatis
930 2967 1019 3047 fecit,
1042 2991 1110 3034 ma-

78 3060 134 3147 gis
152 3059 359 3139 condicionis,
382 3061 416 3125 in
433 3084 496 3146 qua
512 3070 604 3126 natus
623 3069 720 3140 esset,
742 3083 837 3145 quam
858 3061 1032 3146 praesentis
1054 3083 1110 3127 ne-

80 3151 240 3219 cessitatis
259 3176 387 3233 memor,
406 3155 460 3239 qui
476 3155 684 3243 interrogatus
698 3155 868 3239 aquodam
880 3153 1024 3219 tristioris
1039 3176 1109 3220 sen·
1127 3175 1142 3220 a

78 3243 201 3312 tentiae
214 3255 349 3326 auctore,
364 3270 459 3332 quem
467 3271 601 3335 poenam
609 3250 736 3314 meritos
745 3248 944 3314 Privernates
953 3256 1095 3313 censeret

78 3338 194 3418 ‘eam,'
211 3338 312 3425 inquit
331 3346 439 3425 ‘quam
451 3351 609 3408 merentur
622 3343 676 3426 qui
694 3365 728 3407 se
745 3342 887 3407 libertate
905 3341 1018 3427 dignos
1036 3362 1110 3407 cen·

78 3432 174 3508 ¹sent'
206 3433 296 3500 cuius
313 3455 385 3499 cum
403 3435 501 3501 feroci
517 3458 668 3522 responso
685 3436 861 3501 infestiores
875 3435 975 3501 factos
989 3435 1110 3502 videret
1126 3457 1141 3504 s

78 3525 196 3595 consul
220 3548 289 3605 eos,
316 3529 370 3612 qui
392 3540 464 3593 ante
481 3529 710 3594 Privernatium
733 3551 860 3594 causam
881 3529 1107 3618 inpugnabant,

78 3629 114 3687 ut
129 3619 206 3707 ipse
223 3618 360 3708 benigna
376 3623 617 3710 interrogatione
634 3622 740 3687 mitius
762 3645 947 3708 responsum
969 3624 1107 3691 eliceret:

78 3713 190 3801 'quid,
214 3714 405 3801 sipcenam'
425 3716 527 3801 inquit
549 3716 749 3782 ‘remittimus
770 3717 875 3793 vobis,
903 3717 1027 3802 qualem
1049 3739 1107 3783 nos
1127 3737 1142 3783 4

78 3828 195 3897 pacem
212 3805 376 3874 vobiscum
393 3808 553 3875 habituros
573 3809 764 3895 speremus?’
796 3810 837 3874 ‘si
855 3809 969 3876 bonam
987 3811 1108 3875 dederi-

78 3900 148 3983 tie,¹
168 3901 275 3986 inquit
292 3907 338 3969 ‘et
354 3903 450 3969 fidam
467 3913 499 3968 et
515 3913 698 3990 perpetuam
703 3928 713 3982 3
740 3903 913 3981 simelam,
936 3903 1022 3968 haud
1039 3902 1108 3966 diu-

78 3995 230 4067 turnam?
264 4004 331 4061 tum
348 4018 423 4063 vero
439 3997 565 4076 minari,
586 4019 646 4064 nec
662 3997 696 4061 id
712 3997 873 4083 ambigue,
892 3997 1107 4061 Privernatem
1125 4014 1141 4061 5

884 4093 938 4147 27*
