2566 4524
144 246 209 314 394
396 254 515 311 aman
532 253 602 325 vn,
620 251 663 310 so.
675 251 718 309 41.
737 255 813 324 [aa.
824 251 921 325 aaa]

146 420 344 503 quieverunt3
366 436 438 492 vos,
456 413 619 480 Romanus
638 411 806 490 exercitus,
829 432 871 477 ne
889 409 1068 479 destiteritis
1082 411 1150 499 inpio

97 535 128 584 13
146 513 242 582 belloi
279 513 318 579 Τ.
338 511 481 596 Quincti,
510 530 707 596 quocumque
728 508 800 575 istic
821 508 893 576 looo
914 531 974 576 seu
989 508 1096 576 volens
1109 530 1152 576 ser

145 609 262 675 invitus
280 605 460 683 constitisti,
484 604 512 670 ai
528 602 741 670 dimicandum
758 603 829 684 erit,
851 612 920 669 tum
939 612 976 670 tu
990 604 1026 671 in
1040 604 1153 671 novissi

145 726 214 770 mos
236 712 268 768 te
289 701 433 787 recipit03
459 698 580 787 fugeris
603 699 698 765 etiam
719 696 882 766 honestius
903 707 1090 788 tergumque
1106 697 1153 765 u‘ri
1195 694 1199 747 ¹-

98 818 130 867 14
148 796 271 864 dederis
290 815 386 880 quam
401 793 593 882 pugnaveris
611 801 720 859 contra
736 792 879 880 patriam.
923 815 1013 861 nunc
1033 794 1073 861 ad
1086 791 1155 881 paci·

146 889 305 956 ficandum
321 888 403 954 bene
421 897 515 972 atque
532 887 664 954 honeste
680 887 762 953 inter
777 887 895 974 primos
914 887 1031 967 stabis,
1053 898 1081 955 et
1094 908 1156 953 con·

145 985 243 1069 loquii
259 982 354 1049 huius
373 981 517 1048 salutaris
534 981 685 1068 interpres
703 980 811 1048 fireris.
846 982 1009 1068 postulate
1026 1004 1115 1069 aequa
1127 990 1154 1046 ct

146 1079 239 1157 ferte,
267 1098 459 1163 quamquam
481 1075 531 1142 vel
556 1076 672 1161 iniquis
699 1076 846 1142 standum
871 1086 922 1142 est
946 1078 1158 1163 potiusquam

98 1196 129 1244 15
146 1172 249 1260 inpias
266 1172 347 1237 inter
363 1192 422 1237 nes
440 1192 642 1238 conseramus
660 1170 793 1236 manus'
819 1169 858 1235 Τ.
873 1168 1045 1254 Quinctius
1062 1171 1157 1259 plenus
1196 1256 1199 1263 Ι

145 1266 345 1333 lacrimarum
366 1264 408 1331 ad
431 1286 505 1331 suos
527 1285 638 1331 versus
662 1270 727 1330 ‘me
744 1263 893 1350 quoqne,’
913 1264 1019 1350 inquit
1037 1265 1158 1343 ‘milites

147 1362 174 1426 si
195 1361 267 1444 quis
289 1381 366 1426 usus
389 1359 452 1424 mei
474 1368 536 1437 est,
558 1358 719 1424 meliorem
740 1358 828 1444 pacis
845 1378 942 1443 quam
959 1359 1037 1426 belli
1052 1359 1159 1426 habetis

97 1478 128 1526 ra
146 1456 269 1521 ducem.
312 1475 377 1520 non
404 1453 488 1519 enim
513 1453 567 1519 illa
592 1454 688 1519 modo
709 1452 846 1520 Volscus
868 1462 924 1520 ant
946 1451 1089 1534 Samnis,
1114 1452 1160 1519 red
1193 1454 1199 1535 ξ

146 1550 310 1616 Romanus
336 1547 433 1615 verba
459 1548 547 1626 fecit,
579 1557 684 1614 vester
709 1549 833 1627 consul,
863 1558 970 1617 vester
994 1551 1159 1638 imperator,
1192 1546 1199 1655 i

145 1644 275 1721 milites,
303 1643 392 1709 ouius
415 1643 556 1731 auspicia
576 1666 633 1731 pro
655 1643 746 1710 vobis
769 1646 889 1731 experti
905 1646 1004 1711 nolite
1022 1647 1158 1712 adrasus
1194 1674 1199 1747 3

96 1759 128 1807 17
146 1759 204 1804 vos
221 1737 303 1804 velle
320 1738 463 1824 experiri.
508 1738 563 1822 qui
579 1746 757 1825 pugnarent
772 1738 938 1805 vobiscum
955 1738 1116 1818 infestius,
1133 1746 1159 1805 et
1192 1780 1199 1845 3

146 1833 224 1898 alios
244 1832 340 1898 duces
359 1842 487 1898 senatus
504 1831 627 1898 habuit:
650 1833 705 1917 qui
722 1833 859 1899 maxime
875 1832 967 1900 vobis
985 1834 1055 1901 suis
1071 1832 1159 1900 militi·
1191 1854 1199 1925 ,¹

146 1926 207 1992 bus
220 1935 376 2013 parceret,
396 1926 448 1992 cui
462 1925 630 2012 plurimum
643 1948 701 1993 voa
714 1928 893 2014 imperatori
909 1937 1018 1996 vestro
1036 1930 1158 1996 credau-
1195 1932 1199 1996 i

97 2037 128 2086 18
147 2022 201 2098 tis,
220 2042 293 2085 eum
311 2018 413 2106 elegit.
445 2040 555 2106 paoem
574 2022 667 2086 etiam
684 2022 739 2106 qui
755 2022 881 2089 vincere
897 2034 1036 2109 possunt
1052 2024 1156 2090 volunt:

147 2114 223 2199 quid
240 2135 299 2180 nos
316 2113 397 2179 velle
415 2115 554 2200 oportet?
572 2116 647 2199 quin
660 2116 786 2182 omissis
803 2117 851 2182 ira
868 2126 900 2181 ct
916 2138 988 2204 spe,
1007 2116 1155 2185 fallacibus

147 2208 341 2368 auctu-ligur}3
363 2231 421 2276 nos
442 2210 529 2296 ipsos
551 2219 720 2295 nostraque
738 2211 843 2277 omnia
860 2213 1006 2298 cognitae
1024 2210 1157 2300 permitti·

146 2325 217 2369 mus
281 2325 309 2368 er

114 2416 126 2463 1
210 2380 385 2463 XXXXI.
420 2396 680 2484 Adprobantibus
703 2399 837 2466 clamore
855 2401 977 2466 cunctis
996 2401 1036 2470 Τ.
1056 2401 1156 2486 Quinc

147 2493 208 2559 tius
232 2502 304 2558 ante
327 2493 418 2580 signa
438 2513 625 2579 progressus
648 2494 680 2557 in
702 2502 858 2579 potestate
880 2493 1042 2562 dictatoris
1060 2495 1155 2562 milites

146 2586 214 2652 fore
228 2587 316 2652 dixit.
344 2587 457 2663 oravit,
476 2594 512 2650 ut
525 2608 653 2651 causam
667 2587 853 2654 miserorum
866 2588 983 2655 civium
1002 2592 1156 2677 susciperet
1175 2672 1178 2679 Ι

147 2689 388 2767 susceptamque
406 2681 517 2745 eadem
533 2680 609 2759 fide,
628 2702 770 2766 quarem
783 2682 943 2767 publicam
956 2685 1155 2750 administrare

111 2791 128 2838 2
147 2775 257 2839 solitus
275 2784 372 2850 esset,
391 2783 537 2840 tueretur
567 2774 628 2841 sibi
640 2796 675 2842 se
687 2776 834 2862 privatim
850 2776 930 2843 nihil
947 2800 1073 2860 cavere3
1090 2774 1155 2842 nolle

146 2867 221 2932 alibi
235 2889 330 2951 quam
343 2868 377 2933 in
390 2867 566 2935 innocentia
580 2891 669 2956 spem
677 2870 808 2950 habere3
826 2871 977 2939 militibus
988 2874 1153 2947 cavendum,
1178 2872 1183 2883 '

146 2960 231 3044 quod
253 2961 339 3048 apud
358 2970 463 3048 patres
482 2963 579 3029 semel
596 2965 695 3050 plebi,
718 2966 831 3031 iterum
848 2966 1029 3054 legionibus
1048 2976 1154 3035 cautum

111 3071 128 3120 3
147 3055 201 3134 sit,
219 3077 259 3122 ne
277 3055 381 3121 fraudi
399 3058 535 3124 secessio
549 3067 641 3124 esset.
678 3058 827 3141 Quinctio
841 3061 1045 3142 conlaudato,
1064 3058 1153 3129 ceteris

144 3149 264 3216 bonum
281 3150 420 3217 animum
437 3151 554 3218 habere
570 3152 679 3231 iussis,
699 3154 830 3220 dictator
846 3176 929 3239 equo
947 3157 1045 3223 citato
1062 3156 1099 3222 ad
1116 3172 1154 3219 ur·

145 3244 219 3310 bem
235 3254 380 3311 revectus
398 3245 577 3313 auctoribus
590 3247 731 3333 patribus
745 3248 815 3314 tulit
828 3249 869 3314 ad
881 3250 1038 3336 populum
1053 3251 1086 3316 in
1098 3249 1153 3314 luou

145 3338 302 3417 Petelino,
321 3361 361 3407 ne
375 3341 426 3405 cui
438 3341 572 3406 militum
585 3340 690 3406 fraudi
703 3343 838 3409 secessio
852 3353 948 3423 esset,
966 3345 1069 3411 oravit
1079 3342 1153 3410 etim

146 3431 230 3498 bona
251 3433 344 3498 venia
362 3432 516 3515 Quirites,
543 3457 583 3500 ne
606 3436 676 3520 quis
699 3458 769 3502 eam
790 3459 858 3502 rem
879 3438 951 3504 ioco
969 3440 1090 3506 seriove
1105 3433 1154 3503 oui·

111 3545 129 3592 4
147 3547 242 3608 quam
264 3527 474 3612 exprobraret.
518 3529 571 3595 lex
591 3551 716 3615 quoque
735 3540 856 3597 sacmta
873 3532 1018 3601 militaris
1036 3534 1097 3600 lata
1110 3536 1153 3604 etl»

146 3640 186 3682 ne
205 3619 293 3685 cuius
312 3621 418 3688 militis
437 3623 545 3709 scripti
562 3644 677 3690 nomen
694 3624 755 3690 nisi
772 3625 842 3711 ipso
860 3626 987 3693 volente
1010 3627 1154 3697 deleam,

146 3712 349 3800 additumque
371 3717 448 3804 legi,
475 3740 516 3783 ne
538 3718 623 3803 quis,
650 3718 705 3785 ubi
726 3719 869 3786 tribunus
891 3721 1030 3788 militum
1051 3721 1153 3792 fuisset,

111 3818 257 3894 opostea
283 3811 427 3876 ordinum
453 3812 565 3879 ductor
594 3824 687 3880 esset.
730 3813 764 3878 id
789 3824 916 3901 propter
942 3814 981 3882 P.
1011 3814 1155 3884 Salonium

144 3903 338 3989 postulatum
360 3915 408 3970 est
430 3905 470 3972 ab
493 3908 675 3986 coniuratis,
698 3907 752 3992 qui
770 3909 898 3976 alternis
916 3908 1018 3998 prope
1035 3910 1155 3977 sunuel

145 3997 288 4064 tribunus
314 3999 447 4066 militum
474 4011 506 4066 et
530 4002 650 4088 primus
677 4004 816 4069 centurio
846 4014 927 4083 erat,
965 4026 1060 4090 quem
1088 4016 1155 4069 nuno
