2566 4524
158 241 223 306 410
317 233 321 240 ’
355 249 474 307 ninas
491 247 577 321 vm,
595 249 636 318 11,
651 215 694 305 12.¹
715 247 988 322 [suarm-mo]

158 412 242 478 tibus
260 409 404 476 renovari
422 409 534 476 foedus
551 409 683 487 iussum,
702 418 932 493 renovaturque
951 431 992 474 ex
1004 430 1042 476 eo
1055 419 1163 496 quotan-

108 530 139 577 16
156 508 207 573 nis
232 515 306 592 post
331 505 416 570 diem
441 503 598 570 decimum
622 503 819 569 Latinarum.
864 502 1024 588 equitibus
1050 503 1163 592 Campa·

156 603 206 668 nis
226 603 336 667 civitas
349 599 495 667 Romana
512 599 599 677 data,
618 607 884 683 monumentoque
900 608 937 663 ut
955 607 1041 665 esset
1056 621 1163 665 aeneam

157 698 298 764 tabulam
315 697 347 762 in
361 695 439 761 aede
453 694 595 760 Castoris
604 693 726 760 Romae
739 693 883 760 fixerunt.
912 693 1050 782 vectigal
1061 714 1161 780 quoque
1178 720 1183 729 ·

157 794 203 858 eis
214 791 398 878 Campanus
410 788 546 876 populus
564 790 670 855 iussus
688 789 824 875 pendere
841 789 875 853 in
893 787 1039 876 singulos
1055 799 1162 875 quotan-

157 886 263 952 nis-
281 886 370 950 fuere
387 893 493 950 autem
510 881 595 949 mille
614 892 645 948 et
662 883 797 949 sescenti
814 920 856 932 -
874 883 1023 950 denarios
1040 903 1160 950 nummos
1201 884 1204 963 ᾗ

157 981 388 1066 quadringenos
406 979 655 1064 quinquagenos.
1202 990 1204 995 ’

124 1095 137 1140 1
221 1073 303 1139 XII.
330 1073 380 1139 Ita
393 1071 477 1139 bello
490 1082 595 1159 gesto,
613 1071 761 1157 praemiis
775 1093 940 1157 poenaque
958 1073 1017 1160 pro
1035 1073 1162 1156 cuiusque

156 1170 267 1235 merito
284 1168 466 1255 persolutis,
485 1166 524 1232 Τ.
538 1165 680 1233 Manlius
693 1166 830 1232 Romam
846 1166 948 1233 rediit.
980 1167 1034 1234 cui
1049 1163 1161 1233 venienti

157 1265 294 1331 seniores
309 1272 430 1328 tanturn
443 1261 569 1329 obviam
582 1262 685 1328 exisse
700 1270 837 1340 constat,
854 1261 1052 1329 iuventutem
1065 1272 1094 1328 et
1104 1271 1162 1326 tunc

156 1368 187 1423 et
204 1357 290 1425 omni
306 1358 372 1422 vita
389 1357 502 1422 deinde
519 1365 695 1422 aversatam
713 1378 786 1420 eum
804 1365 1054 1442 execratamque.

2 1502 4 1507 .
120 1470 137 1518 2
219 1451 366 1518 Antiates
387 1452 421 1516 in
443 1473 554 1539 agrum
578 1448 775 1528 Ostiensem,
801 1448 989 1530 Ardeatem,
1020 1449 1161 1518 Solonium

154 1547 349 1613 incursiones
367 1545 517 1611 fecerunt.
548 1543 689 1610 Manlius
708 1545 831 1623 consul,
850 1545 925 1629 quia
942 1546 1013 1631 ipse
1030 1542 1163 1632 parade·

155 1641 296 1705 tudinem
314 1640 347 1705 id
365 1639 483 1705 bellum
500 1639 614 1724 exequi
630 1639 806 1723 nequierat,
825 1639 1010 1706 dictatorem
1028 1641 1068 1706 L.
1085 1636 1161 1725 Papi·

153 1735 236 1800 rium
255 1734 422 1813 Crassum,
450 1734 504 1819 qui
526 1743 594 1799 tum
615 1733 695 1799 forte
717 1743 784 1799 erat
805 1743 940 1819 praetor,
963 1734 1056 1814 dixit3
1081 1732 1116 1800 ab
1134 1751 1160 1798 eo

120 1846 136 1894 3
154 1831 305 1916 magister
326 1830 467 1914 equitum
487 1830 529 1894 L.
547 1828 695 1915 Papirius
719 1828 840 1895 Cursor
865 1830 978 1896 dictus.
1015 1829 1090 1896 nihil
1111 1848 1161 1894 me·

151 1923 304 1990 motabile
322 1924 474 1989 adversus
492 1921 639 1989 Antiates
657 1922 698 1989 ab
716 1923 866 1989 dictatore
884 1934 1013 2010 gestum
1031 1935 1090 2003 est,
1106 1942 1160 1989 cum

154 2017 272 2101 aliquot
289 2038 414 2082 menses
433 2017 546 2083 stativa
562 2017 596 2081 in
614 2040 691 2105 agro
708 2017 831 2082 Antiati
848 2017 1024 2085 habuisset.

119 2130 137 2177 4
218 2110 315 2175 Anno
328 2110 446 2196 insigni
458 2110 588 2176 victoria
602 2112 641 2176 de
654 2121 701 2177 tot
715 2134 752 2177 ac
766 2121 831 2177 tarn
847 2112 1030 2198 potentibus
1047 2109 1160 2200 populis,

154 2204 195 2268 ad
212 2203 273 2269 hoc
291 2203 457 2271 consulum
470 2204 597 2270 alterius
611 2205 710 2271 nobili
722 2216 836 2284 morte,
855 2206 983 2271 alterius
999 2207 1080 2273 sicut
1090 2202 1160 2281 trud,

153 2298 198 2364 ita
215 2299 299 2365 claro
317 2298 358 2364 ad
370 2299 554 2365 memoriam
567 2300 712 2385 imperio,
733 2322 913 2367 successere
928 2302 1076 2368 consules
1088 2299 1160 2367 Titus

120 2413 135 2460 5
153 2391 310 2459 Aemilius
319 2391 545 2471 Mamercinus,
562 2391 635 2481 [Q.]
645 2394 801 2461 Publilius
811 2394 913 2474 Philo,
933 2418 1038 2480 neque
1051 2397 1084 2462 in
1096 2392 1160 2460 simi·

151 2487 215 2552 lem
232 2489 395 2554 materiam
411 2510 516 2552 rerum
534 2500 564 2553 et
577 2489 638 2575 ipsi
651 2499 706 2554 aut
720 2513 847 2556 suarum
860 2512 966 2555 rerum
980 2501 1035 2556 aut
1047 2490 1162 2576 partium

152 2583 185 2648 in
202 2605 236 2648 re
253 2583 381 2668 publica
398 2584 499 2670 magis
519 2606 614 2667 quam
631 2584 750 2669 patriae
773 2607 938 2650 memores.
983 2586 1115 2651 Latinos
1134 2580 1163 2649 ob

152 2678 230 2742 iram
248 2678 317 2763 agri
334 2678 443 2743 amissi
455 2676 642 2743 rebellantes
656 2679 689 2742 in
703 2680 821 2764 campis
831 2680 1022 2747 Fenectanis
1036 2681 1164 2746 fuderunt

118 2791 134 2838 c
153 2771 326 2853 castrisque
339 2779 502 2834 exuerunt.
528 2771 573 2836 ibi
587 2770 739 2850 Publilio,
759 2774 848 2838 cuius
862 2775 960 2839 ductu
978 2775 1164 2861 auspicioque

151 2885 202 2928 res
216 2872 325 2949 gestae
339 2873 436 2942 erant,
454 2864 489 2929 in
502 2865 691 2931 deditionem
705 2867 876 2952 accipiente
884 2868 1024 2934 Latinos
1037 2868 1163 2956 populos,

151 2978 285 3041 quorum
301 2956 347 3022 ibi
363 2957 509 3025 iuventus
528 2982 621 3025 caesa
635 2971 714 3039 erat,
733 2960 889 3027 Aemilius
904 2963 945 3026 ad
953 2961 1082 3029 Pedum
1094 2983 1164 3030 exer·

116 3073 132 3120 t
152 3051 249 3117 citum
267 3052 365 3118 duxit.
401 3052 548 3120 Pedanos
567 3054 713 3120 tuebatur
725 3055 856 3134 Tiburs,
875 3056 1103 3124 Praenestinus
1116 3054 1164 3122 Ve-

150 3147 343 3232 liternusque
369 3148 520 3234 populus,
547 3160 698 3215 venerant
725 3155 756 3215 et
781 3150 822 3216 ab
847 3151 999 3217 Lanuvio
1023 3151 1164 3235 Antioque

115 3259 133 3308 8
152 3243 277 3308 auxilia.
304 3243 359 3310 ubi
378 3266 450 3308 cum
466 3244 593 3328 proeliis
611 3245 739 3329 quidem
753 3245 894 3331 superior
905 3245 1074 3313 Romanus
1088 3252 1163 3320 esset,

151 3337 193 3401 ad
214 3336 325 3403 urbem
346 3338 449 3423 ipsam
466 3337 590 3404 Pedum
613 3349 778 3424 castraque
801 3340 958 3406 sociorum
981 3344 1163 3429 populorum.

116 3449 132 3498 a
151 3450 232 3513 quae
249 3430 320 3495 urbi
338 3433 484 3499 adiuncta
502 3442 603 3511 erant,
622 3433 744 3520 integer
760 3433 849 3500 labor
865 3444 1016 3515 restaret,
1035 3436 1114 3503 bello
1128 3434 1164 3498 in·

65 3604 68 3608 Ι
150 3523 234 3587 fecto
263 3533 391 3609 repente
423 3527 540 3592 omisso
572 3529 695 3607 consul,
737 3529 810 3613 quia
844 3529 986 3617 collegae
1024 3532 1163 3598 decretum

150 3617 342 3702 triumphum
364 3621 496 3700 audivit,
518 3622 588 3707 ipse
610 3645 735 3707 quoque
757 3624 907 3709 triumphi
924 3635 1001 3691 ante
1020 3624 1163 3692 victoriam

100 3732 133 3781 10
151 3711 309 3797 flagitator
324 3712 461 3780 Romam
478 3716 578 3781 rediit.
619 3739 682 3800 qua
700 3718 869 3802 cupiditate
887 3719 1023 3786 offensis
1039 3717 1160 3807 patribus

148 3805 399 3894 negantibusque
430 3810 491 3876 nisi
516 3810 606 3876 Pedo
637 3821 728 3896 capto
759 3820 814 3877 aut
840 3812 948 3878 dedito
975 3813 1160 3900 triumphum.

147 3900 222 3966 hinc
244 3900 395 3968 alienatus
419 3903 458 3968 ab
482 3913 593 3970 senatu
609 3902 767 3971 Aemilius
791 3906 949 3973 seditiosis
968 3904 1160 3974 tribunatibus

98 4012 130 4062 11
149 3995 283 4062 similem
310 3996 422 4062 deinde
448 3998 645 4065 consulatum
670 4000 778 4087 gessit.
822 4023 898 4066 nam
923 4024 1044 4088 neque,
1074 3991 1161 4086 quoad
