2566 4524
340 259 458 316 Lissa
474 260 517 331 11,
534 260 577 316 ar.
590 261 632 316 aa.
653 265 691 330 [a.
702 260 804 332 cnm]
1048 253 1090 318 93

67 444 127 486 :um
145 418 263 483 reiecta
278 416 388 483 relatio
407 427 505 496 esset,
529 424 606 484 ‘non
623 417 745 505 placeo’
764 420 865 504 inquit
891 423 1122 494 ‘concordiaea

67 524 172 581 ructor.
210 509 372 598 optabitis,
390 534 442 577 me
460 512 531 577 dius
548 513 656 591 fidius,
674 535 773 601 prope
791 515 889 593 diem,
912 526 948 581 ut
965 518 1027 582 mei
1046 519 1088 584 ai-

67 609 144 675 niles
167 606 314 672 Romana
333 605 435 692 plebis
457 616 606 695 patronos
628 608 752 674 habeat.
793 611 879 694 quod
903 611 944 675 ad
966 635 1017 680 me
1041 622 1087 678 at
1107 633 1139 681 10

67 704 143 781 inet,
160 722 264 786 neque
282 700 457 766 frustrabor
474 700 555 767 ultra
573 702 658 768 cives
671 725 759 768 mcos
772 726 875 791 neque
888 705 956 791 ipse
969 706 1088 772 frustra

67 799 187 865 lictatur
209 818 273 861 ero.
308 795 483 861 discordiae
505 796 688 874 intestinae,
716 797 834 864 bellum
857 810 1021 865 externum
1040 801 1089 865 fe-

67 914 132 970 ere,
152 900 189 954 ut
205 889 267 955 hoc
284 889 471 976 magistratu
489 899 596 977 egeret
608 913 659 955 res
672 891 813 977 publica3
831 914 896 978 pax
908 893 985 959 foris
998 905 1089 980 parta

67 995 113 1064 st,
142 983 231 1049 domi
250 983 421 1069 inpeditur,
448 985 589 1070 privatus
611 985 716 1071 potius
739 1007 835 1071 quam
857 987 989 1053 dictator
1007 990 1089 1054 sedi-

67 1080 128 1146 ioni
145 1079 302 1144 interero?
336 1078 381 1143 ita
399 1080 484 1144 curia
502 1102 649 1167 egressus
692 1081 846 1146 dictatura
868 1103 902 1147 se
921 1082 1087 1148 abdicavit.
1207 1117 1209 1120 ·

67 1174 198 1261 pparuit
216 1195 312 1238 causa
327 1172 423 1260 plebi,
444 1196 534 1238 suam
551 1175 654 1240 vicem
671 1174 888 1262 indignantem
901 1176 1088 1262 magistratu
1107 1197 1137 1246 11

67 1270 170 1335 ‚bisse
205 1268 311 1351 itaque
329 1267 417 1333 velut
432 1268 594 1354 persoluta
603 1269 682 1348 lide,
701 1269 851 1353 quoniam
868 1292 926 1358 per
938 1293 1012 1337 cum
1024 1293 1088 1336 non

67 1364 206 1443 tetisset,
230 1364 306 1449 quin
323 1373 548 1450 praestaretur,
573 1365 776 1432 decedentem
793 1365 923 1432 domum
945 1388 1018 1432 cum
1039 1365 1088 1432 fa-

67 1481 130 1525 '0rc
148 1479 185 1524 ac
200 1458 348 1523 laudibus
365 1459 524 1546 prosecuti
540 1467 624 1524 sunt.

114 1551 273 1619 XXXII.
309 1553 419 1618 Timor
436 1553 509 1618 inde
526 1564 630 1640 patres
648 1555 791 1634 incessit,
810 1577 865 1634 ne,
889 1555 917 1622 si
934 1556 1084 1624 dimisum
1105 1578 1119 1625 1

67 1648 209 1715 xercitus
228 1648 318 1726 foret,
336 1671 446 1712 rursus
465 1658 573 1713 coetus
592 1650 705 1715 occulti
719 1650 1014 1735 coniurationesque
1031 1651 1087 1717 fie-

67 1753 126 1811 ent.
164 1742 287 1827 itaque,
314 1764 506 1827 quamquam
522 1766 580 1829 per
598 1745 781 1809 dictatorcm
804 1745 935 1810 dilectus
957 1745 1085 1810 habitus

67 1848 148 1916 sset,
174 1847 295 1915 tamen,
323 1837 471 1922 quoniam
489 1838 522 1900 in
540 1836 706 1902 consulum
724 1837 821 1903 verba
837 1838 1007 1916 iurassent,
1036 1863 1086 1903 aa

67 1942 211 2001 ramento
229 1932 332 1998 teneri-
345 1932 477 1997 militem
493 1932 562 2010 rati,
580 1954 637 2019 per
655 1955 784 1998 causam
801 1933 943 1997 renovati
961 1931 1001 1999 ab
1019 1930 1086 1997 Ae-

67 2029 123 2111 uis
139 2026 215 2092 belli
234 2026 325 2092 educi
344 2049 383 2090 ex
400 2025 478 2091 urbe
495 2026 636 2113 legiones
658 2028 788 2093 iussere.
826 2050 890 2112 quo
910 2027 997 2094 facto
1018 2051 1086 2094 ma·

67 2130 156 2186 urata
173 2130 221 2186 est
240 2121 361 2186 seditio.
394 2132 425 2186 et
441 2121 543 2208 primo
561 2122 714 2208 agitatum
732 2123 846 2187 dicitur
863 2123 903 2190 de
920 2121 1087 2191 consulum
1104 2142 1119 2191 2

67 2216 160 2295 aede,
184 2226 220 2280 ut
238 2215 431 2285 solverentur
449 2227 658 2295 sacrament03
683 2218 792 2282 doctos
816 2216 943 2296 deinde,
965 2217 1086 2285 nullam

67 2313 168 2377 celere
192 2311 376 2398 religionem
399 2311 533 2390 exsolvi,
562 2309 681 2376 Sicinio
708 2311 846 2396 quodam
872 2320 1012 2392 auctore,
1038 2312 1087 2381 iu·

67 2431 138 2474 issu
166 2406 334 2472 consulum
356 2406 389 2470 iu
415 2429 539 2472 sacrum
565 2416 705 2471 montem
732 2406 903 2471 secessisse
930 2445 972 2455 —
999 2417 1084 2473 trans

67 2503 210 2568 mienem
238 2524 363 2566 amnem
385 2510 434 2566 est
454 2501 515 2566 tria
536 2501 576 2567 ab
599 2500 677 2570 urbe
699 2500 785 2566 milia
811 2523 943 2587 passum
965 2525 1021 2579 -3
1047 2519 1120 2567 eas

67 2597 245 2682 requentior
258 2596 345 2661 fama
357 2607 406 2662 est
420 2618 525 2680 quam,
545 2596 634 2661 cuius
642 2595 721 2662 Piso
735 2604 844 2661 auctor
858 2605 915 2674 est,
934 2593 1086 2661 inAveu-

67 2693 149 2757 'mum
168 2690 381 2757 secessionem
399 2690 516 2756 factam
539 2713 619 2756 esse.
655 2690 701 2756 ibi
723 2690 790 2756 sine
812 2688 877 2755 ullo
900 2690 981 2755 duce
1002 2688 1120 2756 vallet

67 2792 201 2873 ossaque
220 2785 420 2851 communitis
444 2785 555 2850 castris
578 2785 689 2869 quieti,
716 2808 784 2852 rem
806 2785 926 2852 nullam
947 2784 1010 2851 nisi
1031 2807 1086 2848 ne-

67 2882 221 2948 cesarium
238 2880 280 2944 ad
297 2879 416 2945 victum
434 2880 601 2958 sumendo,
619 2902 678 2966 per
695 2881 816 2966 aliquot
833 2881 901 2946 dies
919 2902 1022 2965 neque
1039 2879 1086 2947 la·

67 2977 156 3041 essiti
177 2996 282 3061 neque
304 2973 495 3040 lacessentes
518 2995 588 3039 sese
615 2985 752 3040 tenuere.
793 2997 893 3061 pavor
918 2975 1031 3060 ingens
1052 2973 1086 3037 in
1104 2994 1119 3040 5

67 3069 130 3135 ube
144 3079 295 3152 metuque
313 3078 423 3133 mutuo
437 3089 592 3153 suspensa
605 3078 693 3133 erant
707 3068 822 3134 omnia.
850 3069 959 3132 timere
977 3067 1086 3132 relicta

67 3163 92 3229 lb
110 3164 177 3230 suis
193 3163 296 3251 plebis
319 3163 500 3228 violentiam
521 3172 660 3251 patrum,
689 3163 799 3228 timere
820 3171 925 3247 patres
948 3161 1085 3225 residem

67 3281 83 3322 n
107 3259 186 3325 urbe
212 3258 353 3345 plebem,
379 3257 504 3336 incerti,
531 3279 658 3324 manere
681 3279 751 3322 eam
774 3280 815 3321 an
837 3255 923 3321 abire
946 3254 1083 3319 mallent.

67 3354 201 3436 quamdiu
219 3362 326 3419 autem
343 3352 543 3437 tranquillam
560 3375 641 3437 quae
665 3351 829 3417 secesserit
852 3349 1085 3415 multitudinem
1097 3336 1119 3420 ‘a

67 3447 134 3512 ore?
151 3448 231 3532 quid
248 3448 388 3513 futurum
407 3448 529 3525 deinde,
550 3447 578 3511 si
595 3447 680 3531 quod
699 3455 862 3511 externum
879 3445 1004 3510 interim
1018 3444 1086 3510 bel-

67 3564 113 3607 um
140 3542 276 3608 existat?
301 3542 419 3607 nullam
440 3542 596 3628 profecto,
622 3542 684 3606 nisi
709 3541 743 3605 in
766 3540 933 3606 concordia
956 3539 1081 3617 civium,
1104 3561 1118 3608 t

67 3659 138 3723 pem
155 3637 311 3722 reliquam
328 3639 442 3703 ducere
447 3662 456 3717 ;
479 3660 549 3703 eam
566 3659 624 3722 per
641 3659 755 3720 aequa,
778 3659 834 3722 per
851 3635 959 3720 iniqua
976 3657 1085 3700 recon-

67 3732 216 3798 iliandam
236 3732 355 3798 civitati
373 3755 452 3798 esse.
485 3731 530 3796 sic
546 3731 665 3817 placuit
682 3731 778 3818 igitur
792 3741 946 3796 oratorem
964 3729 1005 3794 ad
1017 3729 1085 3815 ple·
1101 3746 1118 3797 8

67 3848 120 3892 em
133 3826 218 3891 mitti
231 3825 416 3891 Menenium
429 3824 617 3914 Agrippam,
636 3825 807 3891 facundum
820 3826 922 3890 virum
941 3835 980 3903 et,
999 3823 1085 3908 quod

67 3921 122 3986 nde
140 3921 295 3987 oriundus
314 3933 389 4001 erat,
406 3921 493 4008 plebi
510 3942 628 3987 aarum.

114 4015 366 4095 &intromissus
384 4017 418 4083 in
436 4031 538 4084 castra
554 4018 659 4104 prisco
681 4017 735 4081 illo
757 4015 883 4083 dicendi
905 4021 936 4078 et
957 4007 1084 4074 horrido
