2566 4524
361 261 479 318 amun
495 260 531 332 v,
549 259 591 316 47.
604 261 647 316 aa.
668 259 819 332 [aeaco]
1042 248 1106 316 297

102 448 180 501 arma,
198 421 254 487 ubi
272 422 348 506 quid
364 421 463 504 iniqui
480 429 577 498 esset,
601 420 711 486 alterni
727 420 826 485 innixi
844 420 1106 506 sublevantesque

101 510 214 574 invicem
245 518 276 573 ct
303 508 460 572 trahentes
487 506 540 570 alii
565 507 657 584 alios,
692 522 785 593 prout
810 506 982 592 postularet
1007 506 1141 587 locus,a

101 605 167 659 tanto
185 594 308 659 silentio
325 593 359 657 in
377 615 536 657 summum
555 614 692 669 evasere,
712 603 827 657 utnon
845 593 991 658 custodes
1005 593 1107 658 solum

101 681 236 757 fallerent,
257 680 370 744 sedne
388 700 481 743 canes
499 678 639 761 quidem,
659 679 826 743 sollicitum
844 678 958 743 animal
975 679 1017 743 ad
1033 701 1108 744 noc-

101 779 188 830 turnos
207 764 365 851 strepitus,
384 764 562 828 excitarent.
599 785 724 828 anseres
743 787 807 828 non
823 763 973 841 fefellere,
992 764 1106 848 quibus
1125 786 1142 832 4

100 852 178 916 sache
197 851 328 915 lunonis
350 851 384 913 in
405 871 528 914 summa
549 850 655 934 inopia
677 849 738 914 cibi
756 861 861 914 tamen
883 849 1107 916 abstinebatur.

100 958 234 1020 quaeres
258 936 351 1000 saluti
368 935 442 999 fuit:
469 956 605 1018 namque
627 935 773 1035 clangore
795 958 903 1000 eorum
925 936 1108 1020 alarumque

99 1023 201 1108 crepitu
219 1022 340 1086 excitus
358 1020 406 1084 M.
424 1019 578 1097 Manlius,
602 1021 656 1104 qui
674 1021 804 1086 trrennio
823 1034 894 1086 ante
912 1022 1023 1086 consul
1040 1023 1110 1086 fuc-

97 1118 145 1185 rat,
166 1109 213 1172 vir
231 1106 314 1172 bello
332 1107 478 1192 egregius
484 1154 493 1183 ,
516 1106 611 1170 armis
634 1107 765 1191 arreptis
785 1106 877 1171 simul
895 1107 936 1171 ad
953 1131 1040 1171 arma
1058 1130 1109 1171 ce·

97 1201 165 1259 teros
178 1193 264 1257 ciens
280 1193 365 1257 vadit
378 1202 418 1269 et,
437 1192 514 1255 dum
527 1192 621 1256 ceteri
635 1193 800 1276 trepidant,
821 1190 958 1270 Gallum,
978 1193 1032 1276 qui
1045 1193 1108 1257 iam

95 1278 257 1344 insummo
275 1277 464 1354 constiterat,
484 1276 621 1341 umbone
638 1277 735 1342 ictum
753 1278 907 1343 deturbat.
950 1279 1038 1342 cuius
1057 1300 1109 1342 ca-
1127 1301 1143 1348 o

95 1386 140 1428 sus
156 1363 295 1450 prolapsi
312 1386 383 1427 cum
402 1362 561 1448 proximos
581 1373 739 1440 sterneret,
759 1365 949 1449 trepidantes
964 1364 1042 1429 alios
1061 1387 1110 1428 ar-

92 1450 204 1533 misque
219 1449 344 1513 omissis
359 1472 444 1524 saxa,
463 1448 576 1531 quibus
596 1448 815 1527 adhaerebant,
834 1448 979 1514 manibus
993 1448 1111 1535 ample-

91 1557 141 1600 xos
159 1534 302 1599 trucidat.
330 1535 454 1617 iamque
473 1534 574 1598 etalii
592 1535 773 1620 congregati
790 1535 860 1599 telis
875 1535 1110 1619 missilibusque

91 1621 169 1685 saxis
191 1619 375 1704 proturbare
397 1619 504 1684 hostes
532 1619 684 1704 ruinaque
711 1632 775 1685 tota
796 1621 943 1706 prolapsa
968 1621 1051 1686 acies
1077 1621 1111 1684 in

88 1727 233 1791 praeceps
251 1705 375 1770 deferri.
412 1706 519 1769 sedato
538 1706 651 1770 deinde
669 1707 805 1770 tumultu
821 1707 976 1789 reliquum
997 1707 1108 1783 noctis,
1129 1729 1145 1776 a

87 1803 237 1875 quantum
258 1792 290 1854 in
313 1790 444 1855 turbatis
471 1790 627 1855 mentibus
649 1802 783 1876 poterat,
811 1815 883 1856 cum
908 1792 1110 1876 praeteritum

86 1899 209 1961 quoque
226 1877 399 1962 periculum
417 1876 605 1954 sollicitaret,
624 1877 721 1961 quieti
737 1878 846 1941 datum
863 1887 919 1943 est
954 1878 1024 1942 luce
1042 1888 1110 1942 orta
1129 1899 1143 1945 ⁷
1249 1894 1268 1901 ”

86 1963 204 2029 vocatis
223 1962 354 2026 classico
373 1963 414 2026 ad
432 1962 597 2027 concilium
618 1962 768 2027 militibus
792 1965 832 2027 ad
855 1963 1009 2040 tribunos,
1037 1985 1111 2027 cum

86 2059 117 2115 et
132 2058 217 2114 recte
236 2058 267 2112 et
279 2069 442 2148 perperam
456 2047 539 2112 facto
554 2048 689 2133 pretium
703 2048 877 2127 deberetur,
895 2048 1035 2114 Manlius
1049 2050 1112 2135 pri-

85 2157 172 2199 mum
198 2132 239 2198 ob
262 2143 407 2197 vrrtutem
429 2133 574 2197 laudatus
600 2133 795 2217 donatusque
821 2157 885 2199 non
911 2134 951 2200 ab
978 2134 1110 2200 tribunis

87 2219 188 2286 solum
206 2218 353 2297 militum,
377 2219 434 2284 sed
452 2241 608 2284 consensu
625 2219 719 2284 etiam
736 2220 874 2298 militari3
898 2221 949 2284 cui
971 2221 1109 2284 universi
1127 2241 1144 2288 a

87 2305 217 2372 selibras
236 2304 327 2370 farris
350 2314 382 2369 et
403 2305 577 2387 quartarios
600 2304 665 2368 vini
687 2306 728 2370 ad
750 2306 844 2370 aedes
867 2305 948 2383 eius,
976 2327 1057 2389 quae
1078 2306 1112 2368 in

86 2413 157 2457 arce
175 2399 273 2467 crant,
293 2390 497 2467 contulerunt,
515 2412 582 2455 rem
595 2389 681 2454 dictu
694 2414 823 2477 parvam
828 2416 837 2469 3
856 2399 993 2455 ceterum
1006 2390 1112 2476 inopia

85 2477 204 2543 fecerat
221 2498 291 2540 eam
309 2486 528 2562 argumentum
544 2475 656 2562 ingens
675 2477 820 2554 caritatis,
840 2499 911 2542 cum
930 2476 1111 2560 aequisque

87 2564 171 2628 victu
190 2584 248 2626 suo
265 2563 415 2626 fraudans
433 2562 607 2626 detractum
625 2563 746 2647 corpori
764 2572 857 2646 atque
874 2562 985 2627 usibus
1002 2583 1112 2626 ncces-

88 2649 177 2713 sariis
197 2648 239 2712 ad
255 2648 407 2712 honorem
424 2647 516 2710 unius
534 2647 593 2711 viri
610 2649 773 2712 conferret.
818 2659 885 2713 tum
906 2648 1018 2734 vigiles
1041 2647 1108 2711 eius
1129 2669 1144 2715 9

86 2734 160 2810 loci,
180 2756 244 2816 qua
261 2733 414 2797 fefellerat
432 2733 603 2798 ascendens
621 2733 735 2810 hostis,
754 2735 853 2812 citati3
872 2744 988 2798 etcum
1001 2734 1033 2798 in
1046 2756 1113 2798 om-

86 2843 145 2886 nes
162 2841 250 2883 more
266 2819 392 2882 militari
410 2841 444 2882 se
463 2819 753 2883 animadversurum
772 2819 813 2902 Q
834 2818 993 2905 Sulpicius
1016 2818 1114 2884 tribu-

87 2929 147 2971 nus
165 2905 300 2969 militum
318 2904 564 2989 pronuntiasset,
592 2904 804 2970 consentiente
823 2906 958 2971 clamore
980 2906 1114 2970 militum
1134 2923 1166 2971 ιο

87 2992 121 3056 in
141 3013 240 3055 unum
262 2991 389 3076 vigilem
412 2990 610 3054 coicientium
632 2990 755 3076 culpam
778 2991 942 3056 deterritus
961 3015 980 3055 a
1002 2991 1113 3055 ceteris

91 3077 253 3154 abstinuit,
280 3099 368 3140 reum
391 3076 476 3140 haud
497 3075 627 3140 dubium
650 3077 718 3141 cius
740 3099 841 3141 noxae
868 3075 1113 3160 adprobantibus

94 3163 209 3227 cunctis
227 3165 267 3228 de
286 3184 363 3226 saxo
381 3161 502 3226 deiecit.
542 3162 615 3226 inde
633 3161 812 3226 intentiores
836 3161 991 3244 utrimque
1009 3170 1113 3225 custo-
1133 3179 1163 3226 11

90 3247 160 3312 diae
177 3270 258 3327 esse,
277 3256 309 3312 et
327 3249 411 3333 apud
430 3245 549 3324 Gallos,
568 3247 642 3329 quia
659 3247 823 3334 vulgatum
841 3256 907 3311 crat
923 3247 1003 3310 inter
1016 3244 1113 3310 Veios

86 3333 286 3417 Romamque
304 3334 429 3398 nuntios
449 3355 633 3410 commeare,
653 3343 684 3397 et
702 3334 786 3418 apud
803 3332 963 3398 Romanos
982 3330 1022 3396 ab
1040 3353 1115 3395 noc·

89 3420 172 3485 turni
214 3419 322 3483 ericuh
339 3419 499 3483 memoria.

304 3503 396 3569 VIII.
422 3503 487 3570 Sed
500 3515 571 3569 ante
585 3505 690 3568 omnia
699 3503 869 3569 obsidionis
882 3502 1018 3588 bellique
1032 3503 1116 3566 mala
1135 3523 1147 3568 1

85 3592 190 3659 fames
201 3592 357 3674 utrimque
366 3591 536 3655 exercitum
545 3589 685 3675 urgebat,
707 3588 816 3655 Gallos
826 3590 1003 3675 pestilentia
1011 3589 1114 3664 etiam,
1133 3609 1149 3656 2

87 3700 161 3744 cum
178 3677 250 3742 loco
267 3678 388 3745 iacente
405 3677 486 3741 inter
502 3677 638 3741 tumulos
653 3686 755 3740 castra
767 3675 918 3740 habentes
933 3686 1000 3740 tum
1014 3674 1054 3740 ab
1066 3675 1116 3739 in-

88 3764 210 3829 cendiis
228 3762 344 3828 torrido
362 3772 393 3827 et
406 3762 531 3847 vaporis
544 3762 637 3846 pleno
653 3761 860 3844 cineremque,
879 3784 942 3825 non
953 3761 1114 3846 pulverem

87 3851 183 3915 modo
203 3848 336 3926 ferente,
360 3871 432 3913 cum
450 3849 526 3931 quid
543 3847 628 3911 venti
646 3857 766 3911 motum
789 3857 882 3912 esset
918 3867 1051 3929 quorum
1068 3845 1115 3906 in-
1133 3865 1148 3910 3

88 3935 335 4001 tolerantissima
364 3957 443 4020 gens
474 3933 638 4017 umorique
665 3955 701 3997 ac
727 3933 837 4019 frigori
862 3933 1006 4006 adsueta,
1042 3951 1114 3993 cum

88 4032 182 4089 aestu
205 4030 237 4086 et
258 4043 375 4107 angore
402 4030 516 4087 vexata
541 4019 678 4106 vulgatis
705 4019 790 4083 velut
815 4018 848 4082 in
873 4040 973 4102 pecua
998 4013 1115 4079 morbis
