2566 4524
327 257 445 312 amau
461 258 532 330 vu,
550 260 591 316 aa.
604 258 648 316 34.
669 264 706 331 [a.
718 258 820 333 caca]
1026 255 1091 321 385

67 422 177 487 micant
194 416 320 496 hastae,
338 414 496 502 patefacta
514 425 619 505 strage
631 427 723 485 vasta
735 420 887 486 cernetis?
914 422 993 490 haec
1006 425 1091 492 dicta
1109 448 1139 497 11

67 516 202 594 lederat,
225 535 300 579 cum
316 511 437 596 equites
456 512 594 578 consulis
611 512 701 579 iussu
718 513 896 581 discurrunt
917 518 951 582 in
973 542 1090 587 cornua

67 607 299 698 egionibusque
324 606 358 672 in
382 604 521 672 mediam
542 606 643 673 aciem
665 609 809 695 aperiunt
829 610 924 677 viam.
967 614 1088 700 primus

67 704 200 771 amnium
221 699 333 769 consul
353 699 474 767 invadit
494 700 619 768 hostem
640 711 673 769 et
690 725 762 769 cum
779 725 843 790 quo
860 705 941 772 forte
959 709 1090 775 contulit

67 799 206 889 gradum,
230 795 405 888 obtruncat.
440 795 501 862 hoc
519 796 698 883 spectaculo
715 799 841 865 accensi
858 799 969 868 dextra
984 802 1089 870 laeva—
1107 824 1139 874 12

67 917 116 980 pue
138 901 214 959 ante
237 913 271 958 se
293 891 427 976 quisque
449 891 687 957 memorandum
708 893 863 980 proelium
889 896 959 963 ciet.
1004 907 1089 964 stant

67 987 165 1056 ›bnixi
184 985 359 1065 Samnites,
386 1008 578 1071 quamquam
599 986 690 1073 plura
712 987 869 1074 accipiunt
890 1012 986 1075 quam
1008 991 1089 1058 infe-

67 1092 127 1148 nnt
144 1081 286 1148 vulnera.
323 1080 516 1166 aliquamdiu
532 1080 595 1147 iam
612 1092 788 1170 pugnatum
806 1093 886 1163 erat,
909 1095 999 1152 atrox
1016 1108 1088 1153 cae-
1106 1109 1137 1158 13

67 1179 111 1244 les
129 1177 215 1243 circa
234 1176 325 1265 signa
344 1174 548 1255 Samnitium,
566 1176 645 1264 fuga
662 1176 702 1242 ab
720 1177 881 1244 nulladum
899 1190 988 1266 parte
1006 1191 1085 1247 erat:

67 1273 136 1339 adeo
157 1279 258 1337 morte
281 1270 349 1337 sola
369 1270 454 1336 vinci
475 1270 707 1337 destinaverant
728 1271 850 1338 animis.
894 1273 1000 1359 itaque
1021 1274 1087 1342 Ro·
1105 1296 1138 1346 14

67 1367 156 1447 nani,
175 1389 248 1432 cum
266 1374 298 1431 et
314 1364 411 1431 fluere
428 1364 492 1431 iam
509 1364 694 1431 lassitudine
711 1365 794 1433 vires
813 1367 963 1434 sentirent
980 1378 1012 1435 et
1024 1369 1086 1435 diei

67 1462 142 1528 carrd
154 1460 289 1526 multum
302 1482 477 1547 superesse,
496 1460 621 1526 accensi
632 1460 680 1526 ira
693 1461 848 1528 concitant
858 1483 892 1528 se
905 1462 938 1527 in
951 1462 1084 1530 hostem.

67 1579 122 1622 um
145 1556 283 1643 primum
303 1555 413 1625 referri
434 1555 548 1642 pedem
570 1565 665 1640 atque
681 1556 825 1622 inclinari
840 1580 909 1623 rem
925 1558 959 1623 in
975 1558 1087 1647 fugam
1105 1579 1136 1629 15

67 1653 211 1741 rpparuit,
225 1661 292 1716 tum
306 1651 386 1738 capi,
401 1649 654 1732 occidiSamni13
672 1673 731 1718 nec
744 1651 974 1740 superfuissent
984 1654 1084 1734 multi,

67 1748 86 1813 ri
102 1770 171 1813 nox
187 1745 350 1811 victoriam
367 1745 469 1832 magis
487 1766 582 1831 quam
595 1745 750 1832 proelium
762 1747 948 1813 diremisset.
976 1758 1007 1814 et
1020 1748 1086 1814 Ro-
1105 1771 1136 1819 16

67 1842 142 1909 nani
158 1841 347 1920 fatebantu,
366 1861 538 1926 numquam
552 1863 625 1906 cum
637 1840 843 1928 pertinaciore
855 1841 946 1908 hoste
959 1842 1086 1909 conflic-

67 1959 138 2017 um,
158 1945 189 2002 et
203 1933 372 2015 Samnites,
392 1957 464 2001 cum
477 1945 686 2020 quaereretur,
705 1958 861 2021 quaenam
873 1937 974 2023 prima
987 1959 1086 2003 causa

67 2053 123 2099 am
135 2028 309 2099 obstinatos
321 2030 474 2098 movisset
486 2030 519 2096 iu
532 2030 656 2119 fugam,
675 2031 783 2098 oculos
798 2031 858 2098 sibi
868 2032 1085 2098 Romanorum
1104 2054 1135 2103 11

67 2125 165 2192 cdere
190 2124 278 2192 visos
304 2123 430 2192 aiebant
455 2146 652 2210 vesanosque
674 2126 781 2192 vultus
804 2135 836 2191 et
857 2127 994 2193 furentia
1015 2150 1083 2206 ora3

67 2220 127 2286 nde
144 2218 333 2308 plusquam
349 2239 389 2286 ex
407 2219 468 2286 alia
485 2219 549 2284 ulla
564 2241 600 2284 re
617 2220 743 2286 terroris
762 2228 874 2285 ortum.
910 2243 1005 2304 quem
1023 2230 1085 2286 ter-

67 2336 160 2383 orem
175 2336 241 2381 uon
253 2336 379 2402 pugnae
392 2314 496 2380 solum
508 2324 636 2392 eventu,
656 2313 714 2380 sed
725 2322 878 2381 nocturna
890 2312 1084 2400 profectione

67 2408 195 2477 onfessi
217 2418 299 2475 sunt
343 2418 470 2496 postero
488 2407 538 2474 die
555 2409 663 2474 vacuis
681 2407 820 2474 hostium
838 2409 949 2474 castris
966 2408 1085 2475 Roma—
1104 2429 1135 2478 18

67 2526 114 2570 urs
130 2503 259 2591 potitur,
272 2522 346 2588 'quo
364 2524 399 2569 se
416 2502 518 2570 omnis
538 2500 772 2589 Campanorum
790 2501 956 2575 multitudo
976 2513 1085 2590 gratu-

67 2595 195 2663 abunda
212 2597 332 2664 effudit
514 2662 520 2669 ,

116 2690 311 2758 XXXllH.
340 2690 490 2761 Ceterum
501 2691 564 2758 hoc
576 2691 727 2780 gaudium
744 2714 860 2779 magna
876 2714 974 2779 prope
993 2691 1082 2757 clade
1102 2714 1115 2760 1

67 2810 86 2853 n
104 2784 238 2855 Samnio
256 2787 417 2853 foedatum
435 2796 492 2852 est
523 2808 598 2853 nam
615 2785 656 2852 ab
671 2784 813 2853 Saticula
829 2786 989 2873 profectus
1004 2784 1085 2852 Cor-

67 2880 157 2949 lelina
175 2882 286 2948 consul
303 2883 475 2949 exercitum
491 2881 617 2949 incaute
632 2882 668 2947 in
685 2882 801 2948 saltum
818 2905 897 2948 cava
913 2882 996 2948 valle
1012 2904 1085 2970 per-

67 2976 142 3042 ium
159 2977 305 3062 circaque
322 2977 480 3044 insessum
498 2975 539 3044 ab
556 2977 648 3043 hoste
660 2975 797 3055 induxit,
815 2997 875 3042 nec
886 2978 974 3062 prius
987 2998 1083 3061 quam
1102 2998 1116 3045 a

67 3070 153 3158 ecipi
170 3080 238 3147 tuto
255 3071 349 3159 signa
364 3093 429 3138 non
445 3080 601 3158 poterant,
624 3071 829 3137 inminentem
846 3071 941 3156 capiti
957 3070 1083 3147 hostem

67 3162 144 3230 cidit,
170 3165 247 3231 dum
264 3166 298 3231 id
310 3186 417 3233 morae
432 3163 627 3233 Samnitibus
645 3174 707 3244 est,
726 3165 831 3250 quoad
847 3173 949 3230 totum
965 3164 999 3228 in
1015 3163 1078 3229 val«
1101 3185 1116 3234 3

67 3280 117 3327 em
128 3258 271 3337 infimam
284 3259 461 3327 demitteret
472 3282 596 3349 agmen,
609 3259 648 3326 P.
657 3259 779 3327 Decius
792 3258 936 3326 tribunus
949 3257 1084 3323 militum

67 3353 208 3442 suspicit
220 3376 319 3421 unum
332 3355 452 3422 editum
463 3355 588 3421 insaltu
597 3354 718 3434 collem,
732 3353 936 3420 inminentem
944 3351 1083 3440 hostium
1117 3441 1121 3447 Ι

67 3449 181 3529 astris,
199 3449 287 3516 aditu
304 3450 437 3517 arduum
454 3450 594 3537 inpedito
606 3449 737 3539 agmini,
757 3447 910 3536 expeditis
923 3447 1008 3513 haud
1022 3445 1083 3512 dif-

67 3542 177 3611 icilem
212 3544 320 3631 itaque
342 3544 463 3621 consuli
484 3545 591 3612 territo
613 3544 709 3611 animi
733 3543 877 3609 ‘videsne
894 3542 953 3622 tu,’
981 3542 1117 3628 inquit4

67 3638 105 3707 Δ.
119 3639 265 3722 Corneli,
282 3662 434 3709 cacumen
450 3632 529 3707 illud
547 3662 642 3728 supra
657 3638 800 3706 hostem?
816 3662 873 3706 arx
885 3637 939 3705 illa
954 3645 1002 3704 est
1016 3638 1084 3725 spei
1100 3688 1103 3693 .

67 3734 228 3821 elatisque
245 3746 386 3816 nostrae,
405 3735 433 3801 si
450 3757 535 3814 eam,
554 3735 702 3821 quoniam
720 3734 806 3800 caeci
822 3734 975 3819 reliquere
990 3729 1083 3799 Sam-

67 3829 147 3911 ites,
166 3829 290 3919 inpigre
302 3829 454 3918 capimus.
480 3851 521 3896 ne
534 3839 569 3895 tu
581 3829 659 3895 mihi
671 3829 743 3916 plus
761 3851 856 3915 quam
873 3829 966 3893 unius
984 3824 1082 3911 legio-
1099 3838 1115 3887 5

67 3924 102 3991 sia
112 3925 275 4013 principes
287 3925 492 4011 hastatosque
504 3925 644 4006 dederis3
662 3947 734 3992 cum
747 3924 862 4010 quibus
880 3923 936 3989 nbi
952 3939 1081 3985 evasero

67 4042 84 4087 n
102 4044 278 4102 summum,
295 4043 395 4111 perge
411 4021 485 4088 hinc
502 4022 588 4089 omni
604 4021 684 4088 liber
700 4029 788 4087 metu
805 4029 898 4105 teque
915 4025 946 4083 et
964 4013 1082 4080 exerci-

102 4138 155 4184 tat
168 4139 240 4185 1011.
875 4116 912 4171 25
