2566 4524
144 221 212 289 460
386 233 506 291 nmen
522 231 624 305 vnn,
642 231 740 289 rr1a
759 228 948 304 [ananau

147 415 229 479 quae
251 393 284 457 in
305 390 488 458 Alexandro
511 400 576 456 erat
595 388 694 453 animi
702 390 899 478 ingeniique,
925 399 995 456 tum
1017 391 1052 456 di:

147 487 290 553 militaris
315 486 379 552 iam
404 487 478 551 inde
499 485 540 552 ab
561 486 657 552 initiis
683 485 771 552 urbis
798 486 914 551 tradita
934 507 994 572 per
1014 511 1052 552 ma

96 604 129 654 11
150 583 225 648 artis
247 581 406 669 perpetuis
427 581 602 666 praeceptis
625 580 787 647 ordinatae
809 581 943 647 modum
966 603 1052 648 vene]

147 698 240 762 reges
263 684 427 762 gesserant
448 673 545 753 bella,
568 675 613 739 ita
638 674 752 740 deinde
774 684 939 741 exactores
966 698 1052 764 regui

148 769 339 854 Valeriique,
353 769 398 834 ita
411 768 558 855 deinceps
567 768 669 847 Fabii,
684 767 835 852 Quinctii,
847 768 1001 850 Cornelii,
1015 771 1052 836 ita

150 864 320 942 Camillus,
338 884 433 949 quem
450 863 581 929 iuvenes
599 864 635 942 ii,
658 862 773 948 quibus
797 887 870 930 cum
887 863 1052 932 Alexandr

98 982 131 1033 12
149 959 285 1025 candum
308 966 387 1035 erat,
412 979 519 1023 senem
536 958 688 1022 viderant.
723 959 870 1025 militaria
891 982 993 1046 opera
1013 983 1052 1047 pu

148 1053 277 1120 obeunti
293 1052 533 1118 Alexandro-
546 1075 619 1117 nam
637 1075 676 1118 ea
693 1075 817 1139 quoque
834 1054 923 1119 haud
942 1056 1049 1122 minus

149 1171 222 1214 eum
239 1148 410 1213 faciunt-
420 1147 568 1213 cessisset
584 1147 730 1213 videlicet
746 1148 780 1213 in
797 1148 864 1214 acie
883 1148 1013 1216 oblatus
1026 1173 1052 1237 p:

149 1243 210 1309 lius
229 1243 411 1330 Torquatus
429 1252 484 1309 aut
496 1242 642 1309 Valerius
663 1241 798 1322 Corvus,
815 1244 961 1332 insignes
980 1257 1052 1313 ante

99 1359 132 1410 ιι
149 1343 245 1422 quam
263 1338 370 1416 duces,
390 1337 560 1404 cessissent
568 1336 663 1403 Decii
676 1338 798 1404 devotis
811 1339 1000 1425 corporibus
1014 1341 1050 1406 in

148 1442 285 1512 ruentes,
304 1432 452 1500 cessisset
459 1430 607 1520 Papirius
619 1430 738 1498 Cursor
754 1433 808 1499 illo
826 1436 970 1521 eorporis
988 1436 1052 1503 rob

98 1551 132 1600 14
149 1526 264 1592 animil
299 1526 402 1594 victus
425 1535 510 1593 esset
531 1525 670 1592 consiliis
695 1527 819 1593 iuvenis
840 1527 955 1608 unius,
976 1553 1020 1596 ne
1044 1553 1052 1595 ι

148 1621 318 1699 nominem,
338 1631 465 1687 senatus
482 1621 544 1700 ille,
559 1644 654 1706 quem
667 1622 722 1706 qui
739 1644 779 1688 ex
790 1622 922 1710 regibus
942 1634 1052 1703 consta

96 1731 129 1781 15
149 1737 232 1780 unus
251 1737 358 1781 veram
377 1716 515 1803 speciem
532 1716 668 1782 Romani
687 1727 815 1783 senatus
832 1717 938 1804 cepit!
972 1719 1010 1785 id
1027 1742 1052 1784 v«

149 1810 337 1895 perieulum,
361 1834 401 1875 ne
420 1811 576 1876 sollertius
595 1832 689 1895 quam
707 1810 839 1898 quilibet
855 1834 942 1878 unus
961 1814 1052 1880 exhi

149 1907 318 1984 nominavi,
337 1907 447 1972 castris
465 1907 570 1972 locum
588 1916 721 1994 caperet,
740 1916 936 1974 commeatus
955 1910 1052 1996 expet¹

148 2001 271 2065 insidiis
289 2009 504 2087 praecaveret,
528 2009 653 2088 tempus
674 2023 800 2089 pugnae
822 2001 993 2089 deligeret,
1018 2026 1052 2070 ac

99 2114 131 2163 16
149 2101 291 2173 strueret,
302 2093 451 2161 subsidiis
464 2094 611 2160 firmaret.
637 2118 702 2161 non
715 2118 787 2161 cum
795 2094 904 2162 Dareo
918 2119 988 2162 rem
1002 2119 1052 2164 ess

150 2196 207 2266 set,
227 2209 321 2272 quern
339 2188 505 2254 mulierum
518 2212 556 2254 ac
574 2189 750 2275 spadonum
767 2211 883 2277 agmen
900 2190 1052 2257 trahente]

148 2303 321 2370 purpuram
347 2292 441 2368 atque
463 2306 588 2362 aurum,
616 2293 779 2350 oneratum
804 2285 952 2351 fortunae
979 2308 1052 2373 appa

150 2399 235 2456 suae,
248 2377 399 2465 praedam
412 2378 517 2444 verius
530 2400 627 2462 quam
638 2378 771 2458 hostem,
790 2379 868 2443 nihil
886 2379 974 2446 aliud
992 2403 1052 2464 qua

98 2495 131 2545 ιι
149 2495 246 2540 ausus
268 2495 351 2539 vana
372 2482 584 2552 contemnere,
611 2474 793 2540 incruentus
816 2474 943 2540 devicit.
978 2474 1052 2562 long

148 2567 259 2634 Italiae
277 2589 374 2652 quam
387 2567 507 2646 Indiae,
525 2590 582 2653 per
599 2589 695 2652 quam
712 2567 884 2634 temulento
902 2570 1031 2656 agmine
1047 2595 1052 2631 ι

148 2659 276 2730 bundus
293 2662 432 2741 incessit,
451 2663 540 2730 visus
557 2662 603 2727 illi
620 2662 746 2728 habitus
765 2673 859 2742 esset,
879 2664 979 2730 saltus
989 2666 1052 2750 Api

148 2767 272 2824 montes
289 2758 441 2824 Lucanos
460 2759 599 2823 cernenti
620 2767 652 2823 et
673 2757 808 2844 vestigia
828 2760 969 2824 recentia
990 2760 1052 2824 don

149 2853 258 2930 cladis,
276 2850 332 2917 ubi
350 2853 524 2918 avunculus
543 2853 610 2918 eius
628 2875 728 2940 nuper
744 2853 836 2939 Epiri
853 2876 911 2919 rex
924 2853 1052 2919 Alexam

150 2956 294 3031 sumptus
313 2956 388 3012 erat.

115 3061 129 3109 1
212 3039 345 3106 XVIIL
368 3041 413 3106 Et
401 3041 589 3125 tloquimur
601 3041 640 3107 de
650 3041 834 3108 Alexandro
848 3043 989 3108 nondum
1006 3062 1052 3105 me

113 3136 259 3204 acundis
277 3135 388 3213 rebus,
411 3158 544 3221 quarum
565 3158 659 3201 nemo
681 3136 727 3200 int
714 3136 895 3202 tolerantior
912 3137 981 3202 fuit.
1015 3155 1052 3217 qu

146 3229 235 3297 habit
222 3241 256 3296 tu
273 3253 375 3296 novae
393 3229 537 3295 fortunae
554 3230 700 3315 novique,
714 3239 750 3295 ut
766 3230 811 3295 ita
823 3231 961 3340 dicam,
952 3224 1052 3315 ingenii

113 3339 130 3387 a
148 3323 256 3390 sibi
225 3347 276 3390 ιιο
278 3334 327 3390 tor
278 3324 487 3389 tinduerat
475 3332 688 3409 t,spectetur,
706 3322 814 3389 Dareo
832 3325 936 3411 magis
955 3319 1049 3390 similis

147 3416 361 3484 Alexandro
350 3443 386 3483 m
406 3416 532 3483 Italiam
559 3417 698 3483 venisset
720 3428 751 3484 et
777 3418 950 3483 exercitum
970 3415 1052 3481 Mace

149 3510 280 3577 oblitum
297 3512 634 3599 degenerantemque
624 3535 689 3577 ram
710 3513 743 3577 in
764 3511 937 3578 Persarum
954 3527 1040 3576 mores

112 3605 256 3671 exisset.
291 3606 439 3674 referre'
429 3630 463 3672 m
485 3615 572 3671 tauto
589 3629 665 3693 rege
682 3607 769 3694 piget
788 3606 956 3693 superbam
972 3593 1052 3670 moal

146 3700 258 3779 vestis,
281 3709 313 3765 et
335 3701 527 3766 desideratas
549 3701 638 3766 humi
660 3701 829 3766 iacentium
851 3700 966 3767 adulat
946 3711 1040 3767 tiones,

145 3795 238 3860 victis
260 3793 492 3862 Macedonibus
514 3818 642 3882 graves,
670 3796 787 3861 nedum
815 3795 995 3870 victoribus,
1016 3793 1038 3852 tl

146 3889 302 3977 supplicia
323 3898 355 3955 et
375 3888 423 3954 int
424 3911 458 3955 er
482 3888 637 3955 vinume
619 3890 783 3976 etepulas
811 3891 925 3956 caedes
950 3885 1052 3955 amiwfl

111 4002 129 4054 ι
147 3986 318 4052 vanitatem
336 3984 551 4052 ementiendae
571 3985 685 4071 stirpis.
722 3985 845 4069 quid's1
863 3985 927 4050 vini
948 3998 1022 4048 amor
1034 3986 1052 4032 ιι
