2566 4524
220 252 286 319 260
461 262 579 318 LIBER
597 262 637 334 V,
655 263 680 320 8.
699 265 724 319 9.
744 266 818 332 [au.
829 262 923 319 aeta.
935 262 999 331 353]

185 446 328 493 somnes
354 444 411 510 per
437 444 530 508 agros
560 421 742 505 vicinasque
773 420 868 486 urbes
897 420 1150 508 negotiabantur.
1188 438 1233 486 nee

220 519 308 585 Veiis
326 519 438 584 melius
456 528 628 605 gestares,
648 518 733 601 quod
751 526 817 581 tum
836 527 930 602 eaput
947 517 1090 582 omniurn
1108 534 1233 583 ourarun

219 614 414 701 publicarum
434 624 508 676 erat.
543 634 617 675 nam
636 625 666 676 et
684 612 780 676 duoes
798 606 934 675 Romani
951 611 1026 696 plus
1041 612 1125 677 inter
1141 632 1176 678 ee
1188 610 1235 677 ire·

220 732 292 774 rum
312 730 407 791 quam
430 707 582 770 adversus
604 705 712 770 hostes
734 705 831 770 animi
852 704 1045 784 habuerunt,
1072 716 1106 771 et
1127 720 1234 772 aueum

222 814 271 868 est
292 801 409 866 bellum
432 801 569 865 adventu
590 800 753 885 repentino
771 798 981 884 Capenatium
998 810 1097 884 atque
1114 800 1235 867 Faliseo·

188 918 204 965 a
221 918 302 960 rum.
333 895 366 958 hi
384 896 448 959 duo
460 894 606 958 Etruriae
623 893 745 980 populi,
764 893 839 976 quia
856 893 991 978 proximi
1007 895 1140 981 regione
1156 903 1234 973 emt,

221 990 352 1054 devietis
366 988 455 1053 Veiis
469 988 556 1054 bello
565 1008 691 1072 quoqne
704 988 848 1052 Romano
867 1009 901 1051 se
919 988 1084 1073 proximos
1102 990 1171 1055 fore
1183 1008 1235 1055 ore·

188 1106 203 1152 a
221 1084 345 1160 dentes,
365 1083 481 1147 Falisci
498 1083 624 1168 propria
641 1083 735 1146 etiam
753 1102 850 1146 eausa
866 1081 987 1159 infesti,
1006 1085 1096 1167 quod
1109 1080 1236 1149 meam

220 1179 303 1244 bello
321 1199 355 1244 se
373 1179 436 1242 iam
454 1190 548 1243 antea
559 1178 794 1254 inmisouerant‚
813 1198 869 1262 per
881 1177 1003 1264 legatos
1017 1178 1105 1245 ultro
1117 1180 1235 1261 cineam

220 1275 334 1337 missos
352 1274 568 1337 iureiurando
584 1274 665 1336 inter
682 1294 716 1336 se
734 1271 865 1358 obligati
882 1292 954 1336 eum
972 1273 1163 1339 exereitious
1177 1292 1238 1337 nee·

187 1370 346 1454 rapinam
369 1369 409 1432 ad
432 1367 528 1432 Veios
552 1388 722 1433 accessere.
763 1367 845 1431 sorte
871 1388 909 1431 ea
935 1367 1080 1453 regione,
1112 1390 1175 1453 que
1192 1364 1238 1431 Μ’.

223 1461 354 1548 Sergius
374 1461 516 1526 tribunus
535 1460 671 1525 militum
686 1472 842 1546 praeerat,
867 1472 969 1525 eastra
986 1462 1092 1526 adorti
1114 1474 1184 1529 stne
1200 1461 1241 1525 in·

221 1569 411 1641 gentemque
434 1570 583 1620 terrorem
606 1556 752 1632 intulere,
775 1556 850 1639 quia
866 1554 1028 1620 Etruriam
1049 1574 1177 1622 omnem
1195 1574 1242 1621 ex-
1274 1588 1277 1605 ¹

220 1652 314 1714 eitam
343 1650 471 1714 sedibus
498 1672 613 1736 magna
640 1650 721 1715 mole
748 1650 860 1714 adesso
883 1650 1020 1714 Romani
1044 1652 1241 1716 crememus

186 1746 329 1812 eeadem
355 1744 460 1830 opinio
486 1743 636 1808 Veientes
662 1744 695 1807 in
720 1742 798 1807 urbe
828 1744 1004 1808 concitavit
1049 1744 1098 1809 ita
1128 1742 1243 1830 molpiti
1273 1756 1277 1823 ¹,

218 1839 338 1925 proelio
364 1851 465 1904 castra
488 1838 632 1903 Romana
657 1837 934 1923 oppugnabantur3
965 1848 1243 1924 concursantesque
1275 1840 1277 1915 ζ

219 1956 290 1997 cum
310 1934 372 1996 huo
383 1944 483 2015 atque
496 1933 570 1995 illue
584 1933 675 2017 signa
688 1933 904 2010 transferrent,
922 1952 982 1997 neo
991 1928 1164 1999 Veientem
1176 1933 1244 2000 aaut
1274 1920 1277 1995 i

220 2027 365 2091 cohibere
384 2027 465 2089 intra
482 2026 669 2091 munitiones
688 2049 747 2091 nee
765 2027 832 2092 suis
849 2026 1053 2093 mtmimentie
1068 2028 1244 2095 aream-eie
1267 2106 1271 2117 Ι

186 2142 200 2188 9
220 2142 256 2185 ae
275 2121 353 2183 tueri
372 2143 406 2184 se
424 2119 464 2184 ab
484 2121 634 2185 exteriore
652 2131 796 2207 poterant
813 2120 914 2187 hoste.
950 2144 1014 2186 uua
1031 2142 1110 2207 spos
1128 2120 1244 2200 ereas

219 2238 258 2279 ex
285 2215 456 2279 maioribus
483 2217 593 2280 castris
622 2214 849 2294 subveniretur,
875 2226 912 2280 ut
933 2216 1079 2281 diversae
1102 2217 1244 2304 legiones,

220 2311 300 2375 aliae
313 2311 464 2375 adversus
479 2309 674 2395 Capenatem
693 2334 729 2375 ao
742 2311 916 2388 Faliscum,
936 2311 1016 2375 aliae
1033 2326 1146 2377 contra
1163 2332 1245 2397 erup·

219 2406 334 2468 tionem
352 2406 580 2490 oppidanorum
598 2420 782 2492 pugnarent.
811 2407 867 2470 sed
885 2407 994 2470 castris
1014 2424 1160 2491 praeerat
1175 2406 1244 2470 Ver·

170 2519 200 2565 10
218 2502 337 2586 ginius‚
356 2501 501 2584 privatim
513 2498 626 2585 Sergio
639 2500 758 2563 invisus
772 2500 977 2583 infestusque.
1006 2501 1043 2577 is,
1063 2524 1143 2566 oum
1152 2502 1244 2587 plere·

218 2616 279 2677 que
305 2595 433 2658 castella
455 2607 650 2679 oppugnata,
679 2607 840 2678 superatas
863 2595 1067 2671 munitiones,
1098 2598 1243 2678 utrimque

217 2688 324 2752 invehi
342 2688 464 2752 hostem
483 2689 684 2767 nuntiaretur,
705 2689 737 2752 in
755 2689 849 2751 armis
868 2687 982 2752 milites
995 2691 1113 2767 tenuit,
1133 2692 1242 2776 si-opue

169 2803 199 2848 11
221 2783 301 2845 foret
324 2782 453 2858 auxilio,
482 2781 635 2867 collegam
657 2784 803 2847 dictitans
827 2784 868 2847 ad
887 2806 921 2847 so
938 2784 1126 2850 missurum.
1159 2786 1242 2849 liuim

218 2875 434 2959 adrogantiam
457 2877 626 2960 pertinacia
648 2877 775 2942 alterius
798 2877 967 2961 aequabat,
993 2880 1063 2961 qui,
1093 2900 1136 2944 ue
1157 2898 1241 2964 quum

219 2992 313 3055 opem
335 2970 375 3035 ab
397 2971 523 3036 inimico
546 2974 704 3037 videretur
725 2974 856 3059 petisse,
880 2973 963 3037 vinei
982 2970 1027 3038 ab
1041 2973 1137 3040 hoste
1157 2992 1241 3059 quan

168 3085 199 3132 12
218 3065 342 3130 vincere
368 3088 424 3152 per
449 3068 551 3132 eivem
578 3068 696 3132 maluit.
736 3068 792 3131 diu
818 3068 851 3131 in
877 3068 981 3132 medio
1008 3069 1098 3132 oaesi
1125 3070 1239 3143 militem

216 3176 375 3247 postremo
389 3163 519 3227 desertis
538 3162 763 3226 munitionibus
782 3163 930 3248 perpauci
947 3162 981 3225 in
998 3163 1123 3229 maiora
1141 3180 1237 3237 essue,

216 3279 289 3341 pars
316 3258 453 3321 maxima
480 3269 572 3341 atque
599 3258 667 3342 ipse
695 3255 826 3342 Sergius
853 3257 988 3322 Romam
1015 3260 1236 3343 pertenderent·

217 3350 271 3413 ubi
289 3373 361 3413 oum
380 3374 504 3415 omnem
519 3352 643 3437 eulpam
657 3352 689 3415 in
704 3351 855 3437 collegam
870 3352 1045 3430 inclinaret,
1065 3350 1238 3419 aaoiriVer·

62 3501 65 3506 .
168 3443 338 3528 laginiam
361 3467 401 3507 ex
422 3446 547 3522 eastris,
571 3446 689 3510 interea
707 3467 853 3530 praeesse
872 3446 992 3531 legatos
1015 3446 1147 3532 placuit.
1179 3454 1236 3511 eol

217 3537 330 3601 deinde
352 3538 385 3601 in
404 3553 513 3603 senatu
531 3562 581 3603 res
600 3552 648 3604 est
666 3554 879 3623 certatumque
897 3540 978 3604 inter
995 3540 1139 3627 collegas
1154 3538 1235 3606 mule

218 3632 319 3694 dietis.
354 3634 447 3717 pauei
464 3634 508 3698 rei
526 3634 683 3718 publicae,
703 3634 775 3698 huic
793 3648 886 3717 atque
900 3634 958 3711 illi,
977 3646 1014 3698 ut
1026 3644 1234 3722 quosqueslss·

216 3723 302 3787 dium
320 3726 464 3810 privatim
483 3738 536 3791 aut
554 3728 654 3812 gratia
672 3740 917 3812 occupaverunt,
937 3728 1062 3793 adsunt

182 3839 197 3888 1
280 3818 390 3884 Vlffl.
426 3821 584 3886 Primores
607 3836 744 3906 patrum,
773 3824 839 3887 sive
861 3822 954 3907 eulpa
977 3823 1045 3888 sive
1065 3822 1231 3889 inlelioitate

215 3916 437 4002 imperatorum
460 3930 523 3981 tam
546 3919 754 4004 ignominiosa
776 3921 881 3985 clades
904 3934 1035 4008 accepta
1051 3933 1151 4000 esset,
1172 3938 1231 3985 oeu-

216 4030 320 4090 suere,
339 4035 402 4078 non
416 4015 661 4099 exspectandum
678 4015 797 4080 iustum
815 4029 938 4103 tempus
957 4017 1168 4095 comitiorum,
1184 4004 1230 4078 eei
