2566 4524
304 255 424 310 LIBER
441 255 540 328 uun,
559 257 651 313 suaa.
671 260 710 326 [a.
721 255 823 328 can]
1014 247 1077 315 471

81 438 116 478 an
128 412 305 491 demittunt,
324 413 431 498 ibique
444 414 581 500 primum
595 424 697 481 castra
710 414 744 480 in
756 426 960 503 conspectum
977 416 1077 485 hosti·

82 535 100 577 s
125 511 215 588 data,
238 510 350 575 deinde
372 509 496 576 levibus
518 509 644 598 proeliis
667 510 809 596 equitum
831 511 957 599 saepius
979 523 1110 598 quomo

81 605 187 670 ditum
203 604 359 688 utrimque
376 604 551 692 periculum
568 604 702 670 factum:
724 626 784 670 nec
801 614 856 672 aut
872 615 1004 673 eventus
1022 628 1076 674 eo-

81 724 110 765 n
129 699 312 766 Romanum
330 709 384 763 aut
401 720 520 778 morae,
544 720 607 784 qua
627 697 793 766 trahebant
813 699 946 781 bellum,
968 701 1077 789 paeni·

80 804 139 861 tat.
179 793 368 861 Samnitium
390 803 499 860 contra
521 793 654 860 ducibus
677 807 709 860 et
726 794 812 882 carpi
833 795 940 882 parvis
961 796 1111 863 cotidiae

80 889 169 955 mnis
187 899 219 955 et
237 909 400 954 senescere
418 888 567 954 dilatione
588 887 663 954 belli
684 888 768 954 vires
787 911 863 955 suae
880 889 1076 958 videbantur.

80 983 197 1070 quein
211 982 311 1049 aciem
327 983 501 1068 procedunt
520 982 677 1067 equitibus
689 981 724 1048 in
737 1004 855 1049 cornua
872 983 992 1063 divisis,
1008 987 1078 1071 qui-
1096 998 1111 1047 7

83 1103 102 1145 s
123 1088 331 1166 praeceptum
348 1088 425 1157 erat,
439 1078 620 1144 intentiores
639 1078 681 1143 ad
697 1087 876 1166 respectum
893 1089 1077 1158 castrorum,

101 1195 230 1258 quaec
252 1171 424 1251 visfieret,
447 1193 544 1256 quam
570 1172 612 1237 ad
637 1172 791 1257 proelium
814 1182 950 1239 starent:
976 1173 1077 1239 aciem

79 1267 142 1333 diti
166 1276 267 1332 tutam
288 1266 366 1332 fore.
402 1266 567 1332 consulum
587 1265 748 1352 Sulpicius
770 1266 804 1332 in
820 1265 945 1345 dextro,
963 1266 1112 1334 Poeta-8

79 1386 100 1428 s
121 1362 157 1427 in
175 1361 265 1427 laevo
283 1382 380 1427 cornu
397 1361 593 1427 consistunt'
613 1361 724 1427 dextra
736 1383 819 1448 pars,
834 1382 897 1445 qua
912 1370 943 1427 et
952 1359 1079 1428 Samni-

79 1455 186 1522 uraris
203 1453 374 1532 ordinibus,
393 1464 448 1520 aut
465 1455 506 1520 ad
520 1455 758 1521 circumeundos
771 1455 879 1521 hostes
893 1466 947 1522 aut
963 1479 1003 1523 ne
1015 1456 1078 1544 ipsi

79 1549 290 1628 cumirentur,
304 1549 515 1628 constiterant,
529 1550 623 1616 latius
637 1549 796 1636 patefacta
810 1549 905 1616 stetit
933 1551 1077 1631 sinistris,
1095 1563 1111 1614 9

78 1655 264 1729 retorquam
276 1645 362 1728 quod
379 1644 583 1710 confertiores
597 1652 756 1724 steterant,
770 1646 934 1732 repentino
947 1645 1078 1713 oonsilio

78 1738 179 1808 tetelii
196 1738 332 1804 consulis
356 1739 480 1805 additae
498 1739 595 1818 vires,
618 1738 674 1823 qui
696 1738 899 1806 subsidiarias
922 1739 1077 1819 cohortes,

78 1857 124 1902 ae
143 1834 286 1920 integrae
303 1833 344 1899 ad
361 1833 512 1922 longioris
529 1855 656 1920 pugnae
670 1856 763 1900 casus
780 1833 1030 1913 reservabantur,
1043 1834 1078 1899 in

77 1932 181 1996 imam
194 1929 293 1993 aciem
307 1928 464 2013 extemplo
478 1928 582 1994 emisit
598 1927 817 2012 universisque
833 1927 958 1995 hostem
974 1928 1077 2015 primo

77 2034 166 2112 ‚petu
183 2022 303 2088 viribus
321 2022 444 2110 inpulit
476 2031 633 2089 commota
648 2022 788 2109 pedestri
805 2023 872 2088 acie
887 2020 1078 2090 Samnitium
1097 2040 1129 2089 ιο

77 2140 142 2185 ues
166 2116 200 2183 in
222 2140 362 2204 pugnam
389 2117 538 2183 succedit.
577 2117 612 2181 in
635 2116 720 2183 hunc
747 2127 926 2184 transverso
953 2118 1079 2205 agmine

77 2228 125 2281 :er
142 2213 225 2278 duas
243 2213 325 2277 acies
344 2234 379 2278 se
396 2212 581 2278 inferentem
590 2210 755 2277 Romanus
773 2212 930 2296 equitatus
944 2213 1079 2278 concitat

77 2331 145 2374 uos
166 2306 319 2394 signaque
337 2315 369 2371 et
386 2307 511 2372 ordines
529 2303 672 2392 peditum
685 2314 778 2389 atque
792 2304 932 2389 equitum
946 2306 1079 2371 confim-

76 2402 214 2483 ,donec
226 2401 404 2466 universam
417 2399 457 2467 ab
471 2422 509 2466 ea
520 2408 609 2486 parte
622 2398 734 2465 avertit
746 2398 856 2464 aciem.
882 2398 917 2464 in
929 2421 967 2464 eo
981 2421 1078 2465 cornu
1097 2416 1129 2466 ιι

76 2521 107 2562 ,ιι
116 2494 280 2562 Poetelius
299 2495 395 2573 solus,
410 2495 466 2560 sed
477 2493 637 2581 Sulpicius
656 2493 751 2571 etiam
767 2493 908 2559 hortator
924 2493 1077 2573 adfuerat,

76 2598 176 2657 'ectus
190 2589 231 2656 ab
245 2590 311 2655 suis
324 2589 465 2656 nondum
479 2587 715 2657 conserentibus
729 2610 841 2654 manus
855 2588 897 2654 ad
910 2587 1078 2654 clamorem

76 2683 212 2753 sinistra
228 2693 316 2769 parte
333 2683 421 2771 prius
439 2693 591 2749 exortum.
628 2681 712 2749 unde
729 2681 815 2748 hand
833 2680 962 2750 dubiam
979 2682 1079 2747 victo-
1097 2698 1129 2748 ιι

75 2803 125 2846 un
143 2799 285 2856 cernens,
300 2799 373 2843 cum
390 2777 432 2843 ad
449 2800 543 2843 suum
560 2800 658 2845 cornu
676 2777 817 2843 tenderet
834 2799 907 2843 cum
920 2776 1005 2843 mille
1019 2777 1079 2842 du·

75 2875 146 2940 ntis
165 2872 251 2952 viris,
265 2872 449 2939 dissimilem
461 2872 507 2939 ibi
518 2872 677 2939 fortunam
690 2872 819 2952 invenit,
832 2872 995 2940 Romanos
1007 2872 1079 2939 loco

75 2971 173 3046 ilsos,
200 2967 349 3033 victorem
374 2968 499 3033 hostem
525 2967 617 3053 signa
637 2967 670 3031 in
694 2967 856 3053 perculsos
882 2968 1018 3034 inferent
1005 2977 1078 3033 t.em

75 3075 189 3131 terum
210 3060 316 3126 omnia
337 3061 470 3127 mutavit
495 3069 624 3146 repente
645 3059 783 3125 consulis
802 3061 921 3126 advent
908 3071 978 3126 tus:
1003 3084 1079 3127 nam
1099 3077 1131 3126 ιι

92 3164 271 3241 conspectu
292 3155 382 3221 ducis
403 3156 541 3221 refectus
563 3154 643 3219 milit
630 3163 698 3219 tum
720 3162 769 3218 est
785 3153 909 3219 animus
928 3161 959 3218 et
976 3153 1078 3218 maiu's

74 3274 144 3318 ram
167 3271 224 3335 pro
240 3271 372 3315 numero
390 3248 542 3314 auxilium
559 3247 751 3314 advenerant
767 3246 913 3313 fortes
883 3246 943 3312 vrri
960 3254 991 3311 et
1007 3268 1080 3334 par-

74 3370 85 3412 s
104 3343 236 3411 alterius
253 3343 385 3409 victoria
401 3343 522 3421 audita,
545 3365 621 3408 mox
637 3342 708 3407 visa
729 3342 836 3419 etiam,
858 3339 1012 3428 proelium
1029 3362 1079 3406 re-

74 3439 159 3504 ituit.
196 3446 261 3504 tota
278 3438 392 3504 deinde
412 3439 476 3504 iam
494 3437 619 3504 vincere
641 3437 709 3502 acie
725 3436 889 3504 Romanus
912 3444 943 3502 et
960 3435 1079 3502 omisso
1098 3454 1132 3505 ιι

74 3533 220 3600 ertamine
238 3533 327 3599 caedi
348 3533 480 3620 capique
500 3530 673 3611 Samnites,
695 3531 757 3597 nisi
778 3532 833 3617 qui
849 3531 1078 3610 Maleventum,

73 3628 101 3693 ri
122 3648 208 3694 nunc
229 3626 301 3694 urbi
321 3627 541 3694 Beneventum
566 3648 682 3693 nomen
703 3635 766 3705 est,
787 3625 1002 3713 per-fugerunt.
1037 3625 1080 3692 ad

73 3723 179 3811 iginta
195 3722 282 3789 milia
299 3745 393 3789 caesa
410 3732 464 3788 aut
476 3732 569 3810 capta
578 3673 768 3835 Samnitium
784 3720 943 3852 proditum
961 3742 1080 3787 memo-

73 3841 114 3885 ae
133 3827 192 3884 est.

114 3910 285 3978 XXVIII.
323 3909 479 3978 Consules
510 3911 638 4000 egregia
662 3911 793 3978 victoria
821 3920 912 3999 parta
936 3908 1112 3997 protinus1

72 4008 125 4076 rde
143 4008 185 4074 ad
201 3989 380 4074 Bovianum
398 4009 644 4096 oppugnandum
661 4007 802 4096 legiones
820 4007 951 4084 ducunt;
972 4002 1079 4088 ibique
1098 4023 1113 4070 2
