2566 4524
374 277 492 333 omna
508 278 563 350 vr,
580 279 623 334 20.
643 277 793 348 [acam]
1035 270 1100 337 325
1196 348 1201 360 ⁶

92 452 114 508 et
122 438 251 530 proximi
270 447 390 504 vestem
403 445 568 503 mutarent.
596 434 660 524 Ap.
672 435 806 504 Claudio
817 437 852 503 in
864 437 990 506 vincula
1004 439 1098 510 ducto
1117 461 1132 510 3

92 535 120 604 0.
133 534 296 602 Claudium
314 532 476 599 inimicum
496 531 725 617 Claudiamque
743 554 869 600 omnem
886 544 1013 622 gentem
1031 560 1099 604 sor·

92 632 207 697 didatam
224 629 335 695 fuisse.
362 650 520 693 consensu
534 627 667 714 opprimi
678 629 864 715 popularem
877 630 993 710 virum,
1012 633 1099 716 quod

92 726 188 813 primus
206 749 226 790 a
242 721 384 810 patribus
402 723 443 788 ad
459 721 585 808 plebem
604 721 780 788 defecisset.
817 746 890 790 cum
912 725 979 791 dies
1002 727 1097 807 venit,
1116 748 1133 794 4

94 843 153 905 quae
175 828 300 907 praeter
325 828 433 884 coetus
460 816 669 883 multitudinis
697 819 925 905 seditiosasque
951 843 1045 887 voces
1067 830 1100 886 et

94 914 266 1003 largitionem
284 923 315 978 et
332 907 430 979 fallax
447 913 598 978 indicium
615 913 802 999 pertinentia
817 915 943 1002 proprie
956 918 997 982 ad
1009 916 1100 1004 regni

95 1011 190 1076 crimen
205 1009 245 1076 ab
264 1008 500 1078 accusatoribus
519 1007 641 1074 obiecta
660 1009 722 1074 sint
743 1031 811 1089 reo,
835 1013 920 1097 apud
941 1012 1100 1077 neminem

96 1114 230 1170 sudorem
250 1103 391 1183 inveni03
418 1126 477 1168 nec
499 1102 623 1182 dubito,
650 1103 736 1169 haud
760 1126 859 1191 parva
885 1105 999 1186 fuisse,
1028 1127 1133 1174 cums

97 1199 241 1265 damnandi
267 1221 356 1265 mora
380 1199 467 1286 plebi
491 1221 556 1264 non
576 1199 610 1264 in
632 1221 741 1278 causa,
770 1199 881 1265 sedin
902 1200 973 1267 loco
994 1202 1098 1267 fuerit.

98 1291 158 1359 illud
170 1296 339 1361 notandum
356 1294 488 1373 videtur,
507 1303 543 1358 ut
557 1294 656 1359 sciant
668 1294 812 1360 homines
817 1343 826 1374 ,
845 1316 925 1380 quae
939 1305 970 1361 et
983 1306 1101 1380 quanta

97 1387 186 1455 decora
201 1389 296 1455 foeda
310 1388 464 1474 cupiditas
478 1389 568 1476 regni
582 1410 645 1453 non
658 1389 782 1475 ingrata
795 1389 910 1475 solum,
931 1391 987 1455 sed
999 1391 1101 1456 invisa

97 1481 169 1548 etiam
184 1483 365 1550 reddiderit:
384 1483 528 1550 homines
541 1505 638 1570 prope
653 1484 898 1571 quadringentos
911 1485 1100 1570 produxisse
1119 1505 1133 1553 6

97 1575 195 1659 dicitur,
208 1579 323 1665 quibus
334 1578 400 1645 sine
409 1578 537 1645 faenore
551 1600 706 1665 expensas
715 1580 865 1665 pecunias
876 1580 1007 1660 tulisset,
1023 1603 1102 1666 quo-

97 1693 150 1737 rum
160 1673 239 1740 bona
251 1672 367 1752 venire,
387 1695 468 1758 quos
481 1672 555 1739 duci
568 1674 710 1738 addictos
723 1674 950 1760 prohibuisset;
968 1676 1100 1742 adhaec
1120 1697 1134 1742 7

97 1765 187 1834 decora
203 1790 327 1854 quoque
345 1766 420 1833 belli
433 1790 501 1833 non
519 1790 780 1834 commemorasse
801 1778 936 1848 tanturn,
956 1772 1013 1835 sed
1029 1793 1102 1857 pro-

97 1861 184 1928 tulisse
206 1865 300 1930 etiam
322 1862 556 1950 conspicienda,
585 1864 686 1951 spolia
706 1864 844 1929 hostium
871 1887 1034 1930 caesorum
1061 1865 1102 1930 ad

96 1954 212 2043 triginta,
232 1959 316 2023 dona
332 1958 556 2044 imperatorum
574 1959 615 2023 ad
632 1959 852 2046 quadraginta,
871 1959 905 2023 in
922 1959 1036 2043 quibus
1053 1958 1102 2023 in-

96 2049 180 2139 signes
203 2053 282 2119 duas
304 2050 440 2118 murales
463 2075 609 2132 coronas,
638 2053 753 2119 civicas
776 2063 856 2119 octo.
893 2054 1015 2119 adhoc
1038 2071 1135 2119 ser-8

92 2156 166 2214 vatos
183 2171 222 2215 ex
239 2147 383 2214 hostibus
402 2148 487 2214 cives
501 2148 662 2235 produxit,
681 2148 762 2213 inter
775 2170 855 2232 quos
871 2147 909 2214 C.
922 2146 1101 2227 Servilium,

90 2243 259 2330 magistrum
277 2242 417 2327 equitum
431 2241 594 2308 absentem
608 2242 811 2306 nominatum.
843 2251 874 2307 et
888 2264 961 2306 curn
974 2265 1012 2306 ea
1024 2264 1103 2326 quo·
1224 2316 1227 2323 ¹

89 2355 152 2421 pue,
171 2359 250 2422 quae
268 2336 352 2402 belle
369 2345 461 2424 gesta
478 2346 597 2415 essent,
613 2357 673 2422 pro
690 2335 820 2423 fastigio
837 2358 942 2401 rerum
963 2335 1102 2400 oratione

86 2431 170 2498 eliam
194 2431 364 2519 magnifica
388 2431 474 2497 facta
496 2431 587 2496 dictis
611 2430 775 2516 aequando
797 2436 1017 2510 memorasset,
1044 2452 1103 2494 nu-

84 2523 168 2592 dasse
184 2528 295 2613 pectus
313 2525 437 2612 insigne
456 2524 652 2591 cicatricibus
674 2523 757 2590 bello
779 2524 916 2611 acceptis
939 2534 971 2590 et
990 2523 1103 2589 identi-
1122 2543 1135 2590 9

83 2619 149 2687 dem
166 2619 359 2708 Capitolium
380 2631 527 2707 spectans
544 2621 656 2686 lovem
678 2621 816 2705 deosque
836 2620 913 2686 alios
932 2619 1104 2686 devocasse

79 2715 117 2783 ad
144 2715 298 2785 auxilium
328 2715 526 2782 fortunarum
557 2738 684 2782 suarum
714 2725 923 2802 precatusque
950 2737 1035 2794 esse,
1070 2721 1106 2777 ut
1224 2780 1230 2787 ‚

77 2831 171 2897 quam
193 2819 331 2876 mentem
354 2810 415 2877 sibi
434 2809 645 2898 Capitolinam
667 2833 771 2877 arcem
793 2810 970 2898 protegenti
992 2809 1034 2874 ad
1056 2829 1107 2881 sa,

77 2902 176 2975 lutam
192 2906 301 2993 populi
319 2906 455 2972 Romani
476 2906 651 2985 dedissent,
679 2928 749 2972 eam
772 2907 889 2993 populo
905 2905 1051 2971 Romano
1073 2902 1107 2968 in

77 3023 134 3069 suo
146 3001 327 3067 discrimine
341 3001 463 3078 darent,
483 3009 514 3066 et
531 3022 638 3066 orasse
657 3000 798 3087 singulos
817 3000 1053 3083 universosque,
1072 3004 1108 3061 ut

77 3092 270 3181 Capitolium
292 3103 387 3178 atque
404 3116 509 3160 arcem
526 3094 696 3172 intuentes,
721 3103 755 3158 ut
772 3092 813 3159 ad
830 3093 906 3157 deos
924 3091 1106 3156 inmortales

77 3188 165 3259 versi
182 3189 219 3257 de
237 3211 272 3255 se
289 3189 472 3254 iudicarent.
507 3187 541 3254 in
559 3211 671 3274 campo
684 3187 802 3253 Martio
820 3208 891 3252 cum
910 3185 1107 3250 centuriatim
1126 3204 1158 3252 10

77 3283 214 3374 populus
233 3284 381 3350 citaretur
398 3293 431 3348 et
446 3306 519 3349 reus
534 3284 574 3348 ad
590 3282 781 3370 Capitolium
795 3304 906 3347 manus
921 3281 1053 3345 tendens
1066 3279 1107 3345 ab

77 3377 257 3447 bominibus
284 3377 326 3443 ad
351 3379 428 3444 deos
453 3400 564 3465 preces
592 3377 770 3455 avertisset,
797 3376 941 3463 apparuit
962 3374 1107 3454 tribunis,

77 3474 136 3547 nisi
163 3471 273 3540 oculos
299 3494 425 3558 quoque
452 3473 616 3539 hominum
641 3472 828 3538 liberassent
854 3470 931 3535 tanti
957 3469 1110 3535 memoria

77 3568 213 3647 ᾶωοτίι,
237 3589 410 3653 numquam
433 3566 500 3634 fore
518 3569 551 3633 in
568 3565 805 3654 praeoccupatis
823 3564 977 3632 beneficio
995 3563 1108 3630 animis

77 3682 150 3733 vero
174 3661 298 3729 crimini
317 3661 433 3730 locum.
469 3663 513 3728 ita
529 3663 672 3749 prodicta
689 3662 739 3727 die
757 3661 791 3726 in
807 3658 987 3725 Petelinum
1000 3658 1109 3724 lucum
1127 3677 1158 3725 11

77 3767 167 3828 exim
187 3766 313 3845 portam
329 3756 588 3837 Flumentanam,
610 3756 695 3823 unde
718 3764 906 3843 conspectus
928 3755 962 3820 in
980 3753 1110 3841 Capito-

77 3850 154 3923 bum
170 3876 239 3923 non
254 3862 354 3934 esset,
372 3850 540 3920 concilium
557 3852 666 3939 populi
682 3851 835 3918 indictum
849 3859 906 3918 est.
932 3849 978 3916 ibi
991 3847 1109 3913 crimen

81 3947 190 4030 scuit,
223 3957 256 4015 ot
285 3946 452 4015 obstinatis
479 3946 593 4014 animis
619 3946 707 4013 triste
732 3946 884 4013 iudicium
908 3941 1109 4023 invisumque

87 4040 175 4111 edam
195 4042 353 4111 iudicibus
376 4042 505 4111 factum.
543 4051 616 4109 sunt
633 4041 688 4127 qui
704 4064 761 4129 per
778 4038 976 4116 duumviros,
997 4031 1054 4121 qui
1070 4031 1113 4123 do
1129 4048 1160 4125 ῃ
