2566 4524
144 223 208 290 516
415 231 533 288 LIBER
550 231 592 301 X,
610 230 654 286 20.
665 229 708 285 21.
727 233 803 299 [au.
813 228 914 300 cabil]

146 392 271 458 edidere
288 389 426 467 iacintus,
448 410 523 452 nam
541 384 665 453 Staium
680 384 856 451 Minacium
874 384 991 451 ducem
1007 384 1159 451 adeuntem

146 485 271 552 ordines
287 481 525 565 hortantemque
541 481 707 559 invadunt3
733 479 895 566 dissipatis
912 478 988 546 inde
1005 478 1159 564 equitibus,

145 579 201 665 qui
221 601 294 644 cum
316 598 353 643 eo
375 575 517 654 aderaut,
542 573 648 661 ipsum
669 572 904 640 circumsistunt
924 572 1160 657 insidentemque
1206 644 1208 661 ἶ

97 698 130 746 14
147 695 229 759 equo
246 680 373 758 captum
390 669 432 735 ad
449 668 612 734 consulem
619 667 797 733 Romanum
813 667 950 753 rapiunt.
978 676 1119 733 revocata
1130 686 1160 732 eo

145 765 282 833 tumultu
292 764 394 850 prima
406 762 497 850 signa
508 758 711 840 Samnitium
723 760 939 848 proeliumque
952 759 1019 827 iam
1030 759 1162 848 proffiga-
1206 836 1208 841 Ι

97 886 129 935 15
147 870 214 926 tum
230 860 420 946 integramm
437 865 494 935 est,
511 877 571 921 nec
584 855 700 922 diutius
718 855 863 921 sustineri
879 855 995 943 potuit.
1026 877 1116 921 caesa
1129 852 1162 919 ad

146 977 203 1021 sex
213 947 1160 1038 miliahominum,duomiliaetquingenticapti,ineistribuui

146 1048 280 1114 militum
296 1056 452 1132 quattuor,
471 1046 562 1133 signa
577 1045 722 1111 militaria
738 1045 865 1132 triginta
882 1054 922 1125 et,
938 1046 1028 1130 quod
1043 1043 1162 1111 laetissi-
1206 1098 1208 1145 Ι

146 1164 234 1207 mum
242 1140 412 1207 victoribus
421 1139 1163 1226 dritcaptivorumreceptaseptemmiliaetqua·
1205 1154 1208 1213 1

147 1235 312 1323 dringenti
330 1235 446 1322 praeda
462 1233 574 1321 ingens
588 1233 757 1299 sociorum:
776 1233 930 1319 accitique
942 1233 1047 1299 edicto
1060 1231 1164 1299 domiui
1206 1224 1208 1231 ’

98 1354 130 1404 16
148 1331 189 1396 ad
200 1352 251 1395 res
265 1350 339 1395 suas
352 1328 527 1394 noscendas
544 1327 809 1414 recipiendasque.
835 1327 1024 1412 praestituta
1035 1328 1087 1393 dia
1099 1348 1164 1412 qua·
1206 1398 1208 1421 Ι

147 1446 217 1489 rum
229 1445 335 1489 rerum
349 1444 414 1488 non
427 1420 529 1487 extitit
545 1421 690 1487 dominus
708 1420 800 1487 militi
816 1440 996 1501 eoncessae,
1015 1421 1163 1506 coactique
1206 1462 1208 1469 -

148 1517 283 1583 vendere
294 1516 454 1603 praedam,
462 1536 503 1580 ne
516 1514 591 1582 alibi
600 1536 694 1600 quam
706 1515 740 1579 in
753 1514 847 1581 armis
861 1514 1003 1581 animum
1014 1515 1162 1583 haberent
1204 1514 1208 1527 '

115 1635 129 1682 1
211 1609 314 1674 XXL
340 1608 498 1696 Magnum
515 1631 553 1674 ea
568 1608 729 1696 populatio
748 1607 904 1695 Campani
921 1608 993 1696 agri
1008 1608 1165 1675 tumultum
1205 1580 1208 1665 l

116 1721 132 1770 a
148 1703 271 1770 Romae
287 1702 486 1790 praebuerat3
505 1712 537 1768 et
554 1725 612 1790 per
629 1725 683 1770 eos
700 1703 781 1769 forte
799 1703 867 1769 dies
887 1725 928 1768 ex
944 1702 1077 1770 Etruria
1092 1703 1165 1769 adla·

147 1806 216 1863 tum
237 1806 317 1876 erat,
342 1806 415 1884 post
441 1797 610 1863 deductum
635 1797 708 1862 inde
730 1796 979 1863 Volumnianum
1004 1798 1163 1865 exercitum

147 1890 307 1957 Etruriam
325 1891 478 1957 concitam
495 1892 529 1955 in
546 1914 633 1956 arma
650 1900 682 1956 et
694 1888 833 1958 Gellium
844 1890 1033 1979 Egnatium,
1053 1888 1165 1961 Samni-

148 1985 229 2049 tium
245 1985 367 2063 ducem,
386 1994 418 2051 et
433 1984 574 2051 Umbros
593 1985 634 2050 ad
652 1984 859 2050 defectionem
875 1986 997 2065 voeari,
1016 1995 1050 2052 et
1067 1983 1164 2054 Gallos
1205 1998 1208 2069 ξ

117 2077 249 2164 spretio
270 2077 391 2163 ingenti
412 2076 579 2144 sollicitari.
619 2079 669 2143 his
691 2079 808 2144 nuntiis
836 2088 964 2145 senatus
992 2079 1165 2148 conterritus

147 2169 302 2236 iustitium
319 2170 430 2248 indici,
448 2171 597 2236 dilectum
615 2173 716 2238 omnis
738 2172 862 2260 generis
879 2172 1048 2239 hominum
1069 2170 1166 2239 baberi

114 2263 249 2338 riussit.
284 2286 344 2330 nec
359 2264 490 2352 ingenui
510 2264 604 2331 modo
622 2275 676 2331 aut
692 2266 829 2332 iuniores
848 2278 1048 2334 sacramento
1065 2266 1165 2342 adacti,
1205 2220 1208 2329 i

149 2358 206 2424 sed
224 2357 380 2424 seniorum
398 2359 492 2424 etiam
505 2359 649 2424 cohortes
667 2359 768 2426 factae
786 2360 985 2446 libertinique
1003 2360 1165 2429 centuriati
1206 2360 1208 2409 ἶ

150 2461 181 2516 et
207 2451 423 2518 defendendae
447 2453 534 2519 urbis
565 2452 696 2518 consilia
728 2452 939 2542 agitabantur,
973 2474 1166 2541 summaeque

115 2568 255 2618 ararum
280 2556 405 2633 praetor
428 2546 468 2612 P.
492 2544 698 2632 Sempronius
723 2557 874 2634 praeerat.
924 2558 1068 2616 ceterum
1092 2557 1166 2638 parte

148 2662 242 2706 curae
259 2650 466 2706 exonerarunt
483 2649 627 2706 senatum
643 2641 685 2707 L.
704 2641 866 2708 Volumnii
887 2644 1030 2710 consulis
1048 2645 1165 2720 litterae,

148 2734 263 2818 quibus
281 2755 392 2800 caesos
409 2735 561 2819 fusosque
578 2734 779 2821 populatores
798 2735 994 2823 Campaniae
1017 2739 1166 2827 cognitum

115 2852 130 2900 a
149 2836 207 2892 est.
232 2828 339 2910 itaque
352 2835 383 2891 et
400 2827 641 2912 supplicationes
655 2827 696 2894 ob
714 2851 781 2895 rem
797 2829 878 2896 bene
895 2841 1023 2918 gestam
1043 2830 1166 2900 consuls

147 2919 274 2984 nomine
292 2920 477 2999 decernunt3
503 2921 658 2988 iustitium
679 2923 859 3003 remittitur,
879 2926 968 3008 quod
989 2926 1095 2993 fuerat
1110 2926 1165 2991 dies

115 3038 233 3095 axam,
257 3016 506 3104 supplicatioque
525 3018 664 3103 perlaeta
685 3019 754 3084 fuit
790 3029 857 3085 tum
879 3021 919 3085 de
945 3022 1106 3107 praesidio
1128 3040 1168 3085 re·

148 3109 252 3197 gionis
270 3110 476 3196 depopulatae
494 3110 534 3176 ab
546 3109 740 3178 Samnitibus
758 3113 870 3199 agitari
887 3125 1049 3201 coeptum.
1075 3117 1166 3199 itaqua

146 3203 273 3290 placuit,
282 3212 318 3268 ut
326 3203 407 3269 duae
421 3204 560 3269 coloniae
573 3205 656 3271 circa
664 3205 836 3271 Vescinum
845 3215 876 3271 et
883 3206 1062 3274 Falernum
1070 3227 1166 3297 agrum

114 3316 130 3366 8
147 3298 383 3376 deducerentur,
392 3298 627 3364 unaadostium
634 3298 721 3364 Liris
730 3298 826 3377 fluvii,
836 3299 1167 3385 quaeMentumaeap·

146 3392 271 3476 pellata,
281 3391 511 3458 alterainsaltu
519 3391 658 3458 Vescino
665 3392 834 3458 Falernum
844 3394 1166 3484 contingenteagrum,

146 3482 203 3548 ubi
225 3482 343 3570 Sinope
364 3486 478 3551 dicitur
498 3483 621 3552 Graeca
646 3486 722 3551 urbs
744 3486 857 3565 fuisse,
882 3485 1043 3556 Sinuessa
1069 3487 1166 3555 deiude

114 3595 129 3646 a
147 3575 188 3640 ab
210 3576 329 3643 colonis
350 3579 502 3644 Romanis
523 3580 688 3666 appellata.
728 3580 861 3646 tribunis
882 3581 990 3667 plebis
1015 3583 1166 3672 negotium

147 3668 326 3748 detumeat,
339 3681 375 3736 ut
390 3672 494 3758 plebei
511 3674 591 3740 scito
606 3674 765 3740 iuberetur
776 3672 815 3739 P.
827 3672 1039 3761 Sempronius
1056 3685 1166 3764 praetor

98 3784 131 3833 ιο
147 3763 326 3829 triumviros
337 3763 372 3829 in
384 3786 422 3831 ea
432 3764 502 3831 loca
511 3767 629 3833 colonis
637 3767 830 3834 deducendis
842 3789 961 3834 creare.
985 3770 1165 3855 necquino-

147 3859 233 3926 mina
246 3860 356 3926 darent
368 3860 461 3925 facile
472 3862 719 3940 inveniebantur,
729 3861 803 3946 quia
811 3861 845 3927 in
854 3863 1026 3930 stationem
1037 3880 1165 3951 seprope

145 3965 330 4041 perpetuam
347 3954 481 4020 infestae
497 3957 650 4042 regionis,
672 3979 736 4023 non
752 3956 786 4021 iu
803 3979 898 4044 agros
915 3959 1002 4024 mitti
1017 3959 1164 4025 rebantur.
