2566 4524
322 246 631 322 cranemerae.
650 248 802 322 [acea]
1017 239 1081 307 333

61 407 215 492 cuiusque,
234 405 316 490 quia·
326 405 425 472 nolint
443 406 583 494 conspici
600 429 756 473 summam
773 409 855 474 aeris
872 404 979 489 alieni,
997 432 1080 495 quae

61 503 228 589 ndicatura-
244 501 300 580 sit,
326 501 503 568 demersam
527 512 650 589 partem
676 527 696 568 3
716 512 804 589 parte
831 503 979 585 civitatis,
1007 527 1081 573 cum

61 597 172 664 nterim
188 595 370 663 3133331313
386 595 513 683 piebem
530 596 680 663 obiectari
696 597 767 664 aliis
785 607 880 684 atque
897 598 967 666 aliis
980 599 1081 667 hosti-

61 717 118 762 ous.
157 691 280 781 passim
305 691 369 757 iam
392 691 461 758 sino
486 691 560 758 ullo·
577 693 756 758 discrimine
782 693 866 760 bella
890 695 1012 780 quaerit
1038 693 1079 762 ab
1098 715 1114 763 u
1212 771 1226 783 ⁴

61 786 146 854 butio
166 778 338 865 Satricum,
367 784 408 851 ab
427 783 551 853 Satrico
568 785 720 866 Velitras,
747 788 821 853 inde
838 787 1015 855 Tusculum
1035 790 1081 856 le-

61 883 158 972 giones
177 882 298 948 ductas.
333 879 477 960 Latinis,¹
489 879 647 959 Hernicis,
666 880 881 948 Praenestinis
899 883 962 949 iam
979 883 1081 949 inten-

61 977 108 1043 tui
128 998 217 1042 arma
234 973 351 1040 civium
371 973 474 1061 magis
497 997 592 1060 quam
609 974 748 1041 hostium
765 976 851 1054 odio,
878 986 914 1042 ut
934 977 968 1042 in
985 978 1080 1044 armis

61 1069 291 1156 'erantplebem
308 1091 367 1135 nec
388 1069 541 1156 respirare
563 1069 597 1134 in
618 1069 695 1137 urbe
718 1079 773 1135 aut
793 1092 850 1158 per
871 1072 970 1137 otium
986 1071 1082 1137 liber-

61 1167 120 1232 atis
138 1164 320 1232 meminisse
338 1163 443 1229 sinant
459 1173 514 1229 aut
531 1165 702 1231 consistere
718 1165 752 1229 in
770 1166 928 1244 contione,
952 1164 1007 1231 ubi
1025 1164 1082 1231 ali-

61 1261 175 1346 quando
197 1258 326 1325 audiant
346 1280 456 1325 vocem
474 1257 673 1326 tribuniciam
695 1260 735 1325 de
752 1259 886 1326 levando
903 1259 1031 1326 faenore
1050 1269 1082 1325 et

61 1356 111 1423 ine
127 1356 260 1422 aliarum
276 1354 459 1420 iniuriarum
477 1364 633 1443 agentem.
662 1356 749 1442 quod
762 1356 790 1423 si
803 1357 844 1422 sit
858 1357 982 1422 animus
995 1354 1082 1442 plebi
1099 1347 1133 1422 8⁶

61 1471 169 1517 nemor
185 1458 311 1537 patrum
328 1447 495 1528 libertatis,
522 1472 557 1516 se
574 1471 633 1518 nec
651 1450 755 1517 addici
772 1472 962 1537 quemquam
981 1450 1082 1516 civem

61 1545 229 1612 Romanum
246 1543 287 1611 ob
306 1543 457 1611 creditam
469 1545 636 1632 pecuniam
649 1568 800 1632 passuros
814 1568 918 1631 neque
932 1545 1083 1625 dilectum

61 1638 171 1719 raheri,
198 1639 300 1705 donec
320 1639 462 1725 inspecto
489 1661 560 1704 aere
587 1637 688 1704 alieno
714 1639 854 1724 initaque
879 1640 998 1706 ratione
1024 1639 1084 1705 mi·

61 1734 166 1800 ruendi
184 1733 252 1799 eius
271 1731 350 1799 sciat
366 1755 450 1799 unus
467 1732 614 1819 quisque,
641 1734 719 1819 quid
737 1734 800 1812 sui,
825 1733 902 1818 quid
919 1734 1013 1799 alieni
1031 1735 1081 1812 sit,

61 1827 187 1916 supersit
209 1827 271 1893 sibi
287 1825 426 1913 ¹liberum
449 1849 563 1913 corpus
585 1850 626 1892 an
646 1827 681 1891 id
702 1848 827 1913 quoque
849 1849 946 1892 nervo
968 1825 1083 1892 debea-

61 1944 108 1988 nr.
143 1942 265 1988 merces
283 1920 444 1987 seditionis
461 1921 623 2008 proposita
640 1920 806 1986 confestim
824 1919 1009 1987 seditionem
1027 1942 1082 1985 ex·
1101 1940 1115 1988 9

61 2015 166 2081 n'tavit.
202 2037 278 2080 nam
299 2024 332 2081 et
349 2014 579 2082 addicebantur
598 2015 689 2081 multi
707 2025 738 2081 et
760 2015 801 2081 ad
817 2014 1016 2082 Praenestini
1033 2014 1082 2081 fa-

61 2132 134 2177 num
155 2109 231 2176 belli
251 2132 350 2186 novas
376 2110 517 2198 legiones
545 2110 726 2177 scribendas
751 2119 857 2197 patres
885 2119 1080 2177 censuerant.

61 2226 130 2291 quae
150 2213 285 2288 utraque
307 2204 401 2270 simul
423 2205 539 2271 auxilio
562 2205 728 2271 tribunicio
751 2214 783 2270 et
800 2227 957 2271 consensu
978 2204 1080 2292 plebis

61 2300 183 2388 npediri
200 2309 325 2387 coepta3
343 2324 417 2366 nam
433 2322 535 2386 neque
546 2301 627 2367 duci
644 2301 786 2367 addictos
801 2299 918 2366 tribuni
936 2299 1081 2366 sinebant
1100 2320 1133 2368 ro

61 2415 153 2480 teque
167 2393 306 2460 iuniores
323 2395 451 2461 nomina
468 2393 595 2461 dabant.
623 2416 696 2460 cum
712 2393 854 2481 patribus
873 2393 976 2459 minor
991 2415 1083 2480 prae-

61 2509 123 2556 rens
141 2510 218 2555 cura
235 2489 370 2555 creditae
387 2489 540 2577 pecuniae
557 2490 634 2555 iuris
657 2487 852 2574 exsequendi
874 2509 969 2573 quam
987 2487 1084 2551 dilec-

61 2593 205 2651 us-esset
227 2619 270 2634 ·-
292 2584 409 2672 quippe
431 2585 495 2650 iam
516 2608 537 2650 a
552 2583 725 2650 Praeneste
746 2583 905 2672 profectos
927 2582 1028 2649 hostis
1049 2583 1083 2646 in

61 2694 129 2768 egro
146 2676 274 2747 Gabino
290 2679 473 2747 consedisse
494 2677 699 2745 nuntiabatur
713 2716 772 2758 -,
792 2677 917 2744 interim
939 2675 1081 2742 tribunos
1102 2697 1134 2745 11

61 2773 152 2856 >lehis
169 2775 313 2842 famaea
329 2776 399 2863 ipsa
420 2777 602 2842 inritaverat
624 2775 727 2863 magis
749 2775 791 2840 ad
813 2783 996 2861 susceptum·
1017 2795 1084 2839 cer-

61 2891 157 2936 amon
175 2892 276 2956 quam.
292 2871 499 2951 deterruerat,
525 2892 628 2956 neque
650 2869 736 2937 aliud
758 2870 801 2937 ad
822 2869 1008 2936 seditionem
1030 2891 1084 2934 ex-

61 2963 259 3052 dnguendam
279 2965 413 3033 iambe
434 2987 530 3052 quarn
551 2987 654 3052 prope
671 2963 803 3030 inlatum
824 2962 988 3030 moenibus
1005 2963 1084 3049 ipsis
1191 2984 1196 2991 ’

61 3061 174 3126 allum
190 3059 299 3126 valuit.

117 3152 287 3222 laxum.-
309 3153 392 3220 Nam
405 3175 478 3220 crem
490 3162 576 3220 esset
583 3150 797 3244 Praenestinis
811 3150 998 3228 nuntiatum,
1017 3149 1087 3213 nnl-
1105 3171 1118 3217 1

61 3270 124 3317 um
139 3249 312 3315 exercitum
328 3247 542 3336 conscriptum
553 3247 687 3327 Romae,
704 3244 827 3311 nullum
839 3243 953 3309 ducem
967 3251 1086 3308 certum

61 3351 258 3431 mpetum
276 3364 315 3411 nc
330 3342 625 3431 plebemin-semet
640 3343 729 3431 ipsos
748 3361 868 3420 versos,
887 3338 1086 3405 occasionem
1105 3358 1119 3405 a

61 3441 113 3508 aa
135 3439 244 3506 ducent
256 3460 369 3506 eorum
387 3439 503 3526 raptim
525 3438 653 3527 agnoitae
672 3447 760 3516 acto,
785 3434 973 3523 pervastatis
991 3433 1088 3520 proti-

61 3532 427 3622 m=agris=adporttm
444 3533 607 3601 Gallinam
625 3533 718 3620 signa
739 3531 882 3598 intulere.
919 3529 1032 3617 ingens
1054 3529 1089 3594 in
1107 3550 1121 3597 3

61 3627 323 3716 3113313ῳὶ1363
331 3628 404 3695 tuit.
432 3627 721 3696 conclamauum'ad
737 3649 825 3693 arma
837 3646 1089 3709 concursumque

61 3747 85 3792 n
100 3731 331 3809 murce-aulae
343 3731 451 3810 portas
469 3731 526 3802 est,
545 3722 735 3807 tandemque
748 3720 788 3788 ab
803 3719 957 3788 seditione
969 3720 1012 3785 ad
1023 3718 1090 3784 bel-

61 3840 120 3887 um
138 3816 227 3885 versi
242 3817 427 3884 dictatorem
440 3817 479 3885 Τ.
495 3815 680 3901 Quinctium
694 3815 917 3884 Cincinnatum
934 3834 1087 3880 creavere.

61 3911 291 4001 magistrum
308 3911 450 3999 equitum
465 3910 588 3978 Aulum
607 3909 829 4000 Sempronium
841 3907 1024 3976 Atratinum
1042 3904 1089 3968 di·
1106 3925 1124 3972 4

61 4010 111 4077 rit.
135 4007 225 4096 quod
232 4007 291 4075 nbi
301 4007 506 4075 susianen
517 4038 566 4059 -α-
573 4017 680 4076 tantus
694 4007 763 4077 eius
775 4005 978 4095 magistratus
990 4009 1090 4068 anor
