2566 4524
148 252 213 320 350
376 258 930 332 muncrumpaaceacus]

98 443 131 492 ιο
212 419 257 485 Et
276 441 317 484 ne
338 419 366 484 is
389 417 517 502 quidem
538 416 610 481 finis
627 416 835 481 certaminum
854 415 928 483 sirit
962 418 1039 504 quia
1057 412 1155 508 patrici

148 538 183 581 se
200 526 343 580 auctores
360 513 484 578 futuros
501 511 661 598 negabant
675 533 776 597 prope
788 512 1005 580 accessionem
1016 515 1155 602 plebisrcs

98 632 128 680 11
147 608 362 693 terribilesque
380 606 458 672 alias
474 606 577 671 minas
595 605 735 670 civilium
751 606 961 672 certaminum
982 611 1080 690 venit,
1102 633 1156 678 cun

147 716 252 769 tamen
264 724 323 788 per
335 701 518 766 dictatorem
530 699 767 765 condicionibus
780 700 909 767 aeduae
922 702 1096 772 discordiae
1103 713 1157 771 surt

149 816 397 879 concessumque
418 794 458 860 ab
479 793 641 861 nobilitate
661 793 748 881 plebi
772 795 814 860 de
839 797 973 863 consule
998 799 1157 885 plebeias
1197 795 1199 799 ’

147 890 240 977 plebe
256 888 411 955 nobilitati
432 888 471 954 de
492 897 635 974 praetore
656 910 733 965 uno,
760 889 817 974 qui
832 889 883 956 ius
900 891 936 956 in
958 892 1040 960 urbe
1054 893 1156 974 dicuat,

99 1004 130 1055 12
149 1006 189 1049 ex
209 981 351 1069 patribus
375 981 520 1048 creando.
554 981 600 1046 ita
621 981 662 1047 ab
685 982 807 1047 diutina
825 982 874 1048 ira
898 985 1032 1053 tandem
1051 987 1082 1053 in
1100 1009 1157 1054 con·

149 1077 288 1143 cordiam
304 1075 439 1142 redactis
457 1074 620 1141 ordinibus
638 1097 712 1141 cum
728 1076 858 1164 dignmn
875 1100 948 1144 eam
965 1103 1037 1146 rem
1054 1091 1155 1148 senatur
1195 1146 1199 1151 .

148 1179 290 1238 censeret
316 1192 402 1249 esse,
427 1171 601 1254 meritoque
626 1169 674 1249 id,
705 1171 886 1255 siquando
911 1197 1066 1260 umquam
1089 1176 1155 1254 aliar,
1196 1254 1199 1259 ¹

148 1266 244 1332 deum
260 1264 473 1331 inmortalium
494 1263 605 1348 (causa
621 1262 756 1330 libenter
771 1265 927 1354 facturos)
949 1269 1036 1350 fore,
1063 1284 1096 1336 ut
1108 1264 1171 1336 ludi¹
1193 1268 1199 1335 .’

97 1380 129 1431 13
148 1360 278 1426 maximi
294 1359 405 1425 fierent
421 1367 454 1424 et
474 1358 543 1424 dies
564 1381 647 1423 unus
666 1359 707 1424 ad
724 1359 863 1425 triduum
880 1362 1070 1445 adiceretur,
1089 1386 1156 1431 rccu-
1192 1388 1199 1394 ·

150 1453 291 1521 cantibus
312 1454 346 1519 id
363 1476 479 1520 munus
500 1452 654 1519 aedilibus
674 1451 777 1539 plebis
800 1455 1032 1523 conclamatum
1049 1457 1154 1546 apati

149 1550 206 1615 ciis
224 1557 273 1615 cst
289 1547 470 1626 iuvenibus,
493 1570 528 1612 se
545 1547 579 1610 id
594 1546 723 1612 honoris
741 1547 837 1612 deum
853 1549 1067 1618 inmortalium
1083 1575 1153 1618 ausa

97 1664 130 1714 14
147 1643 281 1709 libenter
302 1651 442 1720 acturos,
468 1649 504 1706 ut
525 1640 643 1708 aediles
664 1640 784 1706 fierent
819 1643 936 1727 quibus
959 1667 1034 1711 cum
1054 1646 1091 1713 ab
1107 1646 1153 1711 mi·

149 1737 248 1804 versis
265 1736 385 1824 gratiae
403 1745 492 1802 actae
509 1744 630 1813 esseut,
648 1733 769 1800 factum
786 1746 915 1803 senatus
933 1739 1118 1819 consultum,
1130 1745 1153 1803 ut

149 1832 297 1898 duoviros
324 1831 440 1896 aediles
466 1852 507 1895 ex
536 1829 678 1916 patribus
709 1829 842 1895 dictator
865 1831 1021 1918 populum
1045 1841 1152 1922 rogaret,

149 1936 253 2014 patres
272 1933 414 1992 auctores
433 1923 578 1990 omnibus
596 1924 664 1989 cius
683 1923 757 1989 anni
774 1925 908 1992 comitiis
926 1927 1047 1994 fierent.

447 2258 661 2340 [PERIOOHA
677 2262 785 2322 LIBRI
801 2259 885 2341 VIL]
924 2304 928 2309 -

203 2393 282 2464 [Duo
293 2391 359 2446 novi
368 2389 552 2462 magistratus
562 2389 666 2445 adiecti
677 2396 755 2461 sunt,
773 2395 909 2462 praetura
918 2398 949 2448 et
962 2394 1069 2450 curulis
1083 2393 1156 2452 aedili
1191 2442 1195 2471 .,

149 2478 203 2527 tas.
221 2467 387 2541 pestilentia
397 2467 496 2522 civitas
506 2467 657 2536 laboravit,
668 2483 788 2540 eamque
797 2468 938 2539 insignem
947 2469 1019 2526 fecit
1027 2468 1157 2528 morsl'ud
1193 2486 1199 2509 '-

149 2547 274 2616 Camilli,
294 2544 373 2601 cuius
383 2544 537 2600 remedium
546 2549 575 2599 et
584 2541 649 2598 finis
660 2561 722 2599 cum
731 2561 783 2616 per
791 2561 880 2600 novas
890 2545 1048 2616 religiones
1064 2563 1156 2620 quaere¹
1192 2570 1199 2612 a

149 2633 241 2696 retur,
261 2624 321 2678 ludi
337 2621 460 2677 scaenici
473 2627 542 2675 tunc
554 2623 676 2692 primum
690 2621 759 2677 faeti
774 2628 849 2678 aunt.
876 2641 941 2679 cum
955 2625 1019 2681 dies
1028 2627 1062 2681 L.
1071 2625 1157 2682 Manlio
1193 2621 1199 2708 ᾗ

150 2704 227 2758 dicta
236 2704 313 2757 esset
322 2716 339 2753 a
347 2699 385 2752 M.
396 2698 553 2767 Pomponio
565 2698 679 2755 tribuno
693 2699 787 2771 plebia
796 2707 916 2772 propter
929 2702 1067 2759 dilectum
1077 2705 1158 2761 accrlt
1194 2739 1199 2779 ς

149 2786 243 2835 actum
253 2783 282 2833 et
291 2776 323 2829 Τ.
333 2773 470 2829 Manlium
479 2773 568 2829 filium
577 2794 625 2831 rus
639 2777 798 2849 relegatum
812 2778 872 2834 sinc
885 2779 946 2835 ullo
960 2780 1092 2854 crimine,
1109 2782 1158 2838 adu·

148 2856 260 2909 lescens
269 2852 344 2921 ipse,
359 2850 437 2904 cuius
447 2851 586 2922 relegatio
596 2854 672 2925 patri
683 2854 872 2925 obiciebatur,
888 2856 1009 2913 venitin
1019 2860 1158 2915 cubiculus

148 2929 254 2984 tribuni
269 2928 424 2999 strictoque
439 2929 534 2999 gladio
550 2932 648 3002 coegit
660 2949 722 2988 eum
737 2933 767 2987 in
780 2933 868 2989 rerba
881 2951 933 2989 sua
946 2934 1057 3008 iurare,
1077 2954 1105 2994 se
1117 2951 1159 2992 nor
1197 2952 1199 2973 ³

148 3011 392 3076 perseveraturum
401 3005 430 3060 in
440 3007 632 3064 accusatione.
651 3027 714 3064 cum
723 3010 832 3065 telluris
840 3010 922 3066 hiatu
929 3017 994 3070 tota
1004 3015 1042 3070 ad
1050 3014 1158 3069 ultimm

148 3082 247 3138 territa
260 3083 355 3154 patria
369 3083 458 3155 foret,
477 3089 547 3138 tunc
561 3085 655 3141 omnia
667 3087 794 3157 pretiosa
802 3087 889 3143 missa
898 3093 965 3143 sunt
975 3089 1008 3145 in
1020 3092 1158 3162 praealtam

147 3160 313 3233 voraginem
326 3161 405 3216 urbis
417 3161 572 3217 Romanae.
599 3162 629 3217 in
644 3179 706 3218 eam
716 3162 830 3219 Curtius
844 3171 969 3222 armatus
985 3169 1088 3224 sedens
1101 3180 1157 3238 equo

148 3237 360 3309 praecipitavit,
380 3240 567 3310 etexpletast.
595 3241 630 3294 T.
640 3240 762 3296 Manlius
776 3241 959 3314 adulescens,
980 3244 1031 3318 qui
1043 3249 1158 3316 patrans

148 3316 301 3372 tribunicia
320 3317 469 3373 vexatione
488 3317 694 3388 vindicaverat,
719 3324 818 3375 contra
837 3319 952 3376 Gallum
975 3326 1158 3392 provocantem

147 3393 270 3464 aliquem
281 3411 314 3450 ex
324 3395 460 3450 militibus
469 3392 605 3450 Romanis
615 3396 645 3450 in
661 3396 805 3468 singulare
820 3403 966 3454 certamen
982 3394 1158 3456 descenditd-

148 3484 203 3539 que
214 3470 309 3525 occiso
319 3476 446 3543 torquem
456 3488 571 3528 aureum
582 3472 717 3543 detraxit,
736 3490 818 3544 quem
831 3473 894 3544 ipse
907 3481 1015 3545 postea
1028 3477 1093 3532 tulit
1103 3480 1158 3531 aar

148 3560 182 3599 co
198 3545 361 3617 Torquatus
377 3554 421 3603 est
433 3553 621 3619 nuncupatus.
649 3549 722 3603 duae
735 3549 832 3604 tribus·
841 3550 972 3622 additae,
989 3549 1157 3625 Pomptinacl

146 3622 281 3678 Publilia.
307 3625 434 3680 Licinius
447 3625 527 3681 Stolo
538 3627 601 3697 lege
612 3626 672 3681 lata
686 3626 835 3681 damnatus
850 3633 907 3698 eat,
929 3630 1010 3699 quod
1022 3630 1086 3701 plus
1095 3625 1155 3700 quir·

147 3701 241 3771 gentis
259 3700 405 3772 iugeribus
425 3702 487 3775 agri
505 3703 674 3773 possideret
706 3702 744 3757 M.
758 3703 890 3759 Valerius
909 3705 1042 3761 tribunus
1058 3704 1155 3760 miltun

148 3776 275 3846 Gallum,
296 3795 379 3850 aquo
389 3785 563 3850 provocatus
572 3785 647 3850 erat,
666 3779 808 3836 insidente
823 3781 924 3852 galeae
942 3788 1155 3850 corvoetungu·

145 3856 200 3911 bus
210 3861 360 3928 rostroque
374 3856 484 3912 hostem
497 3858 650 3913 infestante
666 3856 771 3912 occidit
785 3862 815 3912 et
828 3875 862 3913 ex
872 3875 906 3915 co
918 3857 1006 3916 Oorri
1018 3869 1153 3916 nomenar-

146 3933 223 4006 ocpit
232 3934 389 4004 consulque
398 3935 526 4005 proximo
536 3951 621 4005 anno,
637 3951 699 3990 cum
710 3951 801 3990 annos
811 3934 914 4007 viginti
923 3941 982 3992 tres
993 3936 1113 4004 haberet,
1124 3929 1151 3985 cl

145 4010 277 4069 virtutum
294 4018 406 4068 creatus
417 4018 467 4070 est.
493 4012 619 4069 amicitia
636 4029 700 4068 eum
718 4009 993 4084 Carthaginensibus
1010 4013 1100 4069 iuncta
1114 4008 1151 4064 ert
