2566 4524
169 231 233 299 352
392 241 510 299 LIBER
527 241 597 314 vn,
616 241 641 296 1.
655 239 680 296 2.
700 243 738 310 [a
748 256 775 296 u.
785 240 969 313 aeus-391]

169 398 286 469 aediles
309 400 433 467 curules
456 401 563 467 creari.
598 398 700 486 primo
722 408 759 464 ut
781 398 910 466 alternis
932 399 1024 466 annis
1045 421 1081 466 ex
1098 399 1164 488 plebe

168 497 279 563 fierent
296 503 498 574 convenerat3
515 503 627 580 postea
643 493 837 580 promiscum
851 493 924 559 fuit

135 615 149 660 ι
232 590 313 656 Inde
329 591 371 655 L.
388 586 531 655 Genucio
549 597 581 654 et
599 584 639 671 Q„
656 584 790 654 Servilio
808 587 993 655 consulibus
1011 598 1042 657 et
1057 588 1095 657 ab
1111 588 1169 657 seu

168 687 254 751 tione
272 694 303 750 et
319 707 340 750 a
355 683 439 770 bello
457 683 570 768 quietis
587 682 698 760 rebus,
720 704 761 748 ne
778 683 906 767 quando
923 705 944 749 a
960 693 1047 750 metu
1062 706 1099 751 ao
1112 682 1171 771 pen'·
1211 724 1214 739 ι

133 797 151 848 8
169 779 248 846 culis
265 787 422 856 vaearent,
440 777 620 868 pestilentia
636 778 749 865 ingens
767 786 844 842 orta
872 799 1048 858 oensorem,
1065 779 1172 845 aedilm

168 873 317 951 curulem,
332 881 399 938 tres
417 870 558 937 tribunos
576 869 678 957 plebis
696 880 836 937 mortuos
854 871 969 952 ferunt,
988 894 1046 961 pro
1058 874 1173 961 portiom
1210 880 1214 917 ·'

168 977 200 1033 et
221 990 261 1032 ex
282 965 480 1032 multitudine
502 965 564 1031 alia
584 964 684 1030 multa
705 964 821 1031 funera
841 965 953 1033 fuisse.
989 986 1173 1053 maxumeque

168 1085 237 1128 eam
254 1061 465 1148 pestilentiam
482 1060 639 1170 insignem
655 1081 741 1126 mors
759 1081 856 1144 quam
868 1072 995 1127 matura
1007 1072 1074 1129 tam
1086 1060 1176 1129 eoerba

133 1176 148 1225 9
166 1155 214 1221 Μ.
223 1156 302 1222 Furi
318 1155 403 1221 feeit
438 1155 501 1220 fuit
517 1155 602 1220 enim
619 1176 693 1220 vere
710 1155 760 1220 vir
775 1155 888 1222 unious
905 1155 940 1221 in
957 1179 1046 1223 omm
1035 1157 1173 1235 foruna

165 1252 311 1361 princeps
329 1271 409 1336 paee
430 1248 576 1334 belloque
597 1249 782 1334 priusquam
804 1249 998 1316 exulatum'
987 1261 1062 1332 iret3
1088 1251 1214 1318 clarior

166 1346 200 1410 in
222 1345 315 1411 exilio
337 1344 389 1410 vel
411 1343 567 1411 desiderio
589 1343 739 1423 civitatis,
766 1365 848 1429 quae
871 1353 964 1432 capta
990 1345 1149 1413 absentis'
1141 1368 1176 1411 n·
1204 1332 1214 1413 l

165 1440 300 1526 ploravit
317 1461 419 1525 opem,
438 1437 490 1505 vel
506 1438 748 1547 felicitateque
764 1439 955 1506 restitutus
945 1463 981 1507 m
997 1441 1214 1528 patriamse·
1209 1518 1214 1543 Ι

116 1551 148 1602 ιο
166 1556 239 1599 oum
260 1534 394 1620 patriam
414 1533 519 1619 ipsam
540 1532 676 1598 restituit
680 1555 775 1620 ;par
796 1533 908 1598 deinde
929 1556 990 1620 per
1011 1535 1175 1622 quinqueel
1211 1546 1214 1589 i

166 1627 279 1714 viginti
301 1649 401 1692 annos
423 1663 466 1676 —
489 1636 537 1691 tot
563 1627 647 1692 enim
673 1637 746 1713 post
747 1649 785 1692 ea
806 1627 953 1692 vixit—
980 1628 1072 1695 titulo
1093 1638 1175 1695 tantu

165 1720 284 1807 gloriae
300 1721 361 1786 fuit
348 1721 555 1807 tdignusque
573 1720 708 1804 habitus,
728 1743 823 1804 quem
841 1721 1016 1787 seeundum
1029 1747 1050 1789 a
1062 1722 1174 1790 Romulo

166 1815 359 1881 conditorem
376 1815 464 1881 urbis
481 1815 645 1880 Romanae
662 1815 789 1880 ferrent.

26 1990 30 1999 Ι
133 1929 146 1975 ι
229 1909 275 1975 Π.
313 1909 359 1975 Et
375 1909 436 1974 hoe
454 1918 485 1973 et
502 1909 678 1992 insequenti
696 1931 778 1974 anno
797 1907 836 1975 O.
856 1906 1000 1995 Sulpicio
1017 1909 1131 1989 Petioo‚
1145 1906 1173 1975 0.

131 2023 147 2069 ι
165 2003 292 2068 Licinio
316 2001 447 2068 Stolone
474 2003 657 2068 oonsulibus
679 2002 858 2089 pestilentia
878 2002 949 2068 fuit.
991 2026 1030 2070 eo
1052 2005 1125 2070 nihil
1141 2003 1175 2068 di-

165 2119 266 2182 gnum
285 2097 436 2161 memoria
453 2106 568 2176 aetum,
586 2097 648 2162 nisi
660 2098 747 2181 quod
758 2097 846 2183 pasis
864 2097 959 2162 deum
978 2098 1174 2185 exposcendae

167 2212 264 2256 causa
281 2191 372 2256 tertio
390 2199 456 2254 tum
474 2200 547 2276 post
564 2190 723 2256 conditam
744 2190 855 2257 urbem
877 2190 1103 2259 lectisternium
1121 2191 1174 2257 fnit

32 2356 36 2364 ,
130 2294 198 2353 ιιι
219 2307 291 2350 oum
312 2284 362 2352 vis
383 2285 486 2351 morbi
507 2307 566 2351 neo
591 2286 739 2351 humanis
761 2285 900 2352 consiliis
926 2308 988 2352 nee
1010 2310 1070 2374 ope
1091 2287 1177 2353 divina

164 2380 333 2459 levaretur,
363 2381 455 2446 vietis
479 2381 698 2466 superstitione
724 2380 836 2447 animis
862 2380 930 2447 ludi
955 2404 1084 2468 quoque
1109 2400 1177 2449 ιιιι·

164 2475 240 2554 nisi,
268 2498 418 2541 noverea
438 2475 588 2542 belliooso
609 2475 727 2561 populo
745 2512 787 2523 -
804 2498 879 2541 nam
897 2476 972 2542 oiroi
995 2478 1091 2544 modo
1108 2494 1178 2565 speo-

164 2570 303 2634 taoulum
320 2569 423 2635 fuerat
442 2608 498 2649 -‚
520 2571 602 2635 inter
623 2569 685 2635 alia
702 2570 846 2636 caelestis
868 2570 934 2636 irae
955 2570 1178 2657 placaminain·

130 2684 147 2730 4
166 2664 266 2728 stituti
284 2665 438 2729 dicuntur.
466 2673 604 2730 ceterum
617 2687 716 2750 parva
729 2686 863 2749 quoque,
882 2674 918 2730 ut
931 2664 1032 2732 ferme
1046 2665 1178 2753 principit

164 2759 284 2833 omnia,
312 2767 344 2822 et
365 2760 494 2843 seipsa
515 2759 682 2846 peregrina
703 2780 753 2824 res
776 2759 851 2823 suit:
879 2759 947 2825 sine
965 2761 1105 2827 carmine
1120 2759 1178 2837 ullu,

165 2850 233 2915 sine
250 2851 471 2916 imitandorum
490 2851 662 2917 carmin'um
681 2862 754 2917 aotu
770 2852 914 2918 ludiones
937 2875 979 2919 ex
996 2853 1126 2922 Etruria
1141 2874 1181 2920 au·

130 3059 251 3107 amore
270 3039 376 3107 Tusco
398 3041 524 3107 dabant.
560 3043 675 3108 imitari
697 3043 810 3108 deinde
832 3065 887 3109 eos
908 3044 1076 3124 iuventus,
1104 3038 1181 3111 simul
1212 3106 1214 3113 .

163 3135 330 3200 inconditis
347 3136 429 3201 inter
446 3159 480 3201 se
497 3137 648 3202 iocularia
669 3137 838 3229 fundentes
860 3136 1022 3218 versibus,
1048 3156 1180 3226 coeperet
1211 3216 1214 3225 1

129 3247 222 3295 enee
240 3230 352 3295 absoni
373 3253 393 3296 a
414 3254 492 3297 vooe
513 3241 618 3298 motus
641 3242 740 3297 erant.
776 3241 905 3317 aoeepta
926 3232 1035 3317 itaque
1057 3256 1110 3300 res
1127 3253 1180 3299 sae·

162 3325 297 3408 piusque
319 3326 499 3412 usurpando
522 3327 665 3391 exoitata.
706 3326 882 3392 vernaculis
905 3326 1096 3406 artificibus,
1121 3324 1181 3412 quio

162 3418 239 3481 ister
251 3418 356 3484 Tusco
375 3421 471 3485 verbo
489 3420 575 3486 ludio
593 3419 773 3498 vocabatur,
791 3442 907 3486 nomen
924 3420 1130 3489 histrionibus
1143 3421 1181 3485 in·

130 3533 144 3578 ι
163 3512 277 3589 ditum,
296 3513 351 3595 qui
367 3535 439 3592 non,
460 3515 541 3580 sieut
558 3524 644 3592 ante,
663 3514 861 3580 Fescennino
878 3535 975 3580 versu
992 3516 1130 3581 similem
1144 3514 1181 3578 in·

162 3605 369 3691 compositum
379 3616 495 3675 temere
504 3630 541 3674 ao
549 3609 659 3674 rudem
673 3607 799 3675 alternis
807 3607 973 3686 iaciebant,
994 3610 1179 3697 sedinpletat

161 3699 264 3764 modis
284 3708 405 3766 saturas
422 3702 580 3788 descripto
598 3703 661 3768 iam
680 3703 722 3767 ad
739 3703 900 3769 tibicinem
923 3713 1022 3770 oantu
1042 3714 1178 3787 motuque

127 3814 144 3863 8
162 3796 346 3883 congruenti
362 3797 564 3885 peragebant
595 3798 710 3865 Livius
728 3807 802 3884 post
819 3798 939 3882 aliquot
956 3799 1060 3878 annis,
1078 3790 1177 3884 quial

161 3891 274 3957 saturis
293 3913 389 3957 ausus
408 3901 455 3956 est
473 3892 593 3977 primus
611 3902 796 3979 argumento
813 3891 956 3958 fabulam
974 3914 1088 3970 serare,
1104 3891 1177 3956 iden

162 3985 288 4063 seilicet,
307 3984 341 4049 id
357 3985 444 4070 quod
460 4008 570 4052 omnes
587 3997 656 4053 tum
675 3994 775 4064 erant,
795 4008 925 4055 suorum
944 3986 1116 4052 carminum
1131 3998 1176 4048 ιο·
