2566 4524
300 197 302 201 ’
379 215 495 271 arnas
511 215 554 288 x,
572 215 614 272 aa.
627 214 671 270 ro.
690 214 841 286 [nossa]
1064 204 1127 272 537

98 375 238 443 cedendo
255 373 537 460 comminandoque
558 374 661 462 magis
684 395 779 458 quam
800 374 964 441 inferendo
984 396 1127 463 pugnam

97 472 163 538 dies
182 466 416 536 absumebatur.
447 468 533 553 quod
551 490 624 534 cum
640 468 828 554 inciperetur
844 468 1123 555 remittereturque,

98 564 240 632 omnium
263 585 370 629 rerum
392 561 487 628 etiam
507 584 676 649 parvarum
702 571 832 629 eventus
853 562 1071 650 proferebatur
1092 565 1160 633 ins

98 660 174 725 dies.
210 656 309 725 altera
325 655 470 723 Romana
488 665 591 723 castra
613 655 722 742 (quac)
744 656 856 744 viginti
877 658 999 724 milium
1021 660 1124 746 spatio

98 753 243 831 aberant,
271 760 303 818 et
323 750 463 819 absentis
485 752 626 840 collegae
648 753 778 818 consilia
806 754 950 822 omnibus
977 757 1124 843 gerendis

98 847 268 914 intererant
282 846 393 925 rebus,
419 845 627 931 intentiorque
646 845 817 926 Carvilius,
840 870 902 933 quo
920 849 1037 916 maiore
1060 851 1125 917 dis-

100 941 229 1010 crimine
240 963 292 1008 res
304 939 493 1019 vertebatur,
511 939 758 1026 inAquiloniam
772 963 867 1026 quam
880 943 922 1008 ad
931 942 1122 1023 Cominium,

100 1037 184 1122 quod
210 1034 391 1114 obsidebat,
423 1045 498 1101 erat.
547 1036 589 1101 L.
611 1035 758 1122 Papirius
784 1037 847 1102 iam
873 1059 930 1123 per
954 1038 1059 1104 omnia
1085 1039 1162 1106 aaa

98 1131 311 1199 dimicandum
324 1129 400 1199 satis
412 1139 541 1216 paratus
557 1131 702 1196 nuntium
719 1131 760 1195 ad
776 1132 930 1220 collegam
943 1132 1046 1210 mittit,
1066 1132 1127 1199 sibi

98 1226 128 1292 in
145 1226 253 1293 animo
272 1246 355 1303 esse,
373 1232 500 1310 postero
517 1224 582 1303 die,
601 1224 628 1290 si
645 1248 702 1311 per
718 1226 859 1312 auspicia
875 1227 995 1305 liceret,
1019 1226 1127 1293 confli-

97 1343 171 1409 gere
190 1336 265 1385 cum
282 1318 387 1398 hoste3
412 1338 491 1405 opus
510 1341 580 1385 esse
602 1328 633 1384 et
655 1319 757 1397 illum,
786 1330 904 1405 quanta
925 1344 1076 1387 maxuma
1093 1321 1161 1388 vis

95 1422 216 1502 posset,
235 1410 415 1478 Cominium
432 1424 624 1501 oppugnare,
642 1436 682 1478 ne
700 1414 775 1499 quid
792 1415 962 1480 laxamenti
979 1416 1019 1481 sit
1034 1413 1127 1481 Sam-

96 1506 216 1574 nitibus
238 1507 280 1573 ad
300 1506 442 1574 subsidia
458 1505 663 1593 Aquiloniam
684 1508 845 1574 mittenda
885 1509 969 1574 diem
991 1510 1032 1574 ad
1053 1529 1179 1595 pro-10

94 1601 303 1669 ficisccndum
318 1602 446 1668 nuntius
463 1602 587 1682 habuit;
609 1612 701 1668 nocte
717 1604 822 1683 rediit,
842 1602 1015 1689 adprobare
1034 1603 1127 1670 colle-

94 1722 174 1787 gam
195 1697 340 1764 consulta
360 1697 509 1764 referens.
548 1696 694 1785 Papirius
717 1699 826 1763 nuntio
849 1700 946 1765 misso
969 1699 1126 1783 extemplo
1145 1717 1176 1766 11

95 1792 277 1860 contionem
293 1791 416 1870 habuit;
442 1792 541 1857 multa
558 1793 598 1858 de
616 1792 762 1857 universo
779 1813 894 1879 genere
911 1792 999 1870 belli,
1027 1792 1126 1857 multa

95 1888 136 1954 de
153 1886 313 1973 praesenti
330 1885 468 1952 hostium
485 1896 651 1972 apparatu,
678 1908 760 1952 vana
778 1885 879 1974 magis
903 1885 1008 1973 specie
1030 1907 1126 1970 quam
1148 1917 1151 1922 ·

94 1981 222 2048 efficaci
239 1980 280 2045 ad
302 1990 461 2058 eventum,
489 1979 649 2045 disseruit:
675 2003 739 2046 non
760 1981 851 2046 enim·
866 1980 975 2047 cristas
996 1980 1127 2045 vulnera
1146 2000 1179 2048 12

94 2077 208 2143 facere
221 2084 253 2140 et
269 2097 325 2160 per
340 2074 425 2160 picta
441 2083 534 2158 atque
556 2085 665 2140 aurata
687 2084 776 2141 scuta
797 2076 928 2142 transire
946 2075 1138 2142 Romanum·

94 2170 200 2258 pilum
212 2178 244 2233 et
256 2168 391 2233 candore
405 2167 580 2232 tunicarum
594 2167 768 2255 fulgentem
782 2169 892 2246 aciem,
911 2169 966 2234 ubi
978 2193 1029 2235 res
1042 2169 1125 2234 ferro

95 2271 234 2352 geratur,
254 2261 416 2328 cruentari.
453 2284 579 2326 auream
591 2258 670 2327 'olim
689 2271 783 2347 atque
801 2271 981 2349 argenteam
1001 2260 1126 2326 Samni·
1145 2283 1178 2331 13

95 2358 178 2423 tium
196 2357 295 2424 aciem
306 2381 333 2422 a
349 2367 477 2444 parente
496 2380 554 2423 suo
571 2357 732 2423 occidione
746 2357 894 2434 occisam,
913 2357 1075 2442 spoliaque
1089 2378 1127 2419 ea

95 2453 278 2520 honestiora
299 2452 410 2518 victori
431 2453 515 2519 hosti
537 2474 633 2537 quam
654 2453 732 2541 ipsis
759 2476 847 2518 arma
868 2451 977 2518 fuisse.
1017 2453 1126 2523 datum
1146 2471 1178 2518 14

95 2548 158 2614 hoc
176 2547 284 2614 forsan
300 2547 418 2613 nomini
435 2547 634 2633 familiaeque
652 2570 738 2626 suae,
756 2557 791 2612 ut
804 2547 956 2613 adversus
971 2546 1126 2611 maximos

96 2652 229 2708 conatus
250 2639 439 2708 Samnitium
461 2651 691 2728 opponerentur
712 2641 809 2707 duces
833 2639 996 2728 spoliaque
1019 2661 1057 2704 ea
1077 2660 1127 2704 re-

95 2736 230 2814 ferrent,
256 2758 337 2821 quae
355 2735 491 2823 insignia
507 2735 642 2823 publicis
661 2736 755 2802 etiam
775 2735 854 2801 locis
876 2734 1059 2801 decorandis
1078 2756 1128 2799 es-

96 2841 179 2896 sent
207 2830 282 2896 deos
296 2830 475 2897 inmortales
489 2831 601 2902 adesse
613 2840 741 2916 propter
753 2829 866 2897 totiens
878 2828 976 2916 petita
989 2828 1126 2905 foedera,
1147 2846 1179 2895 15

95 2924 214 2991 totiens
231 2933 336 3010 rupta:
363 2934 443 3003 tum,
471 2925 499 2990 si
515 2946 579 3009 qua
600 2926 778 2991 coniectura
799 2926 912 2991 mentis
934 2923 1058 2990 divinae
1077 2923 1126 2999 sit,

95 3019 179 3085 nulli
200 3041 349 3103 umquam
371 3019 521 3085 exercitui
546 3017 646 3084 fuisse
668 3018 846 3083 infestiores
872 3038 967 3102 quam
993 3018 1049 3102 qui
1073 3039 1128 3082 ne·
1147 3037 1179 3086 16

95 3112 197 3178 fando
224 3131 313 3178 sacro
339 3111 438 3178 mixta
464 3112 627 3179 hominum
648 3111 868 3198 pecudumque
890 3111 986 3175 caede
1007 3130 1129 3194 resper-

97 3229 169 3284 sus,
193 3207 321 3293 ancipiti
342 3209 437 3274 deum
458 3208 523 3273 irae
545 3208 677 3273 devotus
699 3206 773 3272 hinc
794 3205 957 3272 foederum
974 3225 1045 3269 cum
1063 3202 1129 3268 Ro·

96 3300 202 3367 manis
228 3301 361 3369 ictorum
386 3311 483 3368 testes
510 3301 601 3379 deos,
628 3301 703 3366 hinc
727 3299 804 3365 iuris
830 3296 953 3364 iurandi
975 3297 1126 3363 adversus
1148 3317 1178 3367 ιτ

95 3394 229 3462 foedera
255 3397 393 3482 suscepti
418 3396 630 3462 execrationes
657 3395 801 3471 horrens,
827 3393 944 3458 invitus
969 3390 1127 3469 iuraverit,

90 3489 203 3557 oderit
227 3499 469 3568 sacramentum,
507 3512 570 3556 uno
596 3501 735 3576 tempore
765 3488 856 3566 deos,
892 3487 993 3566 cives,
1028 3485 1128 3552 hostis
1174 3531 1177 3535 -
1235 3558 1246 3584 ι

97 3593 230 3649 metuat.

165 3676 322 3761 XXXX.
353 3677 445 3745 Haec
455 3687 602 3764 conperta
610 3675 815 3764 perfugarum
828 3675 951 3743 indiciis
962 3698 1034 3742 cum
1044 3673 1128 3759 apud
1147 3693 1161 3740 1

96 3773 241 3840 infensos
258 3772 323 3837 iam
341 3795 400 3839 sua
417 3783 527 3858 sponte
540 3771 654 3836 milites
668 3770 877 3850 disseruisset,
897 3770 990 3837 simul
1004 3767 1128 3834 divinae

96 3867 319 3951 humanaeque
337 3867 405 3953 spei
426 3864 511 3951 pleni
533 3864 667 3930 clamore
689 3865 894 3931 consentienti
914 3883 1054 3950 pugnam
1072 3881 1128 3944 po·
1186 3863 1188 3867 ’
1269 3919 1271 3926 .

97 3968 208 4038 scunt;
234 3960 371 4046 paenitet
388 3960 421 4024 in
437 3967 599 4045 posterum
616 3958 700 4024 diem
717 3960 848 4024 dilatum
865 3965 1035 4034 certamen3
1062 3975 1129 4017 mo-
