2566 4524
144 251 186 316 28
387 261 506 316 LIBER
523 261 551 331 Ι,
570 259 612 314 25.
625 260 668 314 26.
688 263 763 328 [au.
774 258 941 327 ast-114]

146 420 231 487 solus
249 441 448 503 nequaquam
465 441 536 503 par,
565 418 610 483 sic
628 417 780 482 adversus
803 415 944 503 singulos
966 416 1067 483 ferox.
1100 438 1160 504 ergo

144 524 181 580 ut
198 523 379 600 segregaret
399 535 540 598 pugnam
563 534 685 589 eorum,
713 511 850 597 capessit
871 509 998 597 fugam,
1024 510 1071 576 ita
1090 520 1161 577 aur

146 619 322 686 secuturos,
350 617 386 671 ut
403 629 560 690 quemque
582 606 710 670 vulnere
733 604 894 670 adfectum
915 626 1031 690 corpus
1053 605 1163 671 sineret

110 722 126 771 8
144 703 209 767 iam
227 703 422 786 aliquantum
441 701 534 786 spatii
552 723 592 765 ex
609 723 647 764 eo
664 700 748 778 loco,
771 698 827 764 ubi
842 707 1022 785 pugnatum
1038 708 1101 778 est,
1121 702 1187 765 ari-¹
1208 716 1210 721 ’

145 796 284 883 fugerat,
313 818 386 860 cum
402 795 573 881 respiciens
596 795 683 859 videt
704 793 828 880 magnis
850 792 1024 859 intervallis
1047 814 1167 877 sequen-

145 900 208 968 tes,
235 915 333 955 unum
355 892 432 956 haut
461 890 570 976 procul
593 889 633 956 ab
656 911 726 955 sese
748 888 872 954 abesse.
906 888 941 952 in
963 911 1038 953 eum
1062 907 1168 975 magno

113 1004 128 1052 9
146 986 265 1071 impetu
283 986 388 1062 rediit,
417 994 448 1049 et
465 986 540 1049 dum
559 983 705 1049 Albanus
724 984 878 1048 exercitus
896 982 1048 1047 inclamat
1067 980 1169 1048 (luriu-

146 1079 207 1158 tiis,
227 1080 273 1145 uti
290 1102 384 1165 opem
401 1078 503 1144 ferant
519 1079 618 1157 fratri,
635 1079 700 1142 iam
713 1076 876 1154 Horatius,
895 1098 989 1142 caeso
1006 1076 1099 1143 hoste
1114 1075 1171 1141 vic-

147 1183 204 1252 tor,
224 1174 396 1238 secundam
413 1195 554 1260 pugnam
572 1171 708 1257 petebat.
1196 1166 1199 1171 ’

212 1267 304 1332 Τιιιιο
331 1267 480 1344 clamore,
510 1266 612 1350 qualis
640 1289 680 1330 ex
700 1266 860 1351 insperato
886 1263 1063 1330 faventium
1091 1263 1170 1340 solet,

145 1361 283 1426 Romani
308 1362 459 1426 adiuvant
485 1361 565 1424 milit
553 1371 617 1424 tem
643 1383 735 1424 suum
763 1368 795 1423 et
820 1359 872 1423 ille
903 1356 1037 1444 defungi
1062 1356 1173 1444 proelio

97 1476 129 1524 10
146 1456 284 1520 festinat
321 1456 408 1541 prius
426 1456 533 1539 itaque
551 1477 647 1539 quam
666 1454 710 1518 alt
697 1463 757 1531 t,er
786 1453 841 1537 qui
858 1473 917 1516 nec
932 1451 1045 1537 procul
1063 1451 1172 1528 aberat

97 1570 128 1618 11
148 1550 300 1633 consequi
321 1560 442 1633 posset,
416 1558 567 1613 tett
523 1549 656 1614 alterum
680 1547 858 1614 Curiatium
884 1545 1065 1611 conficit'
1055 1566 1173 1657 iamque

147 1653 281 1729 aequato
248 1643 404 1709 tMarte
427 1644 544 1730 singuli
567 1653 763 1731 supererant,
792 1643 850 1708 sed
869 1661 929 1707 nec
951 1663 1008 1727 spe
1030 1664 1093 1707 nec
1109 1638 1174 1707 viti-

146 1738 207 1803 bus
233 1761 335 1824 pares.
375 1737 508 1803 alterum
534 1739 687 1803 intactum
713 1738 797 1802 ferro
824 1759 937 1822 corpus
963 1745 996 1800 et
1022 1737 1175 1823 gemunt·

147 1835 277 1899 victoria
294 1835 458 1900 ferocem
449 1859 483 1899 m
501 1844 658 1901 certamen
675 1834 800 1898 tertium
820 1832 915 1897 dabat
918 1879 927 1909 ,
902 1830 1040 1910 taltcr,
1059 1831 1175 1916 fessum

149 1929 293 2006 vulnere,
321 1929 442 1993 fessum
461 1950 556 1993 cursu
578 1929 704 1994 trahens
728 1950 842 2013 corpus
864 1926 1032 2010 victusque
1049 1925 1174 1991 fratrum

98 2042 130 2091 ιι
149 2031 222 2087 ante
241 2044 274 2087 se
293 2031 412 2109 strage,
436 2023 547 2087 victori
564 2023 698 2088 obicitur
718 2023 811 2087 hosti.
846 2042 905 2085 nec
926 2019 1006 2084 illud
1027 2020 1174 2107 proelium

147 2117 217 2182 fuit.
249 2116 413 2182 Romanus
432 2117 592 2183 exsultans
617 2117 725 2183 ‘duos'
747 2118 848 2201 inquit
871 2116 1018 2180 ‘fratrum
1036 2114 1173 2181 manibus

151 2211 237 2289 dedi,
261 2212 388 2276 tertium
410 2234 524 2277 causae
546 2213 620 2278 belli
641 2213 787 2290 huiusce,
814 2221 850 2276 ut
870 2211 1037 2276 Romanus
1054 2208 1173 2275 Albam

147 2307 293 2393 imperet,
322 2307 423 2374 dabo!
462 2309 544 2373 male
572 2310 738 2374 sustinenti
764 2331 852 2374 arma
877 2306 1021 2395 gladium
1048 2324 1173 2393 superne

147 2401 256 2487 iugulo
275 2403 393 2489 defigit,
411 2403 566 2469 iacentem
584 2403 706 2490 spoliat.

98 2517 130 2564 13
212 2496 349 2562 Romani
366 2508 495 2563 ovantes
515 2521 552 2563 ac
569 2498 763 2585 gratulantes
780 2497 951 2562 Horatium
969 2495 1128 2582 accipiunt
1143 2514 1172 2559 co

148 2592 267 2656 maiore
285 2614 358 2656 cum
376 2594 503 2679 gaudio,
522 2615 585 2677 quo
603 2615 702 2679 prope
719 2601 838 2657 metum
856 2614 907 2656 res
925 2591 1039 2656 fuerat.
1075 2591 1118 2656 ad
1133 2609 1173 2655 so-

147 2685 306 2771 pulturam
323 2687 396 2750 inde
415 2709 544 2752 suorum
561 2709 761 2772 nequaquam
778 2686 907 2773 paribus
925 2685 1039 2751 animis
1057 2694 1173 2751 vertun-

149 2788 213 2855 tur,
245 2779 362 2864 quippe
388 2779 520 2865 imperio
547 2781 637 2847 alteri
663 2782 760 2859 aucti,
792 2780 882 2846 alteri
907 2779 1035 2845 ditionis
1063 2780 1172 2845 alienat

148 2870 233 2936 facti.
270 2872 415 2958 sepulcra
433 2884 540 2939 extant
557 2897 620 2960 quo
638 2876 771 2960 quisque
793 2875 863 2940 loco
885 2874 1012 2953 cecidit,
1036 2875 1101 2940 duo
1117 2872 1172 2939 Ro-

99 2988 132 3035 14
150 2989 245 3031 mana
261 2989 325 3032 uno
342 2967 412 3033 loco
430 2969 559 3054 propius
576 2969 709 3048 Albam,
737 2970 796 3035 tria
813 2968 942 3035 Albana
957 2968 1097 3035 Romam
1113 2988 1173 3032 veo·

149 3083 215 3139 sus,
234 3061 291 3126 sed
309 3061 456 3129 distantia
473 3063 615 3142 locis,t
580 3074 615 3129 ut
634 3074 664 3129 et
681 3074 802 3150 pugnat
801 3087 856 3128 um
874 3072 932 3128 est.

117 3179 130 3223 1
213 3154 346 3222 XXVI.
382 3156 574 3242 Priusquam
591 3159 665 3224 inde
683 3159 932 3246 digrederentur,
954 3159 1083 3246 roganti
1098 3156 1171 3224 Met

149 3251 207 3330 tio,
236 3274 277 3317 ex
293 3251 482 3319 foederet
438 3263 501 3319 icto
524 3255 601 3338 quid
622 3254 802 3339 imperaret,
829 3254 963 3339 imperat
980 3247 1173 3333 Tullus,ut'

148 3345 369 3411 iuventutem
360 3371 394 3411 m
411 3348 505 3412 armis
523 3348 653 3426 habeat3
626 3357 811 3414 tusurum
829 3370 864 3413 se
881 3370 994 3413 corum
1017 3341 1173 3435 operati

149 3436 268 3503 bellum
286 3462 358 3505 cum
376 3440 563 3507 Veientibus
587 3442 677 3508 foret
656 3443 761 3507 tita
788 3442 942 3508 exercitus
968 3442 1045 3508 inde
1072 3442 1172 3509 domu

116 3552 131 3599 2
150 3531 287 3599 abducti.
317 3535 463 3622 princeps
485 3537 638 3604 Horatius
655 3537 723 3603 ibat
740 3537 906 3624 trigemina
923 3537 1030 3623 spolia
1047 3559 1125 3624 prae
1143 3552 1172 3601 ιο

149 3649 272 3714 gerens.
310 3630 361 3694 oui
379 3652 466 3696 soror
483 3633 588 3719 virgo,
615 3655 695 3717 quae
717 3633 876 3717 desponsa
896 3632 953 3696 uni
969 3654 1012 3697 ex
1030 3628 1173 3699 Curiatii·

149 3720 261 3800 fuerat,
280 3722 375 3789 obvia
392 3734 463 3790 ante
480 3736 602 3812 portam
618 3726 781 3813 Capenam
794 3727 864 3805 fuit,
883 3727 1077 3814 cognitoque
1089 3742 1174 3813 super

148 3837 275 3882 umeros
293 3817 397 3885 fratris
415 3821 637 3906 paludamento
656 3823 777 3908 sponsi,
801 3822 887 3907 quod
903 3823 975 3908 ipsa
991 3823 1174 3896 confeceret,
1206 3862 1210 3875 ·

151 3911 244 3976 solvit
266 3911 367 3977 crines
390 3923 421 3978 et
446 3915 590 3981 flebiliter
615 3917 741 3981 nomine
768 3938 921 4002 sponsum
942 3926 1106 3983 mortuum
1126 3936 1176 4001 cp·

117 4004 254 4090 apellat.
290 4018 396 4073 movet
417 4008 514 4075 feroci
536 4010 642 4075 iuveni
668 4011 808 4075 animum
844 4011 1039 4099 conploratio
1066 4008 1176 4079 sororis
