2566 4524
100 230 103 237 ⁴
144 259 210 323 418
351 262 470 321 amau
486 258 972 336 vm,1a,ao.[a.u.asaaus]

146 434 273 492 ruerent
291 422 389 501 caesi,
409 421 579 509 primisque
597 421 733 488 tenebris
747 419 938 487 Privernum
954 419 1029 488 inde
1043 421 1151 509 petitun

148 519 274 608 agmine
288 518 423 602 trepido,
442 526 477 582 ut
493 517 592 583 muris
609 516 717 604 potius
734 538 831 601 quam
847 515 935 582 vallo
952 537 1024 584 sese
1039 526 1151 583 tutarer·

148 628 207 680 tur.
252 612 441 679 aPrivemo
458 610 604 695 Plautius
626 610 706 678 alter
722 610 835 679 consul
850 611 1042 698 pervastatis
1057 611 1153 700 masin

148 709 233 797 agris
259 707 438 793 praedaque
465 704 577 772 abacta
601 705 636 771 in
656 727 770 793 agrum
790 704 987 787 Fundanum
1007 706 1152 773 exercitum
1182 780 1186 785 ,

97 823 131 876 10
149 801 278 867 inducit
323 800 511 888 ingredienti
531 799 611 866 fines
635 808 762 866 senatus
780 799 1012 867 Fundanorum
1032 800 1153 868 occurrit:

148 905 280 984 negant,
303 917 338 961 se
354 917 414 982 pro
431 893 578 960 Vitruvio
596 904 777 980 sectamque
795 893 863 960 eius
881 893 1003 962 secutis
1019 901 1153 983 precatum

148 990 288 1070 venisse,
316 989 373 1055 sed
398 1011 456 1076 pro
477 987 632 1056 Fundano
657 987 789 1076 populo,
816 1010 911 1074 quem
938 997 1032 1056 extra
1053 986 1152 1075 culpem

148 1084 224 1152 belli
246 1106 317 1151 esse
337 1084 444 1170 ipsum
460 1081 643 1149 Vitruvium
660 1083 832 1163 iudicasse,
856 1105 930 1150 oum
946 1081 1154 1171 receptaculum

98 1201 130 1254 11
149 1180 246 1269 firgae
262 1179 450 1246 Privernum
471 1177 630 1256 habuerit,
657 1201 722 1243 non
742 1177 885 1265 patriam.
921 1176 1068 1246 Priverni
1080 1176 1155 1266 igitur

147 1276 256 1345 hostes
274 1275 383 1362 populi
399 1274 536 1340 Romani
557 1273 753 1358 quaerendos
775 1274 1075 1361 persequendosque
1092 1291 1155 1349 esse

149 1371 204 1456 qui
226 1369 321 1435 simul
340 1392 360 1434 a
380 1367 543 1435 Fundanis
566 1389 603 1433 ac
624 1367 779 1435 Romanis
800 1368 965 1452 utriusque
983 1368 1101 1458 patriae
1120 1364 1156 1431 in·

148 1486 304 1532 memores
318 1462 499 1530 defecerint.
533 1462 697 1529 Fundanis
711 1484 823 1549 paoem
839 1483 912 1530 essa
929 1471 962 1529 et
979 1459 1156 1530 animoslio·

98 1579 131 1630 12
150 1582 261 1626 manos
279 1567 311 1625 et
327 1568 450 1646 gratam
472 1557 656 1624 memoriam
678 1566 826 1644 acceptae
848 1557 997 1624 civitatis.
1033 1578 1114 1626 orare
1130 1573 1156 1620 se

150 1653 325 1733 consulem,
348 1663 384 1719 ut
400 1653 520 1719 bellum
536 1652 577 1719 ab
594 1653 722 1718 innoxio
740 1652 858 1740 populo
875 1652 1049 1720 abstineat:
1074 1671 1155 1741 agros

148 1749 274 1829 urbem,
297 1770 429 1836 corpora
450 1749 592 1836 ipsorum
613 1748 845 1836 coniugumque
863 1770 900 1814 ac
917 1747 1088 1816 liberonun
1102 1765 1155 1814 suo

98 1863 131 1914 13
149 1868 220 1911 rum
236 1845 270 1909 in
287 1854 441 1930 potestate
462 1843 572 1930 populi
588 1842 725 1909 Romani
746 1864 816 1909 esse
838 1843 1020 1929 futuraque.
1055 1840 1157 1910 conlau-

148 1939 230 2005 datis
243 1938 405 2004 Fundanis
424 1937 535 2004 consul
551 1938 724 2023 litterisque
737 1938 874 2006 Romam
886 1938 1012 2019 missis,
1028 1938 1063 2004 in
1073 1933 1157 2005 affluo
1194 1984 1196 1993 ,

148 2034 321 2100 Fundanos
340 2053 425 2111 esse,
448 2033 489 2098 sd
505 2031 694 2099 Privernum
710 2031 798 2099 flexit
815 2034 883 2099 iter.
927 2033 1020 2121 prius
1041 2028 1157 2101 anirnsd
1192 2053 1195 2059 ’

147 2150 276 2195 versum
293 2128 326 2192 in
344 2148 413 2205 eos,
432 2127 487 2212 qui
505 2129 607 2215 capita
624 2129 846 2196 coniurationis
859 2128 1001 2210 firerant,
1020 2123 1155 2197 secreuit

98 2242 134 2295 14
151 2222 259 2291 scribit
278 2220 431 2289 Claudius
436 2247 446 2301 ;
469 2223 510 2289 ad
531 2232 686 2290 trecentos
705 2223 934 2312 quinquaginta
950 2246 993 2290 ex
1011 2220 1154 2292 aniuau
1190 2264 1196 2281 ‹

148 2318 270 2385 unctos
281 2317 418 2385 Romam
434 2319 548 2384 missos
567 2340 700 2403 eamque
718 2318 909 2384 deditionem
927 2318 968 2384 ab
988 2328 1097 2385 senatu
1108 2334 1153 2382 non
1191 2313 1196 2373 ἰ

148 2421 324 2499 acceptam,
348 2412 433 2497 quod
451 2413 611 2500 egentium
628 2422 722 2498 atqua
739 2411 905 2478 humilium
921 2434 1028 2500 poena
1048 2405 1153 2495 debari

147 2507 229 2576 velle
246 2507 437 2574 Fundanum
455 2507 641 2573 censuerint.

115 2623 130 2673 1
211 2602 296 2670 XX.
322 2601 513 2668 Privernum
525 2601 651 2668 duobus
666 2599 882 2668 consularibus
896 2602 1085 2670 exercitibus
1100 2617 1152 2666 cru

148 2696 354 2775 obsideretur,
377 2697 455 2762 alter
473 2695 583 2762 consul
601 2696 798 2762 comitiorum
816 2717 913 2762 causa
928 2695 1067 2764 Romam
1086 2712 1152 2762 reso

113 2811 129 2860 a
149 2799 248 2856 catus.
275 2812 416 2857 carceres
434 2813 472 2856 eo
490 2813 573 2856 anno
589 2790 624 2856 in
641 2791 724 2857 circo
740 2790 878 2878 primum
891 2792 1012 2858 statuti.
1038 2787 1151 2858 nondun
1187 2780 1196 2842 ἶ

146 2884 329 2971 perfunctos
356 2907 430 2952 cura
452 2885 644 2952 Privernatis
671 2886 747 2952 belli
772 2886 926 2953 tumultus
950 2883 1067 2955 Gallici
1088 2884 1151 2952 fam·
1191 2898 1196 2905 '

114 3000 129 3048 a
148 2987 238 3045 atrox
255 2978 372 3044 invasit
388 2978 466 3045 haut
483 2981 583 3047 ferme
600 3003 752 3066 umquam
768 2980 914 3069 neglecta
933 2980 1086 3068 patribus.
1113 2996 1151 3044 ox·
1187 3022 1192 3029 -

147 3073 265 3161 templo
287 3073 384 3163 igitur
406 3075 552 3141 consules
574 3076 649 3141 novi
669 3076 713 3141 L.
731 3073 888 3141 Aemilius
906 3072 1150 3143 Mamercinusot
1189 3085 1196 3125 ἰ

148 3167 187 3235 C.
200 3167 346 3236 Plautius
365 3192 402 3236 eo
419 3171 490 3257 ipso
508 3171 574 3249 die,
591 3170 667 3236 Kal.
684 3169 911 3254 Quinctilibus,
930 3193 996 3256 quo
1013 3170 1151 3260 mugiet*

147 3273 215 3328 tum
231 3264 380 3344 inierunt,
400 3287 569 3352 conparare
586 3265 668 3331 inter
686 3287 720 3332 se
733 3265 911 3352 provincias
924 3266 1022 3348 iussi,
1039 3264 1153 3333 Mamur

147 3359 250 3438 cinus,
274 3361 326 3425 oui
344 3358 503 3427 Gallicum
520 3360 639 3426 bellum
657 3369 817 3439 evenerat,
845 3359 984 3428 scribere
1007 3359 1152 3430 exereitum
1194 3416 1196 3423 .

113 3449 215 3519 {sine
236 3451 302 3518 rdla
322 3455 495 3520 vacationis
517 3455 619 3520 venia.
655 3454 733 3540 quin
749 3453 898 3540 opificum
917 3477 1046 3542 quoque
1062 3452 1151 3540 vulg!
1192 3444 1194 3453 ¹

146 3554 179 3612 et
196 3546 358 3626 sellularii,
377 3550 505 3615 minime
521 3549 651 3616 militiae
662 3549 811 3616 idoneum
823 3571 943 3638 genus,
961 3551 1060 3618 exciti
1070 3549 1152 3616 ucn·
1189 3624 1191 3631 4

147 3646 199 3704 tur
211 3639 372 3726 Veiosque
389 3643 501 3731 ingens
519 3645 675 3711 exercitus
694 3650 887 3726 contractus,
903 3653 942 3710 ut
958 3644 1035 3713 inde
1052 3641 1152 3713 obitu
1191 3699 1196 3733 3

112 3753 128 3803 o
147 3730 249 3801 Gallis
267 3734 372 3800 iretur.
408 3736 533 3825 longius
552 3739 686 3818 discedi,
704 3761 745 3805 ne
762 3738 825 3806 alio
841 3738 954 3806 itinere
970 3739 1071 3807 hostis
1085 3731 1151 3805 fell*

144 3840 192 3896 ret
210 3830 252 3896 ad
268 3829 379 3896 urbem
395 3830 560 3912 incedens,
581 3855 646 3900 non
663 3832 790 3920 placuit.
834 3856 956 3921 paucos
973 3835 1085 3901 deinde
1097 3830 1152 3918 poti
1193 3868 1196 3877 ·

146 3925 213 3991 dies
236 3925 313 3992 satis
336 3926 498 4013 explorata
515 3928 664 4016 temporis
683 3929 750 3995 eius
769 3929 874 4013 quiete
891 3951 913 3996 a
931 3925 1034 3997 Gallis
1049 3926 1150 4027 Priwj

112 4039 221 4088 onum
239 4020 341 4088 omnis
360 4043 513 4091 conversa
529 4024 588 4092 vis.
633 4023 751 4112 duplex
772 4025 846 4091 iude
868 4023 957 4093 fama
977 4034 1043 4094 ests
1066 4017 1149 4091 ellit!
