2566 4524
331 244 454 305 LIBER
470 247 497 313 1,
516 247 542 301 a
560 251 600 318 [a.
611 246 641 302 c.
652 247 800 321 ros-ur]
1044 240 1085 306 13

53 431 142 477 mum
179 426 300 491 conpar
325 403 495 470 conubium
520 403 598 470 fore.
634 427 729 493 aegre
754 406 788 471 id
813 407 958 473 Romana
983 408 1084 495 pubes
1105 432 1121 484 6

53 526 151 592 passa
169 510 202 565 et
218 499 305 564 haud
322 497 420 564 dubie
436 500 477 563 ad
494 498 559 563 vim
577 509 719 586 spectare
736 523 787 566 res
805 502 917 586 coepit.

120 595 185 663 Oui
202 604 327 679 tempus
344 592 512 677 locumque
530 602 639 679 aptum
655 604 691 659 ut
705 595 794 659 daret
805 595 971 673 Romulus,
986 598 1088 684 aegri-

56 686 514 758 tudinemanimidissimulans
534 688 626 754 ludos
636 711 675 753 ex
684 688 838 755 industria
846 690 1087 777 paratNeptuno

56 785 208 872 Equestri
222 783 393 861 sollemnis,
405 781 578 848 Consualia
590 792 691 849 vocat.
709 784 807 850 indici
820 785 934 850 deinde
946 785 1086 851 finitimis
1105 811 1119 857 r

57 878 276 969 spectaculum
291 875 393 954 iubet,
417 887 596 961 quantoque
614 888 767 964 apparatu
789 887 857 943 tum
875 879 1017 944 sciebant
1033 890 1088 946 aut

54 983 201 1063 poterant
214 968 442 1049 concelebrant,
456 981 570 1037 utrem
582 971 700 1036 claram
713 982 990 1058 exspectatamque
1002 973 1088 1040 face-

54 1079 134 1136 rent.
161 1067 254 1132 multi
270 1064 418 1130 mortales
432 1087 615 1145 convenere,
630 1066 733 1131 studio
752 1067 847 1132 etiam
860 1067 1014 1133 videndae
1032 1091 1088 1134 nc-
1104 1089 1121 1138 8

54 1188 113 1231 vae
131 1162 235 1240 urbis,
253 1160 389 1226 maxime
406 1161 542 1247 proximi
559 1161 688 1245 quique,
709 1160 933 1241 Caeninenses,
954 1161 1087 1228 Crustu-

54 1259 143 1336 mini,
156 1255 377 1332 Antemnates,
392 1255 488 1319 etiam
502 1252 692 1320 Sabinorum
710 1256 812 1321 omnis
830 1255 996 1322 multitudo
1015 1278 1087 1321 cum
1105 1278 1120 1326 9

55 1352 163 1419 liberis
182 1373 220 1416 ao
238 1348 424 1436 coniugibus
438 1349 533 1414 venit
560 1344 683 1415 inritati
699 1348 895 1435 hospitaliter
906 1372 963 1436 per
975 1351 1086 1416 domos

55 1470 129 1512 cum
153 1445 250 1510 situm
272 1443 459 1528 moeniaque
476 1452 509 1509 et
525 1441 722 1528 frequentem
744 1444 834 1510 tectis
856 1444 968 1511 urbem
989 1445 1087 1510 vidis-

56 1549 140 1619 sent,
164 1539 331 1616 mirantur,
358 1546 423 1602 tam
444 1535 534 1604 brevi
556 1559 623 1602 rem
644 1537 823 1604 Romanam
849 1539 996 1605 crevisse.
1032 1538 1088 1604 ubi
1107 1561 1138 1609 10

56 1634 230 1722 spectaculi
252 1643 376 1719 tempus
394 1632 481 1697 venit
498 1632 684 1716 deditaeque
702 1642 878 1699 comentes
897 1655 971 1699 cum
988 1632 1086 1698 oculis

55 1738 159 1806 erant,
184 1737 251 1792 tum
275 1750 315 1792 ex
333 1726 507 1811 composito
526 1734 594 1791 orta
610 1727 659 1791 vis
678 1728 832 1814 signoque
850 1728 923 1793 dato
939 1728 1086 1793 iuventus

55 1824 205 1889 Romana
218 1822 259 1886 ad
270 1820 436 1907 rapiendas
450 1821 589 1908 virgines
603 1820 757 1887 discurrit.
779 1824 897 1910 magna
908 1845 981 1909 pars
995 1821 1085 1899 forte,
1106 1845 1137 1892 11

55 1919 89 1983 in
105 1940 203 2003 quem
221 1938 364 2002 quaeque
376 1916 537 1994 inciderat,
555 1925 673 2002 raptae.
700 1919 855 2002 quasdam
868 1917 971 1983 forma
984 1917 1087 1982 excel-

55 2013 156 2078 lentes
168 2010 358 2098 primoribus
371 2020 496 2096 patrum
509 2010 680 2077 destinatas
694 2033 734 2076 ex
746 2012 839 2098 plebe
851 2012 1004 2090 homines,
1019 2012 1088 2096 qui-

56 2106 116 2174 bus
134 2107 244 2170 datum
262 2105 425 2192 negotium
442 2113 518 2183 erat,
532 2105 643 2170 domos
658 2106 850 2172 deferebant
877 2130 974 2172 unam
991 2107 1085 2193 longe
1105 2129 1136 2177 12

56 2212 127 2269 ante
151 2201 229 2266 alias
253 2200 357 2286 specie
379 2221 417 2265 ac
438 2199 668 2286 pulchritudine
690 2202 848 2288 insignem
869 2225 889 2266 a
909 2200 1006 2289 globo
1023 2201 1088 2266 Ta-

55 2297 143 2362 lassii
165 2295 330 2360 cuiusdam
355 2302 477 2380 raptam
502 2293 620 2372 ferrmt,
647 2295 817 2380 multisque
844 2295 1086 2373 sciscitantibus,

55 2392 182 2456 cuinam
201 2412 271 2454 eam
288 2389 414 2467 ferrent,
432 2389 617 2468 identidem,
636 2389 764 2474 nequis
782 2389 922 2468 violaret,
941 2389 1086 2455 Talassio

55 2486 129 2551 ferri
162 2484 365 2550 clamitatum.
409 2483 483 2548 inde
515 2484 687 2570 nuptialem
712 2485 795 2549 hanc
821 2507 932 2551 vocem
958 2486 1084 2549 factam.

55 2581 181 2648 turbato
200 2601 258 2664 per
274 2587 393 2644 metum
408 2578 531 2644 ludicro
547 2580 660 2644 maesti
677 2590 822 2665 parentes
840 2580 997 2667 virginum
1014 2601 1087 2665 prc-
1106 2598 1136 2647 13

56 2675 197 2763 fugiunt,
221 2674 401 2738 incusantes
419 2672 527 2738 violati
543 2673 672 2759 hospitii
693 2674 806 2740 foedus
825 2674 980 2758 deumque
998 2673 1087 2738 invo-

56 2780 179 2848 cantes,
199 2768 289 2832 ouius
306 2767 348 2831 ad
366 2765 517 2832 sollemne
538 2767 693 2851 ludosque
715 2791 772 2854 per
793 2768 843 2834 fas
866 2791 902 2834 ao
919 2768 1014 2833 fidem
1032 2768 1086 2833 de-

56 2864 137 2950 cepti
155 2861 328 2927 venissent
363 2883 423 2926 neo
440 2861 538 2947 raptis
557 2871 611 2927 aut
634 2884 706 2947 spes
726 2863 765 2928 de
784 2885 818 2928 se
836 2863 945 2929 melior
967 2871 1021 2927 aut
1036 2862 1084 2927 in·
1104 2882 1137 2930 14

55 2957 198 3047 dignatio
217 2966 265 3022 est
282 2956 393 3021 minor.

121 3051 189 3118 Sed
206 3051 276 3137 ipse
293 3050 449 3116 Romulus
472 3051 655 3117 circumibat
673 3051 882 3136 docebatque,
909 3061 1034 3136 patrum
1051 3052 1085 3116 id

56 3145 205 3233 superbia
226 3144 359 3223 factum,
383 3145 438 3228 qui
459 3145 628 3211 conubium
645 3146 786 3210 finitimis
808 3153 991 3231 negassent,
1014 3145 1084 3209 illas

55 3251 160 3306 tamen
175 3240 209 3304 in
221 3239 429 3317 matrimonio,
439 3240 472 3303 in
486 3240 634 3305 societate
648 3240 842 3305 fortunarum
857 3239 997 3304 omnium
1010 3237 1086 3302 civi-

57 3337 194 3420 tatisque
216 3344 262 3412 et,
289 3355 353 3418 quo
374 3333 453 3398 nihil
475 3335 577 3399 carius
595 3336 733 3399 humano
751 3334 859 3420 generi
877 3334 929 3411 sit,
952 3332 1085 3397 liberum
1105 3352 1137 3401 15

56 3427 135 3508 fore3
154 3429 313 3494 mollimnt
330 3429 425 3494 modo
442 3429 505 3495 iras
524 3439 555 3494 et
572 3429 686 3513 quibus
705 3428 769 3494 fors
789 3451 919 3514 corpora
936 3428 1083 3506 dedisset,

57 3522 167 3588 darent
180 3523 318 3602 animos3
338 3545 432 3609 saepe
445 3545 486 3588 ex
498 3523 612 3588 iniuria
624 3524 825 3609 postmodum
839 3523 972 3609 gratiam
986 3532 1085 3587 ortam

57 3638 156 3702 eoque
169 3616 354 3683 melioribus
368 3640 481 3682 usuras
495 3618 580 3696 viris,
595 3618 679 3702 quod
697 3618 862 3682 adnisurus
881 3639 938 3702 pro
952 3638 986 3680 se
999 3617 1086 3700 quis-

54 3732 116 3796 que
130 3712 181 3789 sit,
194 3720 241 3789 ut,
257 3733 331 3776 cum
349 3733 439 3776 suam
455 3711 558 3777 vicem
576 3712 703 3776 functus
723 3711 827 3776 officio
846 3712 894 3790 sit,
909 3711 1085 3797 parentium

53 3805 149 3870 etiam
170 3805 355 3891 patriaeque
378 3805 502 3892 expleat
519 3805 720 3871 desiderium.
755 3805 947 3870 accedebant
964 3804 1085 3870 blandi·
1103 3821 1137 3871 16

53 3898 116 3963 tiae
133 3898 289 3978 virorum,
312 3899 432 3965 factum
448 3900 651 3988 purgantium
670 3899 838 3987 cupiditate
856 3908 950 3982 atque
968 3919 1083 3973 amore,

59 4011 139 4075 quae
155 3995 296 4061 maxime
309 3993 351 4060 ad
367 3993 519 4062 muliebre
532 3994 694 4082 ingenium
712 3993 857 4059 efficaces
874 4013 984 4078 preces
1002 4000 1085 4056 sunt.
