2566 4524
142 250 207 316 432
397 256 516 313 LIBER
532 255 618 327 VIII,
634 255 677 311 ³3.
698 257 773 328 [au.
784 254 928 326 alatae]

144 421 326 486 dictatorem
353 439 448 501 quam
474 415 626 502 magistro
653 413 795 498 equitum
819 414 995 500 placarent,
1030 413 1145 482 iussida

109 515 292 585 atribunali
321 513 511 579 descendere
541 511 653 597 legati;
687 520 719 576 et
749 511 875 577 silentio
905 511 1089 598 nequiquam
1108 532 1148 601 pu
1185 506 1187 511 ’

141 632 330 700 praeconem
352 617 518 694 temptato,
545 630 618 672 cum
639 629 715 693 prae
739 607 871 693 strepitu
893 629 932 673 ac
957 609 1087 675 tumultu
1106 628 1149 676 net
1185 626 1187 661 ἑ

142 707 243 794 ipsius
262 703 421 770 dictatoris
439 724 498 767 nec
511 700 729 788 apparitorum
746 702 814 767 eius
832 724 898 767 vox
918 703 1086 784 audii-etin,
1102 724 1149 769 mx

110 823 126 871 a
143 800 279 867 velutin
301 796 420 885 proelio
443 796 605 862 certamini
626 796 722 860 finem
742 795 827 861 fecit
862 796 1019 885 magister
1037 798 1151 884 maritum

143 897 251 961 iussus
277 901 403 979 postero
430 891 480 956 die
507 891 634 968 adesse,
661 912 734 955 cum
757 913 865 956 omnes
888 892 1092 972 adfirmarent,
1115 893 1152 958 iu·
1185 968 1187 975 ¹

144 989 258 1057 festius
284 987 450 1073 Papirium
479 1007 665 1051 exarsurum
694 985 848 1073 agitatum
879 987 1073 1053 contentione
1095 987 1152 1074 ipsa

111 1082 444 1167 sexacerbatumque,
479 1081 560 1145 clam
591 1103 631 1144 ex
658 1080 769 1146 castris
795 1079 932 1147 Romam
959 1081 1152 1169 profugitzet

144 1189 233 1266 patre
257 1186 385 1243 auctore
406 1174 454 1240 M.
476 1174 592 1253 Fabio,
620 1175 675 1259 qui
698 1175 829 1241 teriam
851 1176 966 1242 consrrl
987 1178 1150 1261 dictatorque

145 1274 262 1351 fuerat,
284 1280 397 1338 vocato
415 1269 573 1356 extemplo
591 1280 703 1336 senatu
720 1292 793 1335 mam
812 1271 954 1336 maxime
977 1288 1151 1357 conquerere·
1184 1264 1187 1293 ³

146 1380 198 1434 tur
223 1367 308 1454 apud
333 1376 439 1453 patres
465 1366 530 1429 vim
557 1373 651 1449 atque
676 1365 822 1432 iniuriam
847 1366 1026 1447 dictatoris,
1051 1374 1150 1453 repente
1183 1388 1187 1393 ·

112 1483 129 1532 5
148 1462 296 1548 strepitus
318 1470 391 1525 ante
409 1459 527 1525 curiam
544 1459 689 1525 lictorum
708 1461 977 1526 summoventium
994 1461 1152 1540 auditm,tt
1184 1488 1187 1513 ε

146 1559 216 1644 ipse
245 1555 387 1621 infensam
420 1554 541 1632 aderat,
571 1562 739 1640 postquam
770 1556 912 1642 conperit
936 1557 1106 1643 profectum
1124 1568 1151 1618 et
1183 1596 1186 1605 ·

148 1650 273 1728 castris,
306 1672 379 1714 cum
405 1649 551 1734 expedito
579 1649 720 1732 equitatu
746 1658 884 1715 secutus.
927 1651 1043 1718 iterata
1066 1646 1150 1715 deiru
1182 1704 1187 1719 .

112 1744 319 1823 econtentio,
352 1754 383 1809 et
408 1743 518 1830 prendi
544 1742 681 1808 Fabium
706 1741 853 1830 Papiriam
879 1745 984 1810 iussit.
1027 1744 1080 1811 ubi
1101 1760 1187 1821 amr

148 1840 387 1928 deprecantibus
410 1839 599 1926 primoribus
621 1847 746 1926 patrum
773 1848 867 1924 atque
893 1840 1151 1907 universatem
1179 1846 1187 1907 i

114 1959 128 2005 t
146 1945 300 2022 perstaret
316 1935 349 2001 in
367 1935 492 2020 incepto
509 1934 627 2000 inmitis
646 1935 783 2013 animus,
802 1944 870 1999 tum
883 1944 976 2021 pater
987 1934 1035 2001 M.
1044 1934 1149 2002 Fabiu
1177 1959 1187 2025 Ι·.

149 2030 290 2114 ‘quando
311 2027 451 2112 quidem'
472 2028 574 2113 inquit
597 2030 696 2116 ‘apud
717 2039 749 2095 te
770 2051 830 2096 nec
856 2031 1027 2097 auctoritas
1053 2038 1148 2096 senata
1176 2052 1187 2083 a

146 2146 206 2189 nec
224 2132 310 2189 aetas
328 2144 413 2201 mea,
436 2123 487 2188 cui
504 2122 670 2190 orbitatem
686 2145 795 2209 paras,
816 2146 876 2189 nec
897 2125 999 2191 virtus
1020 2122 1148 2190 nobilita·
1177 2178 1180 2185 .

147 2241 210 2304 que
227 2218 371 2306 magistri
389 2218 529 2302 equitum
547 2242 567 2284 a
584 2228 615 2284 te
632 2219 703 2305 ipso
719 2218 873 2284 nominati
889 2219 976 2285 valet
989 2242 1048 2285 nec
1058 2234 1148 2306 prete,
1175 2272 1183 2281 .

149 2335 231 2398 quae
249 2335 345 2399 saepe
361 2312 484 2378 hostem
502 2312 702 2400 mitigarem,
721 2335 802 2397 quae
815 2314 952 2380 deorum
969 2315 1032 2381 iras
1044 2313 1148 2401 placem
1177 2370 1187 2375 -

148 2408 290 2474 tribunos
316 2407 418 2494 plebis
447 2408 570 2494 appello
597 2417 628 2473 et
648 2430 787 2494 provoco
808 2408 850 2473 ad
870 2409 1025 2495 populum
1046 2418 1147 2490 eumq&
1171 2432 1187 2439 ·

112 2523 129 2572 8
148 2503 204 2569 tibi
222 2502 357 2592 fuglenti
374 2503 528 2567 exercitus
547 2503 607 2580 tui,
630 2501 765 2590 fugienti
786 2513 915 2570 senatus
932 2504 1080 2570 iudicium
1092 2494 1145 2566 iud·
1169 2552 1187 2573 ,-

148 2620 217 2665 cem
235 2599 318 2676 tero,
341 2598 396 2682 qui
413 2607 496 2662 certe
515 2620 595 2663 unus
614 2597 686 2683 plus
709 2620 804 2682 quam
826 2609 882 2664 tua
903 2599 1055 2665 dictatura
1072 2596 1143 2684 potet
1168 2604 1183 2629 ’-

147 2695 315 2780 polletque.
355 2693 478 2770 videro,
506 2715 694 2758 cessurusne
721 2694 936 2779 provocationi
963 2695 1020 2774 sis,
1046 2691 1091 2758 cui
1108 2696 1143 2753 ret
1181 2710 1187 2719 ·

114 2808 129 2856 9
149 2789 312 2853 Romanus
332 2786 445 2851 Tullus
465 2788 622 2853 Hostilius
641 2788 754 2854 cessit’
790 2810 831 2853 ex
848 2789 936 2854 curia
952 2790 987 2854 in
1004 2787 1142 2854 contione
1185 2836 1187 2840 .

148 2881 221 2945 itur.
258 2902 321 2964 quo
344 2883 543 2966 cumpaucis
562 2883 704 2961 dictator,
727 2885 905 2949 cumomni
923 2884 1047 2971 agmine
1061 2871 1141 2968 prind-
1176 2898 1179 2903 '

147 2999 224 3062 pum
242 2974 393 3063 magister
411 2978 550 3062 equitum
570 2976 672 3066 [cum]
692 2979 899 3058 escendisset,
918 2979 1032 3045 deduci
1048 2966 1141 3042 eumd
1182 2972 1185 2977 ’

98 3091 130 3140 10
147 3072 256 3138 rostris
274 3070 421 3159 Papirius
444 3074 477 3138 in
497 3084 620 3159 partem
641 3074 821 3140 inferiorem
841 3075 945 3141 iussit.
981 3070 1141 3153 secutuslt·¹
1181 3088 1187 3113 ··

149 3179 210 3235 ter:
230 3168 324 3235 ‘bene
343 3168 437 3258 agis,'
455 3169 557 3254 inquit
575 3176 662 3235 ‘cum
680 3192 718 3236 eo
734 3193 794 3237 nos
812 3170 927 3237 deduci
944 3169 1072 3247 iussisti,
1087 3156 1139 3230 uult
1178 3196 1187 3247 j

148 3273 180 3328 et
200 3264 315 3349 privati
336 3262 446 3330 vocem
467 3264 590 3329 mittere
611 3263 797 3350 possemus?
832 3265 877 3331 ibi
902 3265 1006 3351 primo
1030 3284 1084 3329 non
1100 3266 1138 3321 Μ
1173 3264 1187 3309 :

98 3377 128 3424 11
146 3368 317 3443 perpetuae
335 3360 490 3426 orationes
509 3381 604 3444 quam
622 3359 782 3425 altercatio
799 3359 1055 3426 exaudiebantur.
1076 3342 1141 3418 vird
1185 3447 1187 3453 Ι

148 3451 260 3517 deinde
280 3455 444 3539 strepitum
461 3478 525 3519 vox
547 3465 578 3519 et
599 3454 772 3541 indignatio
790 3452 872 3520 Fabi
895 3455 996 3534 senis,
1017 3455 1137 3535 inceps
1181 3500 1187 3509 .

98 3563 129 3612 12
147 3544 188 3609 tis
207 3547 386 3631 superbiam
405 3549 680 3634 crudelitatemque
698 3548 821 3637 Papiri:
848 3571 883 3615 se
906 3572 1033 3636 quoque
1047 3544 1139 3611 dictalt'·
1167 3566 1187 3601 .:.

147 3662 216 3705 rem
228 3640 349 3707 Romae
366 3643 466 3710 fuisse
484 3666 543 3709 nec
560 3668 580 3709 a
597 3665 632 3710 se
649 3665 855 3729 quemquam,
873 3666 915 3710 ne
931 3644 1033 3731 plebis
1048 3634 1137 3737 quil*
1172 3660 1187 3721 ζ

97 3755 128 3803 13
147 3734 321 3815 hominem,
339 3760 403 3803 non
421 3738 646 3818 centurionem,
665 3762 729 3805 nou
746 3739 878 3804 militem
896 3738 1057 3805 violatum:
1075 3730 1138 3811 ΡΨ
1177 3736 1185 3745 ’

147 3830 230 3895 rium
252 3839 413 3916 tamquam
436 3857 476 3898 ex
497 3834 636 3900 hostium
658 3833 808 3912 ducibus,
832 3833 879 3899 sic
897 3856 938 3900 ex
955 3834 1088 3900 Rommo
1102 3822 1138 3888 ΤΕ·

146 3935 290 4010 peratore
303 3927 465 3992 victoriam
480 3939 511 3993 et
524 3929 718 4014 triumphum
726 3938 842 4015 petere.
861 3939 1015 4014 quantum
1026 3926 1138 3992 intere·
1171 3972 1187 3985 a

146 4020 228 4087 inter
245 4023 489 4090 moderationem
508 4025 707 4109 antiquorum
724 4034 757 4090 et
772 4046 889 4090 novam
908 4020 1077 4110 superbiam
1093 4026 1136 4078 effi·
1171 4020 1187 4077 J
