2566 4524
243 254 361 310 arnus
377 255 434 327 vr,
452 255 493 312 18.
513 254 733 331 [arcessam]
766 228 768 232 ’
855 322 859 326 .
939 248 1005 316 323

81 435 192 479 recens
210 413 243 478 in
261 413 365 478 animo
384 414 424 478 ad
439 415 661 480 coutumeliam
674 417 837 503 inexperto
842 444 852 498 ;
872 419 1003 506 spiritus

95 508 182 593 quod
199 530 258 573 nec
276 530 373 573 ausus
393 518 476 575 esset
493 509 577 574 idem
595 510 628 574 in
647 533 681 576 se
693 512 841 592 dictator,
864 513 951 599 quod
967 513 1002 580 in

77 627 87 670 r
104 602 225 669 Maelio
240 601 448 669 Cincinnatus
464 602 632 687 Quinctius
650 605 793 687 fecisset,
812 616 843 673 et
860 608 1002 675 vinculo⁴

77 720 187 764 uorum
205 697 356 763 invidiam
373 719 438 763 non
456 698 590 764 dictator
606 701 701 767 modo
715 701 890 768 abdicando
903 703 1002 769 dicta-

88 792 238 879 fugisset,
257 791 315 856 sed
330 814 371 857 ne
386 802 512 859 senatus
527 793 654 879 quidem
669 796 823 861 sustinere
836 797 1001 883 potuisset.

77 911 96 953 s
112 887 206 953 simul
219 886 346 952 inflatus
361 887 630 973 exacerbatusque
642 889 707 955 iam
723 913 782 977 per
798 914 833 958 se
851 914 1001 959 accensos
1020 919 1036 967 5

77 991 120 1048 rat
144 979 246 1068 plebis
270 981 406 1047 animos:
435 988 635 1068 ‘quousque
662 986 790 1051 tandem
815 985 1002 1073 ignorabitis

77 1085 208 1155 vestras,
227 1098 307 1160 quas
325 1085 493 1143 naturane
511 1076 621 1144 beluas
639 1079 767 1163 quidem
784 1080 928 1167 ignorare
946 1104 1003 1147 vo-

77 1181 232 1237 numerate
256 1171 382 1251 saltem,
409 1181 486 1257 quot
507 1173 569 1260 ipsi
591 1173 674 1253 sitis,
702 1184 779 1259 quot
804 1176 1000 1243 adversarios

77 1267 123 1332 tis.
165 1266 192 1332 si
219 1266 336 1353 singuli
361 1266 504 1354 singulos
530 1268 712 1354 adgressuri
739 1269 865 1349 essetis,
896 1280 1037 1346 tament

92 1362 252 1427 crederem
270 1381 328 1427 vos
346 1382 403 1447 pro
420 1360 564 1428 libertate
582 1384 678 1448 quam
696 1362 767 1428 illos
784 1386 842 1450 pro
861 1365 1003 1430 domina·

77 1465 255 1522 certaturos.
292 1464 369 1539 quot
387 1456 471 1522 euim
489 1455 617 1522 clientes
636 1458 719 1523 circa
737 1459 879 1546 singulos
896 1459 1002 1525 fuistis

77 1574 134 1630 ros,
157 1559 203 1616 tot
225 1573 309 1615 nunc
331 1550 483 1617 adversus
508 1574 606 1617 unum
623 1552 747 1618 hostem
765 1555 860 1620 eritis.
898 1565 1036 1628 osten-7

77 1646 146 1711 rodo
163 1645 296 1712 bellum:
319 1668 431 1731 pacem
448 1644 614 1712 habebitis.
650 1648 779 1713 videant
799 1672 857 1715 vos
875 1659 1002 1737 paratos

77 1763 107 1805 n:
126 1740 176 1805 ius
194 1740 256 1826 ipsi
273 1740 440 1805 remittent.
477 1741 657 1807 audendum
675 1751 724 1808 est
741 1743 860 1827 aliquid
877 1745 1004 1809 univcr-

77 1845 92 1900 ‚t
114 1836 220 1901 omnia
242 1835 375 1922 singulis
396 1835 554 1921 patienda.
590 1858 654 1921 quo
676 1859 777 1921 usque
799 1861 851 1902 me
870 1837 1003 1903 circum-

77 1929 172 1996 bitis?
198 1952 258 2017 ego
281 1930 409 2014 quidem
426 1930 504 1995 nulli
521 1939 662 1997 vestrum
680 1933 788 2013 deer03
814 1947 855 1998 ne
877 1931 1003 1998 fortuna
1020 1955 1036 2005 8

77 2027 154 2105 lesit,
174 2026 287 2090 videte.
319 2027 389 2112 ipse
406 2027 523 2092 vindex
540 2037 654 2107 vester,
673 2027 729 2093 ubi
746 2028 850 2094 visum
868 2029 1002 2095 inimicis

77 2123 156 2188 ullus
174 2129 303 2210 repente
320 2121 382 2200 fui,
401 2131 432 2187 et
449 2122 574 2192 vidistis
592 2122 626 2186 in
637 2123 764 2188 vincula
777 2124 851 2190 duci
864 2124 1003 2191 universi

77 2217 128 2302 qui
140 2241 160 2282 a
173 2216 305 2304 singulis
320 2216 409 2282 vobis
424 2216 748 2303 vinculadepuleram.
776 2218 853 2301 quid
867 2240 999 2302 sperem,
1021 2239 1036 2287 9

77 2336 88 2378 s
105 2313 138 2376 in
155 2333 206 2377 me
225 2313 361 2377 audeant
378 2312 515 2377 inimici?
536 2336 577 2377 an
591 2313 708 2378 exitum
724 2311 818 2379 Cassi
827 2311 1002 2396 Maeliique

77 2406 172 2473 atem?
197 2406 414 2486 benefacitis,
433 2407 519 2492 quod
536 2406 773 2473 abominamini:
796 2407 840 2471 dii
856 2405 1004 2492 prohibe-

77 2502 163 2567 haec.
200 2503 257 2567 sed
281 2524 454 2586 numquam
479 2511 607 2592 prepter
628 2524 679 2567 me
701 2503 741 2567 de
763 2499 850 2566 caelo
872 2501 1004 2566 descen-

91 2597 182 2665 vobis
209 2598 284 2663 dent
306 2606 444 2662 mentem
467 2607 601 2685 oportet,
629 2606 665 2661 ut
685 2594 892 2683 prohibeatis,
921 2594 1002 2660 sicut

77 2692 221 2758 lederunt
238 2701 358 2758 armato
375 2701 560 2780 togatoque,
577 2702 614 2758 ut
631 2715 689 2758 vos
707 2715 726 2757 a
743 2689 886 2758 barbaris
903 2689 1004 2765 hosti-

77 2812 91 2854 a
108 2786 253 2874 superbis
271 2787 474 2853 defenderem
492 2787 625 2854 civibus.
660 2796 726 2851 tam
742 2808 859 2873 parvus
878 2785 1001 2850 animus
1021 2803 1055 2852 10

77 2883 182 2971 populi
204 2892 267 2963 est,
294 2891 330 2948 ut
352 2905 477 2969 semper
494 2881 585 2948 vobis
603 2881 756 2948 auxilium
774 2881 926 2947 adversus
944 2879 1003 2945 ini-

94 2979 169 3046 satis
192 2979 247 3058 sit,
274 3001 333 3044 nec
354 2977 468 3057 ullum,
491 2977 553 3042 nisi
574 2987 729 3061 quatenus
747 2976 894 3061 imperari
911 2973 1002 3040 vobis

77 3097 98 3154 t,
120 3083 279 3141 certamen
297 3075 449 3140 adversus
466 3083 572 3160 patres
589 3071 718 3138 noritis?
738 3093 798 3136 nec
815 3070 876 3135 hoc
892 3078 1006 3135 natura

77 3192 103 3236 m
117 3169 210 3237 vobis
228 3179 290 3249 est,
315 3170 371 3235 sed
387 3191 449 3234 usu
466 3167 681 3255 possidemini.
717 3188 773 3231 cur
790 3164 874 3229 enim
892 3164 1003 3229 adver·
1023 3181 1052 3228 11

77 3274 197 3331 sternes
219 3274 341 3330 tantum
363 3264 538 3331 animorum
559 3261 682 3350 geritis,
708 3271 745 3326 ut
765 3259 920 3346 imperare
941 3256 1003 3322 illis

77 3384 110 3425 m
132 3358 306 3427 censeatis?
330 3359 406 3445 quia
428 3358 604 3424 consuestis
626 3379 699 3423 cum
721 3354 767 3422 eis
788 3375 846 3441 pro
872 3351 1004 3439 imperio

77 3477 107 3535 e,
131 3455 283 3521 adversus
300 3453 359 3520 hos
378 3463 530 3541 temptare
547 3453 650 3539 magis
668 3473 764 3536 quam
781 3447 863 3514 tueri
878 3448 1005 3514 liberta-

82 3560 203 3628 tamen,
226 3548 471 3635 qualescumque
493 3549 590 3613 duces
613 3544 783 3624 habuistis,
806 3542 1005 3629 qualescum-
1024 3561 1056 3608 ra

77 3644 251 3723 adfuistis,
270 3643 375 3709 omnia
388 3642 505 3722 adhuc,
524 3650 778 3727 quantacumque
789 3638 930 3726 petistis,
949 3635 1006 3701 ob-

77 3740 111 3806 is
139 3761 196 3805 seu
221 3739 254 3804 vi
281 3761 339 3805 seu
363 3738 490 3804 fortuna
514 3746 630 3803 vestra.
674 3746 799 3821 tempus
830 3742 879 3799 est
910 3731 1004 3797 etiam

77 3859 94 3902 a
112 3835 231 3902 conari:
254 3834 439 3922 experimini
456 3832 551 3898 modo
569 3841 602 3898 et
618 3840 756 3898 vestram
774 3829 957 3896 felicitatem
974 3833 1005 3890 et
1023 3840 1055 3890 13

77 3940 99 3997 rt
117 3951 223 4019 spero,
245 3929 378 3996 feliciter
395 3938 558 4016 expertum
563 3953 573 4008 3
594 3928 713 3994 minore
730 3924 857 4013 negotio
875 3921 929 4006 qui
946 3919 1004 4007 im·

77 4025 213 4114 patribus
226 4024 392 4114 inponetis,
411 4046 506 4109 quam
520 4023 575 4110 qui
587 4023 768 4089 resisterent
779 4013 1004 4105 imperantibus

534 4144 536 4148 ·
782 4119 855 4175 21⁶.
