2566 4524
361 247 481 303 amna
496 247 565 314 vn,
583 246 625 301 so.
638 247 680 301 31.
700 252 738 318 [a.
749 246 779 303 o.
788 248 851 321 343]
1061 240 1123 306 381

96 408 199 474 ditatis
224 405 398 493 explendae
421 414 518 484 esset,
541 427 653 492 pamm
671 404 744 484 fuit,
768 406 853 491 quod
872 406 970 472 semel
986 406 1019 472 in
1039 407 1124 476 Sidi-

96 504 161 572 cino
176 525 270 591 agro,
288 502 401 567 iterum
413 501 447 565 in
462 499 637 587 Campania
654 501 724 587 ipsa
742 502 881 588 legiones
899 513 1023 569 nostras
1043 506 1123 571 ceci-

96 597 185 664 dere?
212 618 294 682 quae
313 605 361 663 est
377 595 439 662 ista
456 606 520 661 tam
537 594 654 661 infesta
670 595 731 675 ira,
754 618 850 679 quam
867 619 924 684 per
940 598 1019 664 duas
1038 599 1122 666 acies
1143 619 1175 669 15
1257 627 1259 630 ⁴

96 693 185 762 fusus
204 692 335 780 sangnis
354 691 479 779 explere
496 714 561 757 non
577 691 732 778 potuerit?
762 693 843 758 adde
864 693 927 760 huc
949 694 1124 782 populatio-

95 791 165 856 nem
188 810 352 875 agrorum,
378 787 512 873 praedas
533 786 696 852 hominum
723 797 817 872 atque
841 789 999 874 pecudum
1026 799 1123 868 actas,

95 882 240 951 incendia
257 881 401 947 villarum
420 902 458 946 ac
475 880 595 958 ruinas,
618 880 724 946 omnia
741 881 823 947 ferro
840 882 969 969 ignique
987 893 1123 949 vastata:

95 977 216 1046 hiscine
233 976 281 1042 ira
298 975 417 1063 expleri
433 998 498 1042 non
509 976 629 1063 potuit?
646 976 703 1042 sed
718 977 873 1063 cupiditas
892 979 1047 1066 explenda
1064 990 1122 1046 est.
1143 997 1175 1045 lo

95 1095 131 1141 ee
147 1073 191 1139 ad
209 1072 454 1159 oppugnandam
469 1070 613 1158 Capuam
627 1072 721 1157 rapit:
739 1082 793 1137 aut
806 1072 909 1138 delere
927 1074 1037 1139 urbem
1055 1075 1125 1161 pul·

96 1167 282 1234 uberrimam
308 1176 363 1232 aut
388 1167 450 1252 ipsi
477 1166 640 1253 possidere
670 1165 789 1232 volunt.
834 1167 891 1232 sed
920 1190 978 1234 vos
1008 1170 1123 1254 potius,
1144 1187 1175 1235 17

96 1260 244 1340 Romani,
264 1260 416 1327 beneficio
430 1270 534 1326 vestro
549 1268 700 1346 occupate
713 1281 796 1339 eam,
816 1282 911 1346 quam
924 1260 995 1327 illos
1008 1261 1124 1327 habere

95 1377 153 1442 per
168 1354 357 1421 maleficium
371 1355 490 1420 sinatis.
521 1377 585 1420 non
597 1354 709 1441 loquor
725 1355 811 1441 apud
827 1365 1024 1422 recusantem
1041 1356 1125 1422 iusta

95 1450 177 1519 bella
197 1451 365 1538 populum,
389 1450 446 1516 sed
467 1460 587 1529 tamen,
611 1450 638 1516 si
660 1450 857 1517 ostenderitis
876 1451 992 1516 auxilia
1009 1460 1123 1530 vestra,

95 1568 133 1615 ne
149 1545 235 1613 bello
253 1545 381 1632 quidem
397 1544 529 1611 arbitror
546 1544 637 1612 vobis
656 1568 735 1633 opus
757 1544 835 1612 fore.
879 1568 980 1631 usque
1003 1546 1044 1611 ad
1065 1568 1123 1612 nos
1144 1562 1175 1612 18

96 1650 293 1727 contemptus
313 1637 503 1706 Samnitium
520 1639 676 1726 pervenit,
696 1663 792 1726 supra
808 1662 872 1706 non
889 1640 1043 1706 ascendit:
1066 1641 1126 1707 ita-

96 1757 156 1823 que
176 1734 292 1801 umbra
313 1734 410 1800 vestri
427 1733 549 1813 auxilii,
572 1732 722 1811 Romani,
746 1735 811 1820 tegi
828 1756 1011 1820 possumus,
1034 1735 1126 1818 quid-

95 1831 172 1917 quid
187 1829 303 1896 deinde
319 1828 537 1908 habuerimus,
556 1827 710 1915 quidquid
722 1827 784 1913 ipsi
798 1827 964 1906 fuerimus,
983 1838 1125 1893 vestrum

95 1925 130 1995 id
153 1947 248 1992 omne
278 1922 493 1989 existimaturi.
537 1922 627 1989 vobis
659 1921 798 1989 arabitur
827 1944 903 2009 ager
930 1920 1124 2009 Campanus,
1144 1941 1175 1990 19

96 2018 187 2087 vobis
206 2017 320 2103 Capua
335 2016 412 2083 urbs
430 2015 691 2101 frequentabitnr3
711 2016 920 2095 conditorum,
938 2017 1125 2103 parentium,

96 2113 227 2181 deorum
252 2110 464 2178 inmortalium
490 2132 620 2177 numero
645 2109 737 2176 nobis
765 2111 864 2190 eritis,
890 2111 978 2177 nulla
1003 2113 1127 2178 colonia

95 2216 203 2275 vestra
225 2205 297 2284 erit,
324 2227 405 2291 quae
426 2226 485 2270 nos
508 2203 753 2291 obsequio‘erga
769 2226 828 2271 vos
845 2204 970 2289 fideque
989 2215 1125 2292 superet.

96 2300 239 2379 sdnuite,
261 2308 366 2386 patres
384 2298 566 2384 conscripti,
590 2307 702 2363 nutum
723 2320 902 2383 numenque
920 2307 1061 2364 vestrum
1078 2300 1126 2364 in-
1143 2320 1176 2369 20

94 2396 217 2465 victum
235 2393 407 2481 Campanis
430 2404 462 2460 et
482 2393 587 2460 iubete
611 2415 751 2480 sperare,
773 2393 963 2459 incolumem
981 2393 1127 2480 Capuam

94 2490 246 2565 futuram.
290 2510 353 2574 qua
378 2487 554 2574 frequentia
580 2488 720 2553 omnium
745 2508 897 2574 generum
919 2486 1126 2553 multitudinis
1144 2507 1176 2555 21

96 2582 308 2673 prosequente
326 2583 452 2649 creditis
470 2607 528 2651 nos
545 2583 631 2649 illino
647 2581 820 2668 profectos,
839 2603 936 2667 quam
952 2583 1058 2648 omnia
1071 2605 1128 2648 vo·

95 2689 202 2747 torum
228 2677 488 2764 lacrimarumque
509 2678 603 2765 plena
623 2677 802 2762 reliquisse,
828 2676 862 2740 in
883 2698 947 2761 qua
967 2697 1052 2753 nunc
1073 2698 1129 2742 ex·
1161 2695 1167 2709 ·

95 2773 293 2863 spoctatione
320 2782 463 2840 senatum
489 2771 703 2859 populumque
730 2769 944 2857 Campanum,
976 2773 1126 2859 coniuges

95 2868 279 2953 liberosque
301 2865 425 2934 nostros
447 2865 537 2931 esse?
568 2876 650 2933 stare
676 2887 803 2932 omnem
828 2864 1060 2932 multitudinem
1087 2867 1128 2932 ad
1145 2887 1177 2934 aa

94 2972 206 3053 portos
233 2962 318 3029 viam
342 2961 416 3027 hinc
441 2959 594 3026 ferentem
614 2971 851 3049 prospectantes
873 2970 994 3027 certum
1015 2961 1127 3039 habeo,

99 3059 180 3146 quid
196 3059 260 3124 illis
276 3080 350 3138 nos,
371 3065 477 3145 patres
496 3056 678 3144 conscripti,
701 3057 841 3123 sollicitis
859 3078 898 3122 ao
918 3055 1127 3142 pendentibus

99 3154 215 3223 animis
234 3152 413 3219 renuntiare
434 3151 579 3219 iubeatis.
624 3151 757 3218 alterum
777 3154 964 3238 responsum
983 3149 1127 3227 salutern,
1146 3167 1179 3214 23

97 3247 279 3327 sictonam,
304 3247 408 3313 lucem
430 3268 468 3312 ac
488 3246 677 3326 libertatem,
705 3247 837 3312 alterum
859 3245 991 3311 ominari
1016 3245 1128 3310 horreo

96 3366 181 3431 qnae
197 3340 294 3409 serati
320 3342 451 3429 proinde
473 3350 508 3406 ut
530 3351 585 3407 aut
601 3341 641 3406 de
659 3341 772 3408 vestris
790 3339 903 3405 futuris
922 3339 1016 3406 sociis
1034 3349 1128 3425 atque

96 3438 210 3507 amida
229 3446 284 3503 aut
299 3458 458 3521 nusquam
475 3436 547 3501 ullis
565 3435 680 3503 suturis
698 3436 790 3502 nobis
809 3433 981 3502 consulite?

162 3531 304 3602 XXXL
341 3529 514 3599 Summotis
536 3531 650 3599 deinde
671 3531 784 3618 legatis
808 3553 880 3597 cum
898 3529 1059 3596 consultus
1079 3549 1161 3597 se-1

95 3636 193 3697 ntus
217 3633 317 3705 esset,
343 3626 404 3693 etsi
424 3649 559 3712 magnae
581 3626 662 3713 parti
678 3627 755 3692 urbs
773 3627 911 3692 maxima
929 3626 1130 3713 opulentissi-

95 3743 216 3808 maque
240 3720 367 3800 Italiae,
397 3719 573 3788 uberrimus
600 3744 676 3809 ager
701 3723 841 3806 marique
867 3720 1061 3807 propinquus
1088 3718 1129 3784 ad

96 3818 269 3889 anteusus
286 3838 428 3884 annonae
446 3815 591 3895 horreum
604 3816 712 3904 populi
725 3816 861 3882 Romani
873 3815 940 3880 fore
953 3813 1128 3887 videbatur,

96 3922 208 3983 umen
224 3921 316 3989 unta
328 3911 461 3979 utilitate
478 3912 557 3979 fides
575 3913 730 3997 antiquior
747 3912 820 3988 suit,
843 3908 1065 3997 responditque
1083 3905 1128 3970 ita

93 4028 140 4083 ex
168 4008 372 4087 anemalata,
386 4017 514 4075 senatus
545 4007 669 4075 consul:
705 4008 836 4075 ‘auxilio
860 4028 934 4085 vos,
961 3999 1160 4084 Campania
