2566 4524
141 225 207 293 458
408 234 527 293 mssa
543 234 642 304 vnn,
661 233 702 290 1s.
723 236 797 305 [au.
808 231 906 305 atu]

142 420 262 487 paucos
280 405 311 463 et
328 394 467 461 infirmos
486 392 626 461 crederet
641 392 798 478 praesidio
811 400 877 461 tam
890 392 997 461 vnlido
1011 401 1044 460 et
1054 403 1164 461 armato

144 495 209 559 vim
230 492 400 558 adlaturos.
436 489 477 556 ab
499 490 600 555 isdem
623 487 788 555 consilium
809 497 918 575 petere
939 488 1035 568 iussi,
1062 491 1165 575 quibus

110 585 324 658 sanctoribus
350 584 541 671 praesidium
568 583 600 649 in
627 581 738 648 urbem
760 583 973 668 accepissent,
1001 583 1165 662 discedunt,

27 676 31 681 ’
145 703 301 771 aegreque
323 681 502 768 impetrato,
527 687 561 742 ut
578 678 618 743 de
636 700 674 744 ea
690 699 725 743 re
743 677 866 745 consuli
884 687 1033 745 senatum
1049 701 1165 766 respon·

110 799 243 865 esuque
265 776 359 842 adse
379 773 489 841 referri
511 773 639 851 sineret,
667 771 708 838 ad
730 794 805 839 suos
827 772 971 839 redeunt
1009 774 1091 841 duee
1110 774 1167 840 fac·

145 873 246 938 tiones
273 879 417 937 senatum
443 867 647 946 distinebant,
674 888 753 946 una,
785 866 874 933 cuius
901 867 1063 955 principes
1088 876 1167 935 eraut

146 964 330 1032 defectionis
362 960 522 1049 apopulo
548 960 694 1027 Romano
721 970 879 1040 auctores,
911 960 1014 1027 altera
1039 960 1165 1027 fidelium

146 1062 271 1127 civium.
308 1068 460 1125 certatum
482 1056 522 1122 ab
544 1056 684 1141 utrisque
707 1066 813 1123 tamen
834 1065 895 1135 est,
917 1066 955 1122 ut
977 1057 1020 1123 ad
1041 1054 1167 1123 reconci-

112 1179 126 1223 1
145 1155 283 1221 liandam
300 1174 412 1241 pacem
430 1150 550 1217 consuli
568 1172 664 1236 opera
681 1160 856 1217 novaretur.
883 1173 958 1236 pars
973 1150 1088 1229 altera,
1106 1172 1165 1217 eum

145 1249 337 1336 praesidium
355 1243 559 1324 Samnitium,
577 1245 652 1329 quia
668 1244 746 1310 nihil
764 1245 839 1311 satis
857 1245 1039 1331 praeparati
1056 1254 1120 1311 erut
1135 1243 1169 1309 ad

147 1343 342 1410 obsidionem
360 1340 567 1418 tolerandam,
590 1361 794 1405 excessurum
811 1340 956 1426 proxima
973 1349 1069 1407 nocte
1086 1348 1166 1415 esset,

147 1438 307 1503 enuntiare
334 1434 455 1502 consuli
482 1434 557 1500 satis
584 1433 708 1513 habuit,
736 1456 799 1518 qua
819 1434 920 1501 noctis
948 1434 1029 1501 hora
1056 1453 1165 1520 qusque

112 1541 236 1619 sporta
261 1540 293 1597 et
319 1552 413 1615 quam
438 1529 472 1593 in
497 1528 583 1593 viam
608 1550 793 1615 egressurus
819 1527 920 1595 hostis
941 1528 1041 1595 foret:
1073 1529 1167 1605 altero,

147 1625 261 1711 quibus
283 1624 388 1690 invitis
415 1623 571 1689 descitum
596 1622 638 1689 ad
660 1620 818 1690 Samnites
844 1632 924 1702 erat,
953 1623 1068 1689 eadem
1089 1631 1168 1689 nocte

146 1730 266 1807 portam
286 1719 380 1786 etiam
398 1718 519 1785 consuli
536 1727 725 1805 aperuerunt
742 1727 940 1802 armatosque
958 1717 1042 1785 clam
1062 1715 1168 1803 (nocte)

113 1836 129 1884 s
147 1817 180 1880 in
197 1814 308 1881 urbem
325 1823 520 1900 acceperunt.
552 1814 596 1878 ita
609 1812 727 1899 duplici
744 1812 919 1899 proditione
935 1822 969 1877 et
986 1812 1168 1900 praesidium

148 1909 338 1976 Samnitium
355 1909 485 1974 insessis
500 1908 582 1973 circa
594 1908 678 1973 viam
693 1906 887 1974 silvestribus
900 1907 980 1973 locis
993 1908 1168 1995 necopinato

147 2025 334 2090 oppressum
353 2012 400 2067 est
418 2012 449 2066 et
468 2000 507 2068 ab
525 2001 602 2067 urbe
620 2002 714 2088 plena
730 2001 869 2067 hostium
887 2001 1006 2068 clamor
1025 2001 1167 2077 sublatus,

147 2105 367 2181 momentoque
385 2096 478 2160 unius
496 2095 592 2161 horae
609 2119 721 2162 caesus
737 2093 879 2175 Samnis,
901 2093 1090 2163 Satricanus
1106 2117 1170 2181 cap-

97 2213 130 2260 10
148 2203 199 2259 tus
218 2201 249 2257 et
271 2191 376 2257 omnia
397 2191 431 2255 in
451 2199 606 2277 potestate
629 2192 766 2257 consulis
789 2201 890 2270 erant,
917 2192 973 2276 qui
995 2191 1169 2276 quaestione

148 2286 267 2365 habita,
295 2307 428 2371 quorum
451 2306 546 2370 opera
568 2284 703 2351 defectio
726 2295 811 2351 esset
835 2285 933 2365 faeta,
963 2308 1046 2371 quos
1074 2294 1167 2352 sontes

149 2382 289 2468 conperit
305 2381 402 2467 virgis
422 2402 531 2445 caesos
550 2381 652 2445 securi
668 2381 824 2467 percussit
840 2381 1064 2467 praesidioque
1077 2379 1168 2447 valido

98 2498 129 2545 11
148 2475 284 2562 inposito
303 2499 389 2541 arms
408 2473 580 2540 Satticanis
600 2476 724 2541 ademit.
764 2476 837 2541 inde
856 2475 897 2540 sd
913 2474 1108 2562 triumphum
1124 2475 1169 2539 de·

149 2571 283 2636 cessisse
296 2570 430 2636 Romam
445 2568 607 2655 Papirium
622 2567 791 2635 Cursorem
807 2568 960 2648 scribunt,
980 2570 1087 2654 quiec
1101 2571 1169 2635 duce

148 2666 318 2731 Luceriam
339 2673 498 2751 receptam
517 2662 738 2749 Samnitesque
761 2664 820 2730 sub
842 2665 953 2751 iugum
972 2665 1088 2731 missos
1107 2685 1169 2730 auc·

99 2781 130 2829 11
149 2773 231 2827 tores
259 2771 341 2828 sunt.
378 2771 409 2826 st
434 2761 495 2825 fuit
520 2761 568 2826 vir
593 2761 679 2826 haud
705 2761 800 2828 dubie
821 2761 936 2849 dignus
959 2761 1048 2827 omni
1070 2761 1170 2827 bellica

148 2856 255 2931 laude,
274 2877 337 2919 non
354 2854 450 2919 animi
469 2854 570 2919 solum
587 2857 709 2943 vigore,
729 2856 785 2922 sed
799 2856 893 2922 etiam
906 2856 1048 2942 corporis
1061 2855 1169 2922 viribus

99 2970 130 3019 13
149 2948 315 3013 excellens.
351 2947 520 3034 praecipua
540 2951 658 3035 pedum
679 2950 847 3036 pernicitas
865 2950 981 3028 inerat,
1004 2972 1088 3034 quae
1107 2971 1170 3034 cog·

148 3065 264 3109 nomen
290 3042 385 3109 etiam
411 3043 511 3123 dedit3
541 3045 754 3130 victoremque
780 3067 874 3111 cursu
900 3045 1044 3110 omnium
1071 3043 1169 3111 aetatis

150 3160 226 3204 suae
244 3138 343 3203 fuisse
361 3137 466 3204 ferunt
484 3148 515 3203 et
533 3161 590 3205 seu
602 3139 715 3204 virium
730 3139 762 3204 vi
775 3161 832 3204 seu
845 3138 1071 3205 exercitatione
1083 3137 1171 3205 mirlts

100 3255 132 3301 14
151 3233 212 3298 cibi
227 3233 351 3316 vinique
370 3233 504 3298 eundem
523 3232 773 3318 capacissimum,
792 3254 851 3298 nec
868 3253 940 3298 cum
959 3233 1026 3298 ullo
1045 3232 1170 3320 asperio-

149 3350 229 3404 rem,
257 3327 331 3412 quia
351 3326 421 3412 ipse
438 3327 546 3391 invicti
568 3327 608 3392 ad
629 3326 770 3393 laborem
792 3327 930 3412 corporis
952 3338 1056 3407 esset,
1083 3327 1170 3393 fuisse

100 3442 131 3489 15
149 3420 291 3485 militiam
313 3422 409 3506 pediti
430 3422 546 3508 pariter
563 3421 721 3507 equitique
727 3447 736 3501 ;
759 3421 879 3506 equites
898 3421 994 3486 etiam
1012 3420 1170 3508 aliquando

149 3536 244 3579 ausos
267 3512 307 3579 ab
326 3536 363 3580 eo
380 3526 500 3602 petere,
523 3526 558 3581 ut
576 3515 637 3582 sibi
653 3539 710 3603 pro
727 3539 762 3581 re
779 3515 860 3582 bene
877 3527 969 3602 gesta
986 3517 1109 3585 laxaret
1124 3514 1171 3582 sli-

99 3630 131 3678 16
150 3608 227 3691 quid
244 3606 369 3674 laboris.
406 3610 521 3695 quibus
539 3611 605 3676 ille:
629 3617 683 3676 ‘ne
700 3611 778 3676 nihil
795 3610 964 3676 remissum
984 3611 1111 3690 dicatis,
1131 3631 1170 3676 re·

147 3702 261 3781 mitto,’
291 3702 392 3789 inquit
418 3712 471 3770 ‘ne
496 3705 603 3791 utique
630 3706 758 3771 dorsum
789 3703 1010 3784 demulceatis,
1043 3729 1114 3772 cum
1138 3723 1169 3768 ex

148 3799 237 3882 equis
260 3799 476 3866 descendetis!
511 3810 543 3865 et
564 3801 613 3866 vis
635 3811 702 3867 erat
723 3801 756 3867 in
779 3823 817 3866 eo
839 3801 909 3865 viro
925 3801 1052 3888 imperii
1069 3803 1169 3888 ingens

98 3913 129 3959 11
148 3896 263 3980 pariter
288 3896 321 3960 in
348 3896 449 3961 socios
472 3896 629 3981 civesque.
668 3896 895 3965 Praenestinus
917 3907 1045 3984 praetor
1065 3920 1120 3984 per
1138 3893 1170 3959 ti·

148 4010 267 4054 morem
282 3990 409 4076 segnius
424 4013 463 4056 ex
477 3989 625 4057 subsidiis
640 4014 714 4059 suos
728 3993 861 4058 duxerat
874 3992 1053 4079 inprimsm
1066 3992 1168 4064 aciem3
