2566 4524
139 209 211 278 ’278
343 248 346 252 -
418 219 535 275 LIBER
552 219 588 289 V,
606 219 648 274 26.
663 219 706 273 27.
728 219 911 289 [auedbb]

148 388 274 447 secutus
297 380 410 444 ducem
431 377 542 443 castris
564 377 664 442 multa
683 386 776 443 nocte
798 376 893 445 motis
915 376 1018 464 prima
1034 377 1067 442 lu

113 484 263 559 equanto
286 471 499 559 superioribus
521 471 600 537 locis
627 494 662 537 se
689 472 833 537 ostendit.
870 471 1067 539 trifaciamll

146 566 343 645 muniebant,
361 567 442 633 alius
461 567 616 632 exercitus
633 567 752 652 proelio
770 566 908 631 intentus
928 566 1041 634 stabat.

145 664 254 751 pedire
267 685 346 748 opus
360 672 488 727 conatos
498 661 606 727 hostes
615 661 720 726 fundit
729 660 896 748 fugatque,
910 671 1067 747 tantumqu

146 757 272 842 pavoris
290 756 424 822 Faliscis
446 756 596 823 iniectum
619 765 680 833 est,
704 765 740 820 ut
762 755 865 821 effusa
886 755 966 843 fuga
988 767 1067 822 castr

112 872 128 920 8
148 873 229 935 quae
247 851 394 936 propiora
411 861 513 929 erant,
532 850 663 936 praelati
681 849 791 915 urbem
808 860 961 936 peterent.
988 852 1068 916 mult

147 948 374 1031 vulneratique,
393 946 577 1033 priusquam
590 955 742 1031 paventes
755 945 853 1032 portis
867 946 1051 1013 inciderent.

147 1052 252 1129 capta,
275 1043 393 1128 praeda
410 1042 451 1107 ad
468 1051 651 1125 quaestores
669 1041 797 1107 redacta
814 1063 887 1105 cum
908 1065 1029 1128 magna
1049 1066 1067 1107 n

145 1135 207 1202 ira:
236 1137 291 1201 sed
315 1136 481 1200 severitate
503 1135 627 1220 imperii
648 1135 724 1200 victi
740 1135 874 1202 eandem
892 1135 1067 1201 virtutem<

114 1250 128 1297 9
145 1239 217 1298 rant
234 1242 266 1296 et
283 1230 487 1298 mirabantur.
523 1230 647 1296 obsidio
664 1230 738 1297 inde
756 1229 843 1296 urbis
866 1240 898 1295 et
919 1231 1067 1297 munitior

87 1382 90 1399 .
146 1325 304 1393 interdum
321 1349 378 1412 per
395 1325 594 1392 occasionem
612 1325 748 1409 impetus
767 1325 997 1410 oppidanorum
1015 1325 1067 1389 inss

146 1443 205 1487 uas
227 1421 377 1486 stationes
400 1419 581 1506 proeliaque
602 1442 700 1504 parva
717 1418 784 1484 fieri
802 1430 834 1482 et
851 1420 910 1485 teri
926 1429 1053 1505 tempus

146 1514 296 1581 inclinata
318 1537 388 1600 spe,
423 1538 496 1580 cum
522 1515 714 1578 frumentum
740 1513 911 1599 copiaeque
938 1513 1019 1579 aliae
1046 1537 1067 1578 e:

93 1655 112 1671 ,-
149 1619 301 1675 convecto
318 1609 438 1694 largius
457 1609 595 1674 obsessis
614 1629 709 1691 quam
728 1606 945 1672 obsidentibus
969 1607 1067 1693 subpe

98 1722 131 1770 10
148 1702 375 1787 videbaturque
393 1725 493 1787 aeque
512 1703 677 1767 diuturnus
694 1701 819 1767 futurus
837 1701 927 1766 labor
945 1725 982 1766 ao
997 1702 1067 1767 Veii

89 1879 94 1887 Β
148 1808 210 1876 set,
229 1799 263 1861 ni
281 1798 408 1863 fortuna
424 1798 604 1884 imperatori
617 1797 761 1863 Romano
776 1797 870 1861 simul
884 1808 915 1861 et
928 1798 1067 1883 cognitae

146 1891 267 1958 belbeis
286 1893 409 1957 virtutis
429 1893 587 1977 specimen
606 1903 637 1957 et
654 1904 809 1955 maturam
827 1891 990 1956 victoriam
1009 1893 1067 1957 ded

114 2007 128 2053 1
211 1985 363 2050 XXVH.
391 1986 466 2050 Mos
480 1998 546 2050 erat
559 1986 693 2050 Faliscis
712 1987 823 2050 eodem
840 1987 995 2072 magistro
1014 1987 1067 2053 lib<

148 2089 180 2144 et
197 2079 311 2144 comite
329 2080 388 2158 uti,
413 2079 568 2162 simulque
585 2080 691 2165 plures
710 2080 812 2165 pueri,
837 2080 923 2163 quod
940 2080 1036 2146 hodie
1059 2105 1067 2145 (

147 2173 181 2237 in
196 2169 332 2238 Graecia
345 2186 464 2250 manet,
483 2173 576 2239 unius
592 2197 684 2238 curae
698 2173 977 2239 demandabantur.
1006 2176 1067 2260 prir

148 2266 278 2346 liberos,
307 2268 388 2332 sicut
409 2268 476 2333 fere
498 2268 546 2346 fit,
575 2269 629 2351 qui
652 2268 782 2333 scientia
803 2268 970 2333 videbatur
995 2292 1067 2354 prae

113 2385 129 2432 2
148 2361 318 2427 erudiebat.
354 2363 381 2427 is
405 2385 477 2427 cum
499 2363 532 2426 in
550 2385 627 2448 pace
644 2363 832 2427 instituisset
848 2385 964 2448 pueros
983 2374 1056 2427 ante

146 2457 236 2522 lusus
252 2458 479 2541 exercendique
492 2482 588 2523 causa
601 2458 782 2542 producere,
802 2456 878 2520 nihil
893 2479 930 2521 eo
945 2480 1034 2522 more
1047 2481 1067 2542 p

147 2560 272 2637 tempus
291 2553 469 2617 intermisso
488 2553 592 2636 (dum)
607 2552 701 2616 modo
716 2551 911 2616 brevioribus
926 2553 1023 2616 modo
1037 2552 1067 2616 lo

147 2645 207 2711 bus
227 2646 336 2731 spatiis
355 2647 507 2711 trahendo
526 2670 580 2711 eos
599 2670 619 2710 a
635 2658 739 2731 porta,
759 2646 832 2710 lusu
851 2646 1067 2730 sermonibusq

147 2741 234 2805 riatis
244 2740 369 2826 longius
381 2741 481 2817 solito,
497 2741 551 2804 ubi
564 2764 613 2806 res
628 2740 723 2817 dedit,
737 2763 924 2826 progressus
938 2741 1021 2804 inter
1035 2754 1067 2805 st:

149 2856 203 2898 eos
230 2834 368 2898 bostium
395 2849 559 2918 castraque
585 2836 657 2899 inde
683 2835 828 2898 Romana
858 2836 891 2898 in
921 2837 1067 2919 praetorii

114 2952 129 2998 3
149 2927 319 2994 Camillum
334 2928 489 3013 perduxit.
522 2929 566 2994 ibi
585 2928 718 2993 scelesto
737 2930 870 2995 facinori
887 2929 1067 2995 scelestiora

112 3045 273 3094 emonem
295 3023 395 3101 addit,
418 3023 559 3088 Falerios
584 3046 617 3088 se
639 3024 673 3087 in
695 3047 807 3087 manus
826 3023 980 3088 Romanis
1004 3027 1067 3088 trat'

146 3118 273 3201 quando
300 3140 354 3182 eos
382 3141 511 3202 pueros,
544 3141 678 3200 quorum
704 3128 850 3203 parentes
878 3119 982 3203 capita
1008 3118 1054 3183 ibi

113 3237 129 3283 5
147 3212 223 3292 sint,
246 3212 279 3276 in
296 3223 484 3299 potestatem
502 3214 664 3277 dediderit.
702 3235 782 3296 quae
801 3213 855 3276 ubi
874 3213 1031 3278 Camillus
1050 3238 1067 3277 a

148 3315 226 3374 ‘non
239 3309 280 3372 ad
294 3309 441 3372 similem’
459 3309 560 3392 inquit
579 3309 638 3371 ‘tui
651 3330 710 3372 nec
723 3308 875 3392 populum
889 3331 948 3372 nec
962 3309 1067 3393 imper:

112 3403 299 3478 ascelestus
326 3404 395 3488 ipse
422 3427 494 3468 cum
521 3405 653 3470 scelesto
680 3424 809 3467 munere
835 3403 959 3467 venisti.
995 3402 1067 3468 nobi

146 3497 281 3567 Faliscis
315 3520 395 3581 quae
413 3511 506 3585 paeto
520 3499 556 3563 fit
568 3499 707 3563 humano
736 3498 869 3563 societas
883 3521 948 3563 non
961 3511 1023 3576 est,
1035 3537 1067 3546 -

145 3593 342 3679 ingeneravit
364 3604 489 3672 natura,
517 3594 681 3677 utriusque
704 3604 752 3657 est
779 3593 908 3677 eritque.
951 3608 1024 3657 sunt
1051 3615 1067 3656 e

147 3687 228 3751 sieut
249 3688 337 3773 pacis
354 3689 437 3766 iura,
460 3689 603 3774 iusteque
623 3712 660 3752 ea
677 3711 741 3752 non
759 3688 862 3752 minus
882 3710 978 3771 quam
996 3687 1067 3752 forti

114 3805 128 3852 7
146 3783 280 3848 dicimus
294 3807 412 3871 gerere.
440 3810 527 3851 arma
540 3786 693 3851 habemus
707 3808 770 3849 non
784 3785 936 3849 adversus
951 3807 1020 3849 eam
1034 3805 1067 3848 ae

146 3878 198 3944 cui
215 3880 309 3947 ctiam
328 3881 427 3967 captis
447 3881 576 3946 urbibus
591 3882 736 3967 parcitur,
757 3879 813 3944 sed
826 3880 978 3945 adversus
993 3901 1067 3943 arma

146 3973 249 4059 ipsos,
273 3976 327 4060 qui
348 3998 408 4041 nec
429 3976 508 4042 laesi
529 4000 588 4042 nec
609 3976 747 4042 lacessiti
769 3976 896 4040 anobis
916 3985 1017 4040 castra
1033 3972 1067 4037 R«
