2566 4524
149 256 213 322 366
359 267 478 321 nmnn
495 265 565 338 vn,
584 265 625 321 15.
640 266 682 320 rc.
702 265 972 338 [auerso-ase]

98 449 131 498 18
148 425 290 514 patribus
309 433 376 490 tum
393 424 529 510 primum
547 425 589 490 ad
605 424 758 510 populum
774 422 874 490 latum
893 434 956 505 est,
977 447 1079 511 eaque
1090 450 1172 518 roga·

147 524 232 588 tione
242 544 396 598 novorum
404 520 541 585 maxime
550 519 712 585 hominum
726 519 939 600 ambitionem,
954 522 1012 606 qui
1023 523 1168 590 nundinas

149 627 180 683 et
193 614 400 683 conciliabula
413 613 499 680 obire
514 614 597 680 soliti
611 622 711 693 erant,
730 636 934 702 conpressam
949 615 1126 684 credebant

116 734 130 781 1
213 709 310 776 XVI.
346 708 445 774 Haud
463 730 562 793 aeque
580 708 663 774 laeta
679 708 822 795 patribus
840 709 1023 795 insequenti
1040 733 1118 778 anno
1134 708 1163 778 C.

148 805 286 883 Marcio,
311 803 371 871 Cn.
390 802 513 869 Manlio
532 803 713 869 consulibus
732 805 772 869 de
789 804 929 870 unciario
947 805 1078 871 faenore
1094 802 1162 871 all

147 898 273 976 Duilio,
290 898 333 962 L.
347 897 497 962 Menenio
515 896 647 962 tribunis
665 896 767 985 plebis
784 898 907 985 rogatio
925 908 976 964 est
992 898 1119 985 perlata·
1137 906 1162 964 et
1203 920 1207 981 ,·

147 993 250 1080 plebis
268 991 427 1076 aliquanto
446 1014 516 1057 eam
534 991 679 1078 cupidius
698 991 790 1057 scivit
807 989 968 1078 (accepit).
1204 990 1207 1055 ἓ

114 1110 130 1158 2
213 1085 268 1152 Ad
294 1084 377 1152 bella
401 1109 484 1151 nova
508 1085 612 1173 priore
633 1107 715 1150 anno
737 1085 892 1151 destinata
912 1085 1038 1152 Falisci
1056 1105 1160 1171 quoque
1200 1058 1207 1147 l

30 1220 32 1226 ·
148 1182 256 1247 hostes
279 1181 379 1246 exorti
396 1180 515 1268 duplici
532 1179 674 1258 crimine,
698 1180 784 1264 quod
802 1188 833 1245 et
851 1202 923 1245 cum
941 1179 1160 1265 Tarquiniensi·
1202 1186 1207 1259 l

148 1275 209 1342 bus
232 1276 379 1342 iuventus
402 1297 511 1340 eorum
531 1273 719 1339 militaverat
736 1284 768 1340 et
785 1296 854 1353 eos,
877 1275 932 1358 qui
949 1273 1091 1342 Falerios
1105 1296 1162 1361 per·
1193 1262 1207 1383 J

149 1373 310 1460 fugerant,
330 1395 403 1439 cum
419 1370 501 1435 male
518 1379 694 1458 pugnatum
708 1379 769 1449 est,
788 1370 1004 1458 repetentibus
1018 1369 1160 1436 fetialibus

115 1486 130 1533 3
148 1467 301 1533 Romanis
324 1489 388 1532 non
409 1464 618 1532 reddiderant.
654 1488 693 1531 ea
713 1465 875 1552 provincia
899 1465 959 1532 Cn.
979 1465 1100 1533 Manlio
1118 1465 1162 1533 ob·

149 1563 243 1627 venit.
279 1561 421 1648 Marcius
440 1560 610 1626 exercitum
623 1560 656 1624 in
669 1583 781 1648 agrum
789 1559 1009 1626 Privernatem
1023 1563 1162 1650 integrum

148 1677 227 1741 pace
252 1653 424 1742 longinqua
449 1654 572 1720 induxit
597 1653 790 1739 militemque
814 1655 932 1741 praeda
958 1656 1097 1742 inplevit
1131 1652 1162 1721 ad

150 1749 273 1836 copiam
290 1772 395 1816 rerum
413 1749 533 1815 addidit
550 1748 808 1828 munificentiam,
828 1752 914 1833 quod
929 1750 1010 1815 nihil
1027 1751 1061 1815 in
1076 1748 1162 1839 publi·

115 1865 132 1913 4
149 1867 222 1909 cum
245 1845 436 1910 secernendo
459 1843 587 1931 augenti
607 1865 675 1908 rem
695 1843 850 1930 privatam
871 1844 964 1909 militi
986 1845 1075 1911 favit.
1106 1842 1163 1909 Pri·

149 1948 294 2003 vernates
317 1960 389 2003 cum
412 1946 483 2002 ante
505 1937 630 2003 moenia
652 1960 710 2002 sua
731 1938 842 2003 castris
863 1940 1052 2024 permunitis
1071 1944 1163 2006 conse·

149 2032 283 2110 dissent,
317 2032 438 2097 vocatis
470 2032 511 2097 ad
537 2033 714 2098 contionem
740 2031 905 2113 militibus,
940 2040 1060 2101 ‘castra
1083 2029 1162 2099 nuuc'

148 2125 251 2209 inquit
269 2124 374 2192 ‘vobis
391 2126 531 2192 hostium
549 2127 721 2214 urbemque
732 2128 867 2214 praedae
881 2128 936 2206 do,
957 2129 986 2193 si
998 2130 1078 2194 mihi
1088 2126 1164 2216 polli-

149 2220 278 2299 cemini,
296 2244 354 2287 vos
367 2221 489 2287 fortiter
501 2222 535 2286 in
548 2222 615 2287 acie
633 2244 762 2309 operam
778 2231 948 2289 navaturos
966 2247 1028 2290 nec
1044 2223 1163 2312 praedae

115 2337 130 2384 5
149 2316 251 2403 magis
265 2339 360 2402 quam
373 2339 499 2403 pugnae
512 2326 638 2403 paratos
652 2319 742 2383 esse?
770 2319 895 2404 signum
908 2329 1047 2404 poscunt
1059 2314 1162 2407 ingenti

118 2446 121 2450 ⁴
149 2409 284 2476 clamore
306 2412 444 2495 celsique
467 2420 498 2476 et
521 2433 577 2497 spe
599 2410 684 2475 haud
707 2410 803 2476 dubia
824 2412 946 2478 feroces
968 2413 1004 2477 in·
1025 2413 1163 2499 proelium

148 2506 277 2571 vadunt.
313 2506 357 2571 ibi
376 2515 447 2571 ante
467 2506 558 2592 signa
577 2502 652 2571 Sex.
672 2504 811 2583 Tullius,
830 2505 869 2571 de
887 2528 951 2590 quo
970 2509 1163 2573 antedictum

149 2610 206 2678 est,
225 2599 393 2668 exclamat:
414 2601 543 2686 ‘aspice
562 2600 750 2686 imperator,’
764 2601 865 2684 inquit
899 2601 1164 2685 ‘quemadmodum

148 2695 303 2760 exercitus
317 2705 390 2760 tuus
404 2694 461 2759 tibi
474 2694 630 2781 promissa
643 2695 799 2780 praestet'
811 2696 938 2781 piloque
952 2698 1058 2781 posito
1073 2697 1164 2763 stricto

115 2810 130 2857 6
148 2789 255 2875 gladio
272 2789 306 2852 in
322 2788 447 2853 hostem
464 2788 616 2875 impeturn
638 2789 723 2854 facit.
760 2799 908 2855 secuntur
926 2789 1071 2856 Tullium
1093 2799 1165 2856 ante·

149 2883 274 2968 signani
292 2905 400 2949 omnes
418 2885 581 2970 primoque
598 2885 719 2971 impetu
741 2894 880 2951 avertere
902 2884 1045 2965 hostem3
1073 2886 1165 2952 fusum

148 2976 221 3042 inde
239 2977 280 3042 ad
293 2977 444 3065 oppidum
456 2979 626 3066 persecuti,
646 3000 719 3042 cum
736 2979 799 3043 iam
818 2978 919 3044 scalas
938 2980 1106 3046 moenibus
1122 2977 1166 3045 ad

148 3082 323 3152 moverent,
340 3073 374 3137 in
387 3073 577 3138 deditionem
589 3071 701 3138 urbem
718 3081 915 3159 acceperunt.
948 3073 1124 3161 triumphus
1135 3071 1165 3137 de

115 3188 129 3235 r
147 3164 384 3233 Privernatibus
407 3177 505 3232 actus.
542 3165 582 3232 ab
605 3166 702 3232 altero
725 3166 853 3232 consule
875 3165 954 3231 nihil
976 3164 1165 3234 memorabile

148 3271 288 3349 gestum,
314 3262 377 3327 nisi
399 3262 485 3346 quod
506 3262 610 3347 legem
630 3284 713 3327 novo
740 3261 885 3348 exemplo
912 3261 954 3326 ad
977 3259 1120 3328 Sutrium
1140 3258 1166 3324 in

148 3357 259 3421 castris
282 3356 422 3422 tributim
440 3356 480 3422 de
497 3356 670 3422 vicensima
688 3378 810 3434 eorum,
833 3356 888 3440 qui
905 3378 1004 3420 manu
1023 3358 1165 3422 mitteren-

148 3458 212 3527 tur,
244 3450 324 3514 tulit.
358 3461 479 3536 patres,
511 3451 586 3535 quia
611 3473 650 3516 ea
674 3450 746 3538 lege
771 3449 858 3514 haud
883 3472 1019 3535 parvum
1046 3443 1164 3535 vectigal

114 3541 234 3628 sinopi
260 3544 379 3609 aerario
405 3545 547 3611 additum
573 3553 671 3625 esset,
699 3554 843 3611 auctores
865 3543 1004 3610 fuerunt.
1042 3556 1164 3611 ceterum

149 3634 265 3702 tribuni
286 3638 388 3723 plebis
405 3663 469 3706 non
486 3649 552 3705 tam
568 3638 641 3728 lege
658 3661 754 3724 quam
772 3638 916 3725 exemplo
934 3640 1028 3719 moti,
1052 3663 1091 3706 ne
1107 3635 1162 3723 quit

147 3740 259 3818 postea
278 3733 430 3820 populum
453 3744 627 3813 sevocaret,
655 3736 757 3821 capite
780 3743 967 3801 sanxerunt:
994 3734 1075 3800 nihil
1094 3731 1162 3798 enim

148 3850 212 3893 non
232 3849 289 3914 per
309 3828 423 3895 milites
445 3830 564 3898 iuratos
585 3830 620 3894 iu
641 3830 779 3895 consulis
798 3829 894 3895 verba
912 3830 1059 3913 quamvis
1074 3822 1161 3914 perui·

148 3922 270 3989 ciosum
287 3923 418 4010 populo,
437 3925 464 3990 si
481 3925 515 3990 id
530 3925 651 4001 liceret,
670 3924 745 3989 ferri
762 3947 866 4010 posse.

114 4036 130 4084 9
211 4017 337 4084 Eodem
354 4041 437 4084 anno
456 4018 495 4086 O.
513 4020 658 4086 Licinius
678 4017 768 4086 Stolo
786 4044 806 4084 a
822 4018 870 4084 M.
890 4018 1015 4106 Popilio
1033 4018 1158 4083 Laenate
