2566 4524
334 280 454 336 alasa
471 281 507 354 v,
527 280 569 336 15.
588 280 810 353 [acroama]
1028 269 1093 338 267

121 440 202 510 XV.
237 439 390 526 Prodigia
406 440 531 505 interim
548 439 647 506 mults
664 441 857 519 nuntiavere,
876 462 1010 524 quorum
1026 442 1094 528 ple-
1112 463 1127 512 1

77 558 155 621 aque
179 545 210 601 et
232 535 308 619 quia
331 533 448 620 singuli
469 543 613 600 auctores
632 544 721 600 erant
742 557 854 621 parum
872 535 990 602 credita
1007 558 1095 622 spre-

77 653 151 715 aque
171 639 203 696 et
221 629 296 714 quia
312 627 456 693 hostibus
474 627 634 707 Etruscis,
652 651 710 715 per
727 651 807 712 quos
826 651 864 694 ea
880 641 1092 716 procurarent,

77 725 242 811 aruspices
259 746 323 788 non
342 731 438 788 erant.
460 724 495 787 in
511 745 610 788 unum
625 723 766 789 omnium
779 747 872 789 curae
885 747 996 791 versae
1011 735 1092 803 sunt,
1111 746 1127 794 2

77 820 142 903 uod
159 818 250 884 lacus
268 818 301 882 in
318 815 446 883 Albano
464 840 591 883 nemore
610 818 677 882 sine
696 817 767 883 ullis
792 818 979 885 caelestibus
1003 819 1094 903 aquis

77 935 196 979 ausave
213 935 277 996 qua
294 911 369 990 alia,
396 934 477 996 quae
494 935 562 977 rem
579 911 730 978 miraculo
748 912 912 991 eximeret,
938 914 972 977 in
990 904 1095 978 altitu-

77 1010 164 1075 inem
181 1007 342 1073 insolitam
360 1008 466 1073 crevit.
494 1007 645 1092 quidnam
663 1030 700 1074 eo
719 1008 770 1073 die
787 1010 1008 1093 portenderent
1022 1032 1094 1095 pro·
1112 1027 1127 1074 3

77 1104 154 1191 igIo,
173 1102 265 1168 missi
284 1102 476 1167 sciscitatum
495 1111 632 1167 oratores
651 1102 692 1166 ad
708 1101 902 1187 Delphicum
921 1103 1092 1168 oraculum.

77 1199 117 1263 ed
132 1198 262 1284 propior
279 1195 432 1282 interpres
450 1196 525 1261 fatis
548 1195 672 1262 oblatus
691 1197 795 1262 senior
817 1196 945 1280 quidam
963 1195 1091 1275 Veiens,
1111 1217 1129 1263 4

77 1292 117 1375 qui
132 1293 210 1356 inter
228 1290 410 1355 cavillantes
428 1290 462 1354 in
480 1289 665 1355 stationibus
684 1313 721 1354 ao
735 1291 886 1355 custodiis
901 1291 1015 1355 milites
1029 1291 1095 1356 Ro-

77 1407 171 1451 nanos
189 1384 409 1467 Etruscosque
426 1384 623 1448 vaticinantis
641 1385 675 1448 in
692 1385 821 1448 modum
839 1384 965 1462 cecinit,
992 1383 1095 1470 prius-

77 1502 154 1562 quam
173 1501 214 1543 cx
230 1479 303 1542 lacu
320 1477 448 1543 Albano
467 1500 548 1562 aqua
567 1479 685 1543 emissa
702 1478 797 1556 foret,
821 1499 995 1562 numquam
1012 1479 1094 1564 poti-

77 1595 166 1637 urum
184 1571 274 1637 Veiis
292 1572 482 1637 Romanum.
519 1573 603 1655 quod
620 1572 721 1657 primo
739 1572 826 1636 velut
844 1582 960 1637 temere
977 1572 1094 1654 iactum
1113 1593 1129 1642 5

77 1667 175 1752 sperni,
195 1666 307 1753 agitari
320 1665 433 1730 deinde
448 1664 644 1730 sermonibus
659 1675 805 1750 coeptum
819 1677 877 1743 est,
897 1667 999 1733 donec
1011 1689 1093 1732 unus

77 1783 105 1826 rx
120 1760 253 1826 statione
265 1760 412 1825 Romana
428 1768 648 1845 percunctatus
662 1760 841 1845 proximum
856 1761 1092 1845 oppidanorum,

77 1858 126 1920 'am
141 1876 199 1941 per
218 1854 482 1941 longinquitatem
504 1853 579 1918 belli
601 1855 776 1918 conmercio
795 1876 975 1919 sermonum
997 1854 1093 1933 facto,

78 1949 207 2032 quisnam
224 1949 251 2014 is
271 1958 364 2027 esset,
383 1949 439 2032 qui
455 1970 512 2033 per
525 1946 675 2035 ambages
690 1949 730 2013 de
742 1948 814 2014 lacu
828 1947 957 2014 Albano
969 1948 1094 2026 iaceret,

81 2057 229 2128 postquam
248 2042 368 2107 audivit
388 2041 586 2128 haruspicem
610 2063 694 2120 esse,
722 2043 770 2107 vir
792 2042 878 2107 haud
898 2042 1007 2108 intacti
1023 2043 1096 2108 reli-
1114 2063 1128 2112 6

83 2133 157 2220 gione
174 2137 283 2214 animi,
307 2145 453 2202 causatus
471 2136 511 2202 de
528 2136 642 2222 privati
659 2137 794 2222 portenti
811 2137 1043 2222 procuratione,
1068 2135 1096 2202 si

86 2249 179 2313 operae
200 2231 246 2295 illi
268 2240 366 2308 esset,
394 2229 557 2296 consulere
579 2229 674 2307 velle,
702 2229 743 2294 ad
766 2230 968 2313 conloquium
988 2240 1095 2295 vatem

88 2320 178 2390 obtuit.
213 2347 347 2409 cumque
363 2323 524 2411 progressi
541 2323 635 2389 ambo
653 2347 673 2387 a
690 2323 756 2388 suis
773 2321 900 2409 longius
924 2333 1030 2388 essent
1047 2324 1094 2388 in·
1115 2347 1129 2391 ⁷

88 2437 167 2486 emes
184 2420 251 2486 sine
268 2419 333 2485 ullo
351 2429 447 2498 metu,
464 2417 649 2505 praevalens
668 2417 790 2482 iuvenis
805 2417 969 2484 Romanus
988 2440 1096 2483 senem

87 2509 221 2580 infirmum
237 2515 271 2579 in
289 2523 459 2602 conspectu
477 2514 618 2578 omnium
634 2523 760 2599 raptum
777 2514 967 2598 nequiquam
981 2513 1096 2578 tumul·

90 2609 223 2676 uatibus
242 2609 387 2675 Etruscis
405 2609 448 2674 ad
465 2631 540 2674 suos
558 2608 726 2673 transtulit.
763 2607 907 2692 quicum
925 2608 1095 2695 perductus
1114 2628 1130 2678 8

89 2699 360 2789 adimperatorem‚
390 2703 464 2767 inde
483 2702 620 2768 Romam
641 2702 682 2767 ad
701 2711 845 2767 senatum
867 2702 983 2768 missus
1002 2711 1096 2781 esset,

89 2792 306 2876 suscitantibus,
326 2797 476 2881 quidnam
493 2796 528 2861 id
544 2804 638 2874 esset,
657 2797 743 2882 quod
761 2796 801 2861 de
814 2797 885 2863 lacu
898 2795 1026 2863 Albano
1040 2797 1096 2862 do-

89 2886 191 2970 cuisset,
209 2891 380 2978 respondit,
398 2891 541 2977 profecto
557 2889 654 2956 iratos
672 2892 750 2957 deos
763 2890 891 2957 Veienti
907 2892 1024 2979 populo
1042 2891 1096 2956 illo
1114 2912 1129 2960 s

89 2975 168 3050 fuisse
183 2987 243 3066 die,
260 3009 324 3071 quo
343 2986 403 3052 sibi
421 3009 492 3053 eam
509 2995 646 3052 mentem
664 2986 868 3066 obiecissent,
887 2997 922 3053 ut
940 2988 1098 3053 excidium

90 3077 185 3156 pluite
201 3080 298 3146 fatale
315 3081 470 3167 proderet.
505 3081 612 3166 itaque
630 3090 798 3164 quactum
820 3082 967 3146 cecinerit
989 3081 1095 3147 divino
1116 3101 1147 3150 ιο
1217 3145 1220 3148 .

95 3167 179 3252 opitu
193 3175 370 3254 instinctus,
390 3199 428 3242 ea
445 3198 479 3241 se
496 3196 556 3241 neo
573 3185 608 3240 ut
624 3176 742 3240 indicta
756 3175 818 3240 sint
830 3196 977 3240 revocare
989 3196 1094 3260 posse,

92 3268 242 3336 eluendo
255 3270 396 3349 forsitan,
416 3292 497 3355 quae
510 3270 543 3334 di
556 3269 736 3336 inmortales
750 3269 873 3356 vulgari
886 3269 993 3346 velint,
1011 3267 1097 3332 haud

89 3355 174 3427 minus
197 3387 292 3450 quarn
314 3364 445 3431 celanda
466 3364 593 3430 effando
619 3365 709 3430 nefas
738 3364 887 3430 contrahi.
929 3363 975 3430 sic
1001 3362 1098 3451 igitur
1116 3384 1147 3432 11

91 3445 160 3520 libris
178 3458 339 3537 fatalibus,
367 3458 413 3524 sic
435 3458 601 3544 disciplina
621 3458 759 3524 Etrusca
781 3459 929 3524 traditum
951 3480 1036 3537 esse,
1063 3467 1098 3522 ut

94 3551 194 3648 qtlsndo
211 3575 294 3638 aqua
311 3552 439 3618 Albana
460 3552 666 3632 abundasset,
691 3565 772 3632 tum,
796 3553 824 3618 si
846 3575 917 3619 eam
933 3553 1096 3620 Romanus

94 3645 138 3703 nte
151 3647 311 3726 emisisset,
331 3648 492 3713 victoriam
510 3648 550 3713 dc
567 3646 755 3714 Veientibus
772 3647 853 3727 dari,
878 3657 1047 3732 antequam
1064 3646 1097 3711 id
1127 3683 1129 3687 ·

96 3725 145 3812 flii,
166 3741 237 3809 deos
258 3744 383 3811 moenia
399 3742 579 3809 Veientium
602 3744 780 3809 deserturos
802 3766 866 3807 non
889 3765 969 3808 esse.
1005 3760 1147 3808 exse-12

97 3828 222 3903 tuebatur
237 3837 320 3916 inde,
339 3859 420 3922 quae
438 3838 597 3904 sollemnis
616 3838 768 3904 derivatio
787 3848 879 3904 esset.
917 3837 973 3902 sed
990 3844 1097 3899 aucto·

92 3933 146 3988 dn
159 3928 254 3999 levem
270 3955 330 3999 neo
348 3934 424 4000 satis
441 3934 541 3999 fidum
564 3957 660 4020 super
681 3943 768 3999 tanta
789 3955 823 3999 re
840 3943 945 4020 patres
966 3930 1026 3995 rati
1043 3929 1098 3993 de-

98 4025 204 4107 erevere,
222 4028 342 4116 legatos
362 4039 523 4117 sortesque
542 4029 658 4097 oraculi
675 4027 803 4115 Pythici
820 4023 1058 4113 exspectandas.
