2566 4524
328 115 683 188 LIBERVHH,11.12.
703 116 858 193 [acero]
1037 106 1102 176 453

68 299 127 366 per
146 275 328 364 pactionem
349 273 483 355 habeas,
510 283 557 342 tot
578 275 664 342 cives
685 273 874 356 incolumes,
897 298 958 364 ego
978 299 1100 364 pacem,

66 394 168 459 quam
184 369 243 437 hos
260 369 319 436 tibi
334 369 520 435 remittendo
541 379 653 455 paetus
676 392 760 448 sum,
784 392 848 436 non
868 367 1018 451 habeam,
1039 372 1101 440 hoe

65 476 112 546 tu,
122 463 168 531 A.
180 463 317 544 Corneli,
331 462 392 530 hoc
405 486 472 542 vos,
487 463 620 542 fetiales,
633 463 711 530 iuris
728 464 876 551 gentibus
890 465 1014 532 dicitis?
1039 489 1099 554 ego
1117 487 1151 540 ιο

63 583 145 628 vero
162 560 253 639 istos,
271 581 351 645 quos
368 557 441 624 dedi
460 559 624 638 simulatis,
642 581 702 625 nec
714 559 834 646 accipio
851 582 911 626 nec
928 560 1001 626 dedi
1017 560 1101 628 arbi-

63 666 146 734 tror,
170 674 365 732 memoror,
388 675 452 738 quo
469 654 574 720 minus
590 653 625 718 in
642 653 800 719 civitatem
817 653 989 743 obligatam
1007 678 1089 743 spon

65 751 160 818 sione
179 747 350 816 commissa
365 746 453 813 iratis
471 747 617 814 omnibus
636 748 710 826 diis,
734 770 868 833 quorum
890 749 1026 816 eluditur
1042 772 1101 816 nu-

62 855 151 923 men,
170 843 311 910 redeant
342 840 442 929 gerite
459 841 588 920 bellum,
606 843 732 927 quando
742 839 799 928 Sp.
808 841 992 909 Postumius
1005 845 1100 912 modo
1120 867 1152 917 11
1256 848 1259 853 ’

60 940 211 1027 legatum
227 935 366 1002 fetialem
383 957 468 1023 genu
484 935 626 1023 perculit.
652 937 698 1001 ita
715 936 760 1002 dii
776 937 913 1016 credent,
925 935 1101 1004 Samnitem

63 1035 172 1101 civem
180 1030 392 1109 Postumium,
410 1051 475 1096 non
488 1031 590 1096 civem
601 1030 782 1097 Romanum
796 1052 866 1097 esse
879 1040 911 1096 et
924 1055 943 1096 a
957 1029 1100 1100 Samnite

61 1129 211 1215 legatum
217 1124 399 1192 Romanum
408 1124 569 1203 violatum,
580 1146 617 1191 eo
626 1123 718 1191 vobis
731 1125 849 1191 iustum
861 1125 895 1191 in
907 1148 966 1192 nos
980 1126 1100 1192 factum

62 1242 141 1289 esse
158 1219 288 1286 bellum.
323 1219 403 1285 haec
419 1218 555 1285 ludibria
575 1220 764 1307 religionum
780 1241 845 1284 non
865 1221 984 1306 pudere
1000 1221 1035 1286 in
1050 1220 1100 1286 lu·
1120 1245 1152 1295 12

61 1338 138 1383 cem
154 1313 296 1401 proferre
313 1323 345 1379 et
362 1313 417 1378 vix
433 1312 539 1399 pueris
557 1313 670 1401 dignas
689 1312 839 1400 ambages
859 1335 957 1381 senes·
969 1337 1007 1381 ac
1025 1337 1100 1381 con-

61 1411 192 1477 sulares
217 1408 375 1475 fallendae
399 1407 474 1473 fidei
496 1408 672 1492 exquirere!
708 1410 733 1488 i,
757 1409 859 1488 lictor,
882 1409 974 1476 deme
995 1410 1099 1476 vincla
1120 1433 1151 1482 13

59 1503 238 1572 Romanis:
260 1510 400 1569 moratus
419 1503 460 1568 ait
476 1525 584 1582 nemo,
602 1525 666 1588 quo
683 1503 788 1569 minus
809 1502 866 1569 ubi
882 1504 988 1570 visum
1004 1504 1099 1570 fuerit

60 1597 204 1668 abeant!
235 1606 267 1663 et
282 1596 329 1662 illi
346 1597 474 1683 quidem
491 1597 624 1663 forsitan
642 1607 673 1663 et
689 1597 825 1684 publica,
845 1621 903 1665 sua
921 1609 1003 1666 certe
1020 1599 1100 1666 libe·

58 1702 136 1761 rata
153 1691 220 1758 fide
238 1691 278 1758 ab
297 1689 420 1757 Caudio
438 1690 471 1756 in
489 1701 592 1756 castra
608 1692 754 1757 Romana
770 1692 912 1758 inviolati
929 1692 1097 1758 redierunt.

131 1786 217 1853 ΧΠ.
242 1783 436 1852 Samnitibus
454 1808 512 1872 pro
527 1786 663 1873 superba
679 1809 757 1873 pace
774 1785 1015 1853 infestissimum
1032 1809 1099 1853 cer·
1117 1806 1132 1856 1

59 1879 217 1949 mentibus
235 1888 379 1946 renatum
400 1879 519 1946 bellum
537 1881 655 1960 omnia,
678 1903 760 1967 quae
782 1881 895 1947 deinde
917 1891 1097 1960 evenerunt,
1129 1875 1132 1879 ’

58 1997 133 2044 non
148 1973 185 2040 in
201 1973 315 2040 animis
333 1973 445 2052 solum,
465 1975 522 2040 sed
538 1996 637 2061 prope
654 1975 688 2039 in
705 1975 804 2041 oculis
823 1997 904 2055 esse,
924 1985 955 2041 et
973 1997 1043 2041 sero
1060 1967 1098 2042 ao
1116 1994 1131 2042 2

59 2069 262 2155 nequiquam
273 2067 402 2135 laudare
417 2069 500 2134 senis
509 2067 617 2134 Pontii
629 2078 761 2153 utraque
775 2071 915 2148 consilia,
924 2071 1006 2137 inter
1018 2093 1099 2155 quae

61 2186 102 2234 se
118 2163 230 2230 media
245 2162 352 2250 lapsos
369 2163 518 2229 victoriae
539 2164 773 2249 possessionem
793 2184 872 2250 pace
894 2163 1012 2229 incerta
1029 2188 1099 2228 mu-

61 2270 165 2340 tasse,
178 2268 212 2327 et
223 2257 368 2327 beneficii
380 2268 412 2325 et
423 2257 570 2324 maleficii
587 2258 750 2324 occasione
768 2258 886 2323 amissa
902 2267 1098 2346 pugnaturos

61 2377 142 2425 cum
159 2353 217 2433 eis,
236 2375 316 2440 quos
333 2353 491 2440 potuerint
507 2352 541 2417 in
557 2361 744 2440 perpetuum
760 2352 812 2416 vel
829 2352 972 2417 inimicos
990 2351 1098 2417 tollere

64 2448 122 2516 vel
133 2448 253 2517 amicos
270 2447 384 2514 fecere.
416 2448 558 2533 adeoque
575 2447 739 2513 nullodum
757 2445 924 2513 certamine
941 2445 1097 2511 inclinatis
1116 2463 1131 2512 c

64 2543 189 2612 viribus
206 2552 280 2631 post
290 2541 467 2610 Caudinam
479 2563 592 2628 paoem
605 2541 701 2607 animi
718 2549 925 2619 mutaverant,
939 2549 975 2606 ut
989 2539 1099 2614 clario-

10 2670 17 2677 ··
64 2659 134 2706 rem
152 2637 237 2704 inter
246 2636 408 2704 Romanos
426 2635 544 2702 deditio
556 2635 758 2702 Postumium
775 2656 870 2720 quam
882 2633 1034 2699 Pontium
1050 2633 1099 2699 in·

10 2754 30 2771 ··
66 2741 199 2799 cruenta
211 2731 341 2799 victoria
353 2731 434 2796 inter
448 2728 607 2797 Samnites
620 2730 738 2796 faceret
751 2738 782 2796 et
793 2729 862 2816 geri
873 2749 967 2816 posse
981 2726 1098 2795 bellum
1115 2737 1132 2785 4

65 2825 207 2893 Romani
226 2848 285 2912 pro
308 2824 440 2892 victoria
461 2833 547 2890 certa
567 2822 733 2903 haberent,
753 2821 912 2890 Samnites
935 2821 1029 2890 simul
1049 2843 1099 2888 re-

10 2932 21 2973 ὲ
66 2918 205 2987 bellasse
224 2929 256 2985 et
272 2918 386 2985 vicisse
404 2918 567 2984 crederent
582 2918 772 2983 Romanum.

133 3014 224 3080 Inter
243 3012 323 3080 haec
342 3011 499 3080 Satricani
519 3013 561 3079 ad
584 3010 743 3079 Samnites
765 3009 947 3076 defecerunt
969 3017 1000 3073 et
1020 3008 1132 3076 Fre-5

67 3108 172 3198 geilae
190 3107 314 3177 colonia
330 3108 516 3195 necopinato
535 3108 673 3174 adventu
691 3103 882 3174 Samnitium
894 3141 936 3152 -
948 3102 1049 3169 fuisse
1067 3111 1099 3167 et

67 3201 252 3273 Satricanos
279 3223 352 3270 oum
377 3202 417 3267 iis
444 3202 521 3268 satis
548 3210 730 3268 constat-
746 3207 839 3265 nocte
862 3205 1016 3284 occupata
1039 3204 1097 3263 est.

10 3358 12 3363 .
65 3297 164 3365 timor
183 3297 258 3364 inde
279 3306 409 3364 mutuus
430 3307 581 3380 utrosque
602 3317 704 3380 usque
722 3294 763 3360 ad
783 3293 886 3360 lucem
904 3291 1028 3377 quietos
1052 3299 1099 3357 te-

64 3392 151 3459 nuit:
179 3391 236 3458 lux
252 3412 380 3480 pugnae
397 3390 522 3457 initium
538 3389 612 3468 fuit,
631 3411 726 3474 quam
744 3387 936 3474 aliquamdiu
953 3384 1096 3472 aequam,
1115 3403 1130 3452 6
1224 3463 1226 3466 ⁴

16 3534 25 3563 ,-
65 3498 100 3555 et
116 3486 194 3574 quia
209 3508 268 3574 pro
285 3487 347 3553 aris
365 3508 403 3552 ac
419 3485 500 3552 focis
518 3483 724 3550 dimicabatur
742 3492 773 3549 et
790 3483 864 3567 quia
877 3504 918 3548 ex
934 3482 1024 3548 tectis
1043 3480 1099 3546 ad-

30 3579 34 3587 ’
65 3580 199 3650 iuvabat
215 3580 340 3648 inbellis
357 3579 534 3658 multitudo,
552 3588 659 3644 tamen
675 3576 854 3664 Fregellani
873 3577 1096 3643 sustinuerunt.

66 3674 159 3745 fraus
176 3674 290 3743 deinde
307 3697 374 3741 rem
391 3673 566 3751 inclinavit,
584 3672 671 3757 quod
687 3693 798 3737 vocem
816 3671 917 3736 audiri
932 3668 1095 3755 praeconis
1114 3686 1130 3739 a

18 3770 25 3777 “
66 3769 157 3860 passi
180 3780 267 3849 sunt,
288 3768 477 3837 incolumem
499 3766 656 3834 abiturum
673 3765 729 3851 qui
749 3789 836 3831 arma
857 3764 1023 3851 posuisset.
1059 3781 1097 3824 ea

66 3887 145 3955 apes
162 3865 284 3934 remisit
301 3888 322 3932 a
338 3864 505 3932 certamine
528 3864 663 3941 animos,
687 3872 718 3927 et
739 3861 859 3948 passim
880 3880 967 3923 arma
987 3854 1096 3919 iactari
