2566 4524
395 262 512 326 mesa
528 262 688 333 11‚58.59.
707 261 858 334 [actu]
1078 252 1140 317 119

169 419 300 488 LVIH.
337 419 420 484 Tum
446 420 583 507 primum
605 420 728 489 tributis
751 421 885 487 comitiis
908 423 1002 488 creati
1025 421 1140 488 tribuni
1159 445 1173 494 1

106 525 188 582 sunt
226 537 359 581 numero
385 515 480 581 etiam
502 515 625 582 additos
648 525 728 598 tres,
751 515 882 602 perinde
903 539 941 582 ao
963 517 1026 584 duo
1048 527 1141 583 antea

106 611 237 690 fuerint,
260 609 339 675 Piso
361 604 549 676 auctorest.
584 610 724 675 nominat
746 633 872 696 quoque
893 610 1049 678 tribunos:
1078 611 1173 683 Ona

109 705 264 783 Siccium,
288 706 329 770 L.
348 704 571 783 Numitorium,
595 702 643 769 M.
661 704 838 784 Duellium,
863 704 920 793 Sp.
938 707 1077 787 Icilium,
1095 710 1137 774 L.

106 799 302 867 Maecilium.

166 892 327 961 Volscum
338 891 580 979 Aequicumque
597 895 677 959 inter
695 895 880 960 seditionem
893 895 1071 963 Romanam
1089 906 1138 962 est
1156 919 1171 966 e

105 988 224 1056 bellum
248 998 398 1054 coortum.
434 998 634 1054 vastaverant
655 1012 763 1076 agros,
790 998 838 1068 ut,
866 990 895 1054 si
916 1012 980 1073 qua
1001 991 1137 1057 secessio

104 1084 206 1170 plebis
230 1083 335 1162 fieret,
361 1084 403 1148 ad
425 1105 459 1147 se
480 1093 641 1169 receptum
663 1082 807 1164 haberet3
833 1085 1004 1171 conpositis
1023 1086 1136 1150 deinde

103 1179 213 1256 rebus,
234 1187 338 1244 castra
350 1187 432 1243 retro
445 1200 581 1244 movere.
608 1177 672 1264 Ap.
688 1177 843 1244 Claudius
860 1179 894 1244 in
906 1178 1042 1245 Volscos
1061 1181 1137 1245 mis·
1154 1204 1171 1251 4

105 1297 173 1351 sus,
201 1273 353 1356 Quinctio
370 1271 477 1357 Aequi
502 1272 664 1359 provincia
689 1274 802 1339 evenit.
838 1273 949 1339 eadem
970 1274 1004 1338 in
1024 1275 1136 1341 militia

104 1368 235 1433 saevitia
253 1367 342 1453 Appi
359 1389 439 1452 quae
457 1367 542 1433 domi
559 1390 644 1446 esse,
662 1367 798 1448 liberior,
816 1369 902 1452 quod
920 1369 986 1433 sine
1005 1368 1137 1435 tribuni-

102 1463 159 1527 ciis
178 1461 314 1527 vinculis
333 1472 412 1540 erat3
432 1462 537 1527 odisse
554 1461 679 1547 plebem
697 1462 769 1548 plus
787 1484 883 1546 quam
898 1473 1029 1548 patemo
1047 1463 1134 1530 odio:
1153 1487 1169 1535 5

104 1579 137 1621 se
155 1557 277 1622 victum
294 1555 334 1621 ab
353 1578 403 1634 ea,
428 1579 462 1622 se
480 1556 573 1621 unico
591 1556 719 1622 consule
742 1557 841 1622 electo
863 1558 1015 1624 adversus
1037 1558 1136 1625 tribu-

100 1652 218 1716 niciam
236 1660 426 1737 potestatem
441 1651 594 1737 perlatam
611 1651 715 1737 legem
729 1673 813 1730 esse,
832 1675 927 1735 quam
945 1653 1064 1719 minore
1082 1676 1136 1720 co·

100 1756 192 1823 natu,
220 1767 420 1830 nequaquam
441 1757 528 1811 tanta
549 1754 673 1831 patrum
701 1769 757 1833 spe
787 1747 905 1832 priores
935 1748 1134 1834 inpedierunt

98 1840 259 1906 consules.
303 1840 383 1905 haec
412 1841 459 1906 ira
488 1841 722 1928 indignatioque
754 1841 892 1907 ferocem
922 1843 1062 1907 animum
1093 1844 1167 1914 ads

99 1935 281 2000 vexandum
305 1956 400 2000 saevo
421 1935 552 2021 imperio
575 1936 746 2001 exercitum
769 1937 958 2003 stimrdabat.
993 1960 1053 2003 nec
1069 1938 1134 2005 ulla

101 2028 136 2093 vi
160 2029 282 2094 domari
309 2038 444 2114 poterat,
476 2039 598 2095 tantum
624 2039 782 2096 certamen
808 2032 920 2098 animis
946 2032 1132 2099 inbiberant.

103 2124 254 2211 segniter,
279 2125 392 2204 otiose,
415 2126 632 2213 neglegenter,
660 2128 884 2192 contumaciter
906 2129 1011 2193 omnia
1028 2142 1167 2215 agerer

99 2241 160 2285 nec
175 2221 279 2307 pudor
296 2243 355 2286 neo
371 2230 474 2286 metus
488 2219 660 2287 coercebat.
689 2221 716 2286 si
729 2220 820 2286 citius
835 2223 888 2309 agi
900 2222 994 2288 vellet
1007 2246 1131 2310 agmen,

98 2315 220 2379 tardius
235 2315 346 2380 sedulo
359 2315 513 2394 incedere,
528 2315 557 2381 si
570 2315 750 2380 adhortator
758 2316 861 2400 operis
871 2317 1006 2396 adesset,
1022 2340 1131 2383 omnes

95 2431 157 2474 sua
175 2419 289 2495 sponte
307 2419 424 2475 motam
440 2410 597 2476 remittere
620 2409 819 2487 industriam,
845 2411 1003 2495 praesenti
1025 2412 1129 2477 vultus
1149 2432 1166 2480 8

96 2504 278 2582 demittere,
301 2505 394 2569 tacite
415 2514 666 2591 praetereuntem
688 2505 839 2582 execrari,
862 2514 898 2569 ut
920 2505 1055 2569 invictus
1077 2506 1130 2570 ille

96 2599 169 2665 odio
197 2598 322 2684 plebeio
349 2599 471 2676 animus
497 2600 654 2665 interdum
680 2609 866 2664 moveretur.
911 2599 997 2664 omni
1022 2600 1164 2684 nequi-e

95 2717 193 2780 quem
213 2693 383 2762 acerbitate
399 2706 542 2782 prompta
561 2695 639 2760 nihil
656 2695 720 2760 iam
733 2717 805 2760 cum
819 2694 970 2759 militibus
986 2717 1093 2781 agere,
1112 2719 1132 2760 a

95 2791 333 2857 centurionibus
351 2802 532 2878 corruptum
550 2789 721 2855 exercitum
735 2791 837 2855 dicere
842 2838 851 2869 ,
871 2790 1013 2856 tribunos
1026 2788 1131 2874 plebei

96 2886 249 2951 cavillans
267 2886 424 2952 interdum
442 2897 473 2952 et
489 2885 663 2952 Volerones
681 2908 803 2952 vocare.

160 2979 307 3046 LVIIII.
343 2981 430 3046 Nihil
452 3004 559 3047 eorum
576 2978 687 3046 Volsci
707 2979 889 3046 nesciebant
909 2978 1130 3062 instabantque
1149 2996 1163 3045 1

95 3097 137 3139 eo
158 3076 275 3161 magis,
304 3086 464 3161 sperantes
491 3076 576 3140 idem
602 3085 759 3140 certamen
780 3075 956 3139 animorum
978 3073 1130 3138 adversus

95 3168 240 3254 Appium
262 3169 443 3238 habiturum
466 3170 638 3236 exercitum
654 3169 850 3245 Romanum,
874 3167 959 3251 quod
977 3167 1128 3231 adversus

91 3265 233 3332 Fabium
251 3266 412 3332 consulem
430 3263 602 3331 habuisset
635 3274 773 3330 ceterum
789 3262 888 3326 multo
906 3260 1014 3346 Appio
1033 3281 1127 3344 quam
1146 3279 1161 3325 2

92 3360 197 3428 Fabio
216 3361 381 3429 violentior
397 3361 466 3426 fuit:
492 3359 658 3425 nonenim
676 3359 800 3422 vincere
819 3365 941 3421 tantum
958 3355 1071 3432 noluit,
1094 3363 1130 3419 ut

92 3453 259 3522 Fabianus
277 3456 447 3533 exercituS,
471 3456 528 3521 sed
545 3454 628 3520 vinci
645 3453 753 3518 voluit.
789 3451 959 3537 productus
977 3451 1011 3515 in
1028 3450 1128 3514 aciem

91 3551 177 3636 turpi
196 3548 278 3636 fuga
298 3551 377 3635 petit
398 3559 515 3627 castra,
542 3571 601 3613 nec
622 3557 695 3613 ante
717 3547 829 3611 restitit
850 3568 946 3629 quam
969 3545 1059 3631 signa
1080 3544 1129 3607 in-

90 3643 250 3710 ferentem
272 3643 427 3709 Volscum
449 3643 651 3707 munimentis
678 3641 756 3705 vidit
781 3639 970 3722 foedamque
997 3638 1129 3703 extremi

89 3739 232 3826 agminis
260 3739 399 3804 caedem.
435 3747 502 3801 tum
528 3759 678 3822 expressa
703 3735 751 3799 vis
778 3733 819 3798 ad
844 3731 1065 3819 pugnandum,
1092 3740 1160 3800 uts

90 3837 194 3900 victor
210 3834 276 3899 iam
298 3857 319 3899 a
339 3833 421 3899 vallo
444 3832 682 3899 submoveretur
703 3829 818 3906 hostis,
847 3829 922 3893 satis
945 3836 1051 3891 tamen
1072 3847 1128 3910 ap-

92 3940 231 4014 pareret,
260 3926 332 4015 capi
353 3938 475 3993 tantum
497 3937 599 3992 castra
620 3925 751 3990 militem
771 3924 951 3990 Romanum
977 3917 1125 3994 noluisse,

90 4024 182 4092 aliter
203 4025 344 4113 gaudere
372 4047 429 4090 sua
455 4023 544 4088 clade
571 4031 665 4106 atque
690 4019 871 4106 ignominia.
908 4014 1022 4101 quibus
1048 4010 1160 4078 nihils
