2566 4524
344 225 463 280 LIBER
480 227 508 295 1,
527 225 624 280 2425.
644 225 880 296 [accis-640]
1088 216 1130 282 27

94 386 231 463 referre,
239 383 372 470 peragit
394 381 791 470 legibusdeinderecitatis
805 383 911 462 ‘surdi'
925 385 1029 472 iuquit·
1040 386 1134 473 ‘lup-
1149 410 1164 457 t

94 483 190 568 piter‚
211 479 306 556 arrdi,.
319 486 408 563 pater
424 487 551 562 pon-asc
562 477 678 564 popuii
688 476 816 556 Albani,
836 478 911 543 audi
927 488 975 557 tu,
994 480 1134 567 populus

96 574 264 640 Albanus·
276 581 318 635 ut
330 571 384 635 iila
399 571 506 656 putam
522 572 625 657 prims
640 582 801 657 postrema
818 594 858 637 ex
875 571 936 638 illis
950 572 1066 639 tabulis
1079 596 1131 642 ce-

98 689 173 734 rove
188 666 329 732 seciam
339 674 414 732 sunt
430 665 497 730 sine
514 664 587 731 dolo
605 665 688 731 malo
705 665 814 750 utique
833 688 871 732 ea
888 665 939 733 hie
952 666 1046 733 hodie
1063 690 1133 734 rec-

100 763 220 829 tissime
251 759 417 825 intellecta
440 760 619 838 scintillis
651 759 776 847 legibus
802 761 938 847 populns
965 762 1133 833 Romanus

100 859 183 946 prior
203 878 270 920 non
292 854 424 919 deficiet.
460 855 491 919 si
509 855 598 940 prior
615 854 735 919 defexit
756 855 882 940 publico
905 856 1035 923 consilio
1056 857 1164 927 dolos

101 952 195 1030 nalo,
221 959 302 1027 tom,
325 949 383 1014 ilie:
394 948 571 1035 Diespiter,
593 949 748 1035 populum
765 949 945 1016 Romanum
964 950 1010 1015 sic
1027 951 1129 1031 ferito

101 1057 131 1111 st
152 1068 215 1134 ego
239 1044 325 1109 hunc
345 1065 477 1129 porcum
498 1043 550 1108 hic
575 1042 670 1109 bodie
696 1042 821 1121 feriam,
850 1054 998 1128 tantoque
1025 1047 1131 1132 magis

102 1141 203 1219 serito,
228 1149 347 1224 quanto
365 1139 467 1225 magis
485 1146 579 1224 potes.
592 1137 775 1224 pollesque!
809 1139 843 1204 id
864 1137 920 1204 ubi
941 1139 1034 1216 dixit,
1057 1161 1129 1225 por-
1148 1163 1162 1210 9

102 1258 172 1300 cunr
188 1256 273 1299 saxo
287 1233 373 1297 silice
385 1232 556 1319 percussit„
578 1255 636 1297 sua
647 1232 726 1297 item
738 1232 876 1297 ommim
889 1231 1008 1298 Albani
1023 1255 1130 1298 suum·

102 1350 159 1414 que
168 1330 216 1393 ius
227 1328 394 1392 iurandum
410 1350 467 1414 per
484 1350 577 1392 suum
595 1327 783 1392 dictatorcm
799 1348 936 1411 suosque
951 1327 1129 1393 sacerdotes

100 1446 136 1510 pe
213 1433 296 1487 runt

136 1447 281 1583 migkeiiV
310 1517 477 1582 Foedene'
468 1526 531 1583 rcto
549 1517 711 1604 trigemini
728 1517 810 1583 sicut
831 1527 1023 1584 convenerat
1042 1541 1131 1583 mma
1149 1540 1163 1586 s

100 1614 236 1700 copiunt.
274 1634 347 1677 cum
369 1612 418 1676 sui
439 1621 589 1696 utrosque
615 1612 868 1690 adhortarentur,
896 1613 972 1678 dnos
998 1614 1129 1699 patrios

75 1708 234 1797 ,patriam
250 1729 288 1771 ac
304 1715 464 1792 parentes,
491 1705 689 1791 quidquid'
663 1707 780 1770 civium
802 1707 903 1784 domi,
930 1707 1105 1791 quidquid
1096 1731 1130 1771 m

99 1802 238 1870 exercitur
265 1801 320 1878 sit,
293 1800 470 1865 tiliorum
495 1811 571 1865 tunc
592 1823 692 1878 arma,
719 1800 916 1865 illorum't
869 1823 903 1865 m
903 1800 984 1865 tueri
1005 1823 1127 1878 manus,

99 1896 227 1963 feroces.
244 1904 278 1960 et
299 1905 409 1981 suopte
430 1895 558 1981 ingenio
580 1903 611 1959 et
631 1894 717 1980 pleni
739 1894 971 1960 adhortantium
997 1893 1129 1960 vocibus

98 1992 132 2056 io
146 1990 288 2056 medium
305 1989 477 2054 intestinas
491 1989 574 2054 scies
588 1989 771 2075 procedunt.
799 1989 1005 2055 consederant
1021 1989 1130 2055 utrim-
1148 2009 1163 2057 2

98 2108 158 2171 que
183 2109 243 2173 pro
266 2085 376 2150 castris
398 2086 462 2150 duo
484 2085 652 2163 exercitus,
679 2084 809 2170 periculi
829 2084 937 2171 magis
954 2085 1129 2170 praesentis

97 2203 193 2266 quam
211 2203 305 2246 curae
323 2190 481 2267 expertes,
508 2181 625 2266 quippe
647 2179 814 2265 imperium
835 2179 988 2266 agebatur
1008 2180 1043 2245 in
1063 2188 1130 2245 tam

97 2296 270 2361 paucorum
299 2276 414 2340 vintute
445 2285 539 2359 atque
568 2275 695 2340 fortuna
723 2274 871 2359 positum.
916 2274 1022 2358 itaque
1053 2295 1130 2360 ergo

96 2370 191 2435 erecti
210 2369 419 2455 suspensique
440 2369 474 2432 in
496 2369 623 2434 minime
647 2377 776 2455 gratnm·
791 2367 1006 2453 spectaculum
1024 2367 1129 2435 animo

96 2463 309 2528 intenduntur.

100 2596 105 2601 ·
158 2560 267 2625 Datur
284 2560 420 2647 siguum,
438 2559 625 2645 infestisque
642 2561 747 2639 armis,
766 2560 853 2625 velut
871 2559 965 2638 ecies,
984 2558 1065 2624 terni
1081 2557 1130 2623 iu-
1148 2577 1163 2625 t

96 2677 201 2734 venes,
220 2677 408 2742 magnorum
417 2655 614 2721 exerciturum*
623 2655 745 2721 animos
758 2664 914 2742 gerentes,
932 2661 1129 2721 consumunt.

95 2771 153 2815 nec
168 2749 221 2814 his
239 2771 301 2814 neo
316 2748 378 2814 illis
396 2748 574 2835 periculum
589 2773 696 2827 suum,
714 2787 756 2797 -
778 2748 942 2835 publicum
963 2748 1131 2833 imperium

96 2844 322 2927 servitiumque
344 2841 530 2909 obversatur
551 2844 655 2909 animo
677 2843 846 2928 futuraque
869 2866 908 2908 ea
933 2843 1047 2909 deinde
1073 2864 1130 2927 pe-

96 2939 171 3004 trice
189 2938 327 3016 fortuna,
345 2959 443 3022 quam
464 2937 527 3024 ipsi
547 2938 706 3004 fecissent
746 2947 782 3003 ut
803 2938 904 3024 primo
928 2937 1034 3003 statim
1056 2956 1165 3002 conse

95 3055 190 3099 cursu
207 3032 392 3118 increpuere
410 3055 501 3098 arma
513 3032 729 3117 micantesque
746 3032 864 3098 fulsere
881 3031 995 3118 gladii,
1020 3032 1131 3097 horror

96 3127 209 3214 ingens
228 3125 400 3212 spectantis
417 3127 612 3214 perstringit,
637 3137 670 3191 et
685 3135 796 3192 neutro
817 3125 966 3191 inclinata
989 3147 1046 3210 spe
1068 3135 1131 3188 tor-

98 3220 190 3307 pebat
206 3241 273 3285 vox
287 3220 487 3306 spiritusque.
515 3220 665 3286 consertis
680 3221 793 3286 deinde
806 3217 962 3296 manibus,
981 3239 1055 3282 cum
1066 3217 1131 3283 iam
1149 3239 1164 3286 5

99 3336 158 3381 non
177 3323 287 3380 motus
309 3323 431 3381 tantum
453 3337 618 3401 corporum
640 3315 831 3403 agitatioque
857 3335 974 3399 anceps
996 3311 1130 3378 telorum

100 3429 332 3494 armorumque,
359 3408 417 3474 sed
438 3409 568 3475 vulnera
589 3432 715 3495 quoqne
738 3420 772 3476 et
792 3408 922 3497 sanguis
949 3407 1129 3495 spectaculo

102 3514 217 3584 essent,
245 3504 313 3569 dun
328 3503 467 3570 Romani
483 3527 579 3592 super
594 3506 692 3571 alium
713 3505 808 3584 atius,
835 3503 1009 3570 vulneratis
1028 3501 1128 3569 tribus

100 3594 242 3677 Albanis,
261 3597 458 3684 exspirantes
477 3609 668 3666 corruerunt

156 3691 220 3759 Ad.
232 3713 369 3778 quorum
386 3715 495 3759 casum
513 3716 585 3759 cum
603 3694 831 3761 conclamasset
847 3693 967 3781 gaudio.
982 3690 1129 3759 Albanus
1148 3714 1162 3762 e

99 3787 267 3866 naum,
295 3785 456 3853 Romanas
473 3788 615 3876 legiones
636 3789 702 3854 iam
724 3811 797 3876 spes
819 3798 899 3866 tota,
925 3789 1071 3854 nondum.
1084 3796 1131 3853 ta,

99 3902 167 3947 men
183 3904 263 3949 curs
279 3880 470 3963 desemernt,
489 3883 650 3949 exanimes
668 3884 737 3949 vice
755 3884 859 3963 unius,
878 3906 974 3969 quem
986 3892 1049 3948 tres
1065 3879 1131 3945 Cu-

97 3974 175 4042 riaffi
197 3977 479 4045 circumsteterant.
514 3978 595 4045 sorte
616 3979 645 4045 is
667 3978 790 4065 integer
811 3979 885 4058 fuit,
913 3989 947 4044 ut
974 3975 1163 4044 univeosist
