2566 4524
342 250 461 304 LIBER
477 251 534 321 vl,
552 251 649 306 16.17.
669 256 706 322 [a.
718 251 747 308 O.
757 253 821 325 385]
1033 247 1096 312 321

77 411 199 478 militem
224 431 262 476 ac
287 407 464 494 praesidem
490 409 591 474 sinitis
618 411 726 476 vexari
755 411 795 476 ab
826 412 980 480 inimicis?
1017 416 1097 484 haec

77 504 190 584 iextra,
209 527 273 589 qua
291 499 403 569 Gallos
421 502 490 568 fudi
508 527 528 568 a
545 502 683 570 delubris
702 507 828 585 vestris,
851 508 915 573 iam
932 509 965 573 in
983 510 1095 578 vinclis

77 611 97 668 tt
114 599 236 689 catenis
254 597 342 664 erit?’

126 693 255 760 Nullius
272 714 331 757 nec
349 691 431 757 oculi
448 713 507 757 nec
525 714 617 758 aures
629 693 848 780 indignitatem
861 695 1018 777 ferebant,
1038 701 1096 766 sed
1113 723 1128 771 s

77 790 185 855 nvicta
213 786 275 853 sibi
300 780 456 870 quaedam
481 785 709 871 patientissima
734 788 809 854 iusti
834 791 957 876 imperii
984 794 1094 860 civitas

77 886 184 950 'ecerat
209 903 268 975 nec
294 881 446 946 adversus
472 881 668 947 dictatoriam
692 883 758 947 vim
780 892 835 950 aut
856 885 972 952 tribuni
992 888 1095 975 plebis

77 989 117 1045 ,ut
134 978 208 1064 ipsa
224 974 314 1063 plebs
332 975 472 1042 attollere
490 976 598 1042 oculos
616 987 671 1041 aut
687 976 809 1044 hiscere
826 979 993 1047 audebant.
1021 1004 1096 1048 con·
1112 1003 1130 1052 4

77 1083 144 1140 ecto
166 1072 202 1137 in
223 1093 380 1138 carcerem
402 1069 524 1136 Manlio
548 1070 624 1136 satis
651 1081 773 1138 constat
798 1096 947 1160 magnam
971 1085 1095 1162 partem

77 1167 166 1254 plebis
185 1175 307 1231 vestem
324 1174 479 1243 mutasse,
502 1165 618 1232 multos
636 1167 783 1233 mortales
802 1168 950 1254 capillum
967 1192 1006 1235 ac
1023 1169 1095 1236 bar-

77 1284 141 1327 cam
153 1259 337 1347 promisisse
350 1259 609 1345 obversatamque
623 1260 779 1326 vestibulo
794 1263 926 1328 carceris
940 1273 1094 1330 maestam

77 1355 201 1422 turbam.

127 1449 275 1516 Dictator
294 1449 339 1514 de
366 1446 493 1514 Volscis
520 1449 736 1535 triumphavit,
767 1451 965 1537 invidiaeque
990 1455 1128 1541 magias

77 1545 242 1632 triumphus
259 1566 355 1629 quam
372 1543 491 1630 gloriae
513 1544 587 1609 fuit:
615 1545 734 1631 quippe
753 1546 852 1625 domi,
879 1570 943 1612 non
965 1549 1094 1615 militiae

77 1649 189 1727 parturn
208 1661 280 1705 eum
297 1647 464 1722 actumque
482 1638 522 1703 de
540 1638 622 1716 cive,
645 1661 709 1704 non
730 1640 770 1706 de
792 1640 882 1706 hoste
903 1641 1093 1724 fremebant3

77 1752 163 1802 mum
184 1733 325 1801 defuisse
348 1741 470 1819 tantum
492 1731 672 1818 superbiae,
695 1735 780 1818 quod
800 1758 864 1800 non
885 1734 934 1801 M.
953 1736 1093 1803 Manlius

77 1839 281 1897 nucarum
299 1828 340 1894 sit
352 1828 475 1893 ductus.
502 1826 628 1911 iamque
642 1827 728 1894 haud
744 1829 855 1916 procul
873 1830 1024 1897 seditione
1041 1854 1092 1898 res
1112 1853 1126 1900 e

77 1936 140 1992 erat.
175 1927 266 1992 cuius
288 1924 451 1990 leniendae
473 1946 570 1990 causa
590 1924 769 2011 postulante
786 1925 873 1992 nullo
890 1926 1021 2014 largitor
1037 1951 1094 1993 vo-

77 2017 215 2088 luntarius
238 2028 366 2106 repente
388 2029 514 2085 senatus
536 2019 640 2084 factus
665 2018 824 2087 Satricum
850 2021 1004 2087 coloniam
1030 2021 1093 2088 duo

77 2115 150 2182 uilia
170 2114 287 2181 civium
308 2114 524 2180 Romanorum
550 2114 664 2179 deduci
689 2115 789 2180 iussit.
825 2115 901 2181 bina
926 2117 1036 2204 iugera
1062 2126 1093 2182 et

77 2211 213 2277 semisses
235 2209 305 2296 agri
326 2208 491 2298 adsignati.
529 2208 614 2292 quod
636 2230 709 2272 cum
731 2218 762 2273 et
782 2231 916 2293 parvum
935 2219 966 2274 et
981 2210 1091 2296 paucis
1112 2231 1126 2277 r

77 2304 172 2370 latum
194 2313 226 2370 et
247 2303 425 2369 mercedem
447 2324 517 2368 esse
539 2301 692 2388 prodendi
714 2301 761 2366 M.
785 2301 895 2367 Manli'
909 2303 1092 2388 interpreta-

77 2408 194 2478 entur,·
209 2399 348 2464 remedio
369 2397 512 2463 inritatur
534 2396 655 2461 seditio.
697 2405 728 2461 et
749 2396 812 2461 iam
833 2397 936 2484 magis
958 2397 1125 2484 insignies

77 2492 209 2560 ordibus
228 2502 259 2556 et
275 2492 357 2557 facie
374 2514 499 2557 reorum
516 2489 608 2556 turba
625 2489 789 2556 Manliana
807 2500 885 2570 erat,
905 2499 1091 2575 amotusque

77 2598 136 2672 rost
156 2587 349 2672 triumphum
371 2585 566 2652 abdicatione
589 2586 760 2652 dictaturae
782 2596 881 2652 terror
903 2593 934 2651 et
949 2585 1092 2673 linguam

77 2683 234 2750 tanimos
252 2681 439 2748 liberaverat
455 2681 627 2746 hominum.
767 2762 770 2767 ¹

123 2776 240 2844 XVII.
285 2775 506 2841 Audiebantur
536 2777 641 2860 itaque
671 2775 834 2862 propalam
859 2797 953 2841 voces
981 2796 1125 2861 expio-1

77 2870 221 2939 nantium
246 2870 451 2949 multitudini,
483 2869 569 2954 quod
594 2869 776 2936 defensores
804 2890 878 2936 suos
906 2891 1030 2956 semper
1058 2869 1093 2933 in

77 2966 265 3052 ›raecipitem
281 2966 388 3032 locum
404 2965 513 3031 favore
530 2964 633 3043 tollat,
652 2965 765 3030 deinde
782 2966 899 3052 inipso
912 2964 1092 3030 discrimine

77 3061 193 3128 ›edculi
214 3060 373 3126 destituat.
410 3059 456 3125 sic
475 3057 531 3145 Sp.
552 3057 701 3124 Cassium
722 3058 755 3122 in
777 3081 870 3146 agros
893 3057 1019 3144 plebem
1036 3080 1092 3122 vo-
1111 3075 1125 3123 2

77 3165 201 3234 cantem,
230 3155 277 3220 sic
296 3152 353 3240 Sp.
370 3152 526 3220 Maelium
548 3152 588 3219 ab
611 3176 664 3220 ore
687 3153 802 3218 civium
824 3153 944 3218 famem
961 3152 1026 3217 suis
1044 3151 1092 3215 in-

77 3251 171 3318 tensis
191 3249 427 3337 propulsantem
445 3271 628 3336 oppressos,
652 3248 698 3314 sic
714 3246 762 3313 M.
780 3246 937 3312 Manlium
954 3266 1092 3311 mersam

78 3344 252 3416 tobrutam
264 3345 391 3411 faenore
404 3338 526 3431 partem
539 3343 672 3408 civitatis
690 3343 723 3406 in
740 3341 915 3408 libertatem
933 3341 1092 3406 aclucem

77 3441 278 3508 ntrahentem
299 3440 458 3526 proditum
474 3438 618 3503 inimicis.
655 3438 799 3525 saginare
817 3436 943 3524 plebem
960 3434 1092 3523 popula

77 3556 111 3603 es
128 3558 221 3614 suos,
243 3544 279 3600 ut
294 3534 485 3622 iugulentur.
521 3532 633 3597 hocine
654 3532 837 3617 patiendum
859 3532 972 3607 fuisse,
1002 3530 1029 3595 si
1050 3529 1125 3598 ade

77 3640 174 3697 utum
191 3628 351 3697 dictatoris
369 3651 434 3695 non
450 3626 646 3714 responderit
662 3627 711 3691 vir
724 3625 916 3694 consularis?
937 3625 1091 3712 fingerent

77 3726 228 3792 sentitum
245 3733 332 3803 ante,
351 3732 445 3808 atque
457 3722 529 3788 ideo
542 3744 606 3787 non
618 3720 768 3788 habuisse
781 3722 866 3807 quod
880 3730 947 3786 tum
961 3740 1092 3804 respon-

77 3820 162 3888 bret:
182 3819 235 3886 cui
247 3836 340 3886 servo
351 3839 503 3903 umquam
514 3816 670 3884 mendacii
682 3838 818 3903 poenam
830 3814 955 3881 vincula
972 3809 1092 3878 fuisse?

77 3936 124 3981 ton
145 3913 347 3982 obversatam
364 3933 435 3980 esse
451 3912 635 3979 memoriam
652 3912 752 3978 noctis
769 3912 867 3989 illius,
890 3929 971 3994 quae
988 3924 1089 3991 paene
1107 3923 1125 3972 4

77 4007 174 4077 dtinta
189 4019 284 4096 atque
302 4018 429 4078 aeterna
444 4007 564 4076 nomini
575 4007 720 4076 Romano
737 4005 850 4073 fuerit?
869 4024 934 4069 non
952 3997 1090 4086 speciem

114 4128 166 4175 usa
178 4128 250 4176 aar.
883 4101 918 4156 21
