2566 4524
392 233 419 273 T·
437 231 508 272 LIVII
524 232 662 272 PATAVINI
678 231 829 273 PROLUSIO·
1037 228 1155 276 XVIIII

55 349 85 402 et
95 361 160 399 cnm
168 342 299 424 periculo
310 341 385 397 dicta
393 340 520 397 insolens
530 341 600 422 qnid
617 341 731 422 dicendi
752 358 870 463 feners,
898 341 956 396 stili
981 343 1157 413 proprietate

55 419 86 470 et
102 429 289 483 peregrinum
307 416 418 465 sonent.
435 427 518 491 'qnae
533 428 599 490 siin
615 418 691 491 mter
708 427 738 465 se
769 427 842 480 ongo
860 409 1021 481 disparibus
1039 428 1091 534 ger
1109 429 1156 492 ya-

55 499 146 536 unuin
155 486 305 535 contracta
314 480 514 549 spectabimus,
529 496 599 533 mira
616 495 674 533 rias
692 484 787 548 partes
805 479 852 533 vel
871 495 957 549 saepe
995 495 1026 533 er
1062 497 1156 535 reims

59 548 202 630 videbitur
235 547 381 618 scriptoris
412 547 598 627 negligentia,
617 547 733 627 aliquod
744 547 868 628 spatium
880 548 986 627 operis·
1008 547 1081 626 iuius
1094 553 1155 603 ute-

61 636 109 690 qur
121 619 201 688 loqul
217 633 281 671 cum
295 617 383 686 vulgo
400 617 537 682 noluer1t3
556 633 599 669 s1n
617 615 904 695 retur21ps1ushuius
918 616 1156 671 dissimilitudinis

57 703 114 810 {qq
120 702 256 807 quaeque
265 685 331 739 loco
346 690 375 738 et
384 701 484 753 sparsa
497 700 549 806 ger
557 689 599 738 to·
616 700 672 737 1ma
723 700 767 737 em
793 684 917 738 reddunt
942 683 1008 738 libri
1033 683 1156 755 Liviani,

148 753 268 808 istoriae
283 769 385 822 corpus
399 759 498 822 specta
518 751 599 821 imus,
618 756 663 805 ‘sc
698 768 756 805 non
769 757 802 805 nt
814 752 935 819 placidis
953 758 1057 807 coeant
1070 753 1157 805 immi-

55 832 84 878 et
92 824 139 876 his
148 820 283 876 effectum
292 820 532 900 intelligemus,ut
542 820 598 873 cui·
617 819 666 887 tia,
681 836 739 873 non
752 825 786 873 ut
799 826 946 890 serpentes
960 820 1060 875 aribus
1070 821 1158 890 gemi-

54 908 110 963 que
128 891 173 945 rei
192 907 274 943 sunm
292 889 330 942 sit
343 888 485 943 scribendi
500 905 599 959 genus,
617 894 728 956 nentur,
743 887 765 941 ti
802 888 865 941 'bus
876 889 969 959 agni:’
986 905 1052 942 nam
1063 889 1158 944 omnia

52 966 87 1014 nt
96 957 462 1024 summissainlevioribus,
473 962 502 1011 et
510 956 599 1026 prope
618 956 770 1011 haesitae
805 955 862 1010 ivio
878 957 1037 1026 composita
1050 963 1117 1011 sunt
1127 963 1159 1012 et

52 1027 245 1099 quotidianae
255 1025 362 1094 similis,
373 1025 456 1079 altior
466 1030 602 1093 exsurgat
618 1027 770 1093 adornata,
789 1030 820 1077 ut
828 1025 923 1079 variae
933 1026 1002 1093 hae,
1021 1031 1053 1079 nt
1065 1026 1106 1079 ita
1116 1025 1157 1079 di·

53 1096 147 1150 oratio
159 1093 472 1162 etincitatiorferatur,
492 1093 541 1146 ubi
553 1110 600 1147 res
618 1110 693 1161 cam,
711 1093 844 1147 tessellae
865 1094 902 1148 ad
919 1093 1001 1146 unius
1019 1094 1102 1163 quasi
1121 1093 1157 1147 si-

52 1165 151 1219 verbis
162 1164 368 1233 exaequandae
379 1168 452 1230 sunt,
468 1161 537 1216 mire
546 1177 600 1214 nos
617 1161 736 1215 mulacri
758 1161 896 1240 singulari
913 1178 1003 1231 opera
1021 1160 1156 1215 artificio-

55 1231 178 1287 sffectos
202 1231 371 1296 sentiemus,
400 1229 522 1300 denique
545 1230 673 1299 hocque
700 1229 821 1297 perfecti
844 1229 965 1299 speciem
988 1236 1158 1300 cogerentur

59 1299 181 1354 artificio
198 1297 313 1369 optimis
332 1298 500 1351 simillimum
524 1314 599 1351 asse·
618 1314 652 1351 ac
663 1298 909 1366 coniungerentur.

62 1374 158 1421 cutum
175 1383 236 1421 csse
260 1366 415 1420 fatebimur
432 1366 600 1420 Patauinum
653 1366 762 1430 Quibus
772 1383 839 1420 vero
849 1365 977 1420 fontibus
986 1382 1054 1420 usus
1065 1365 1101 1419 sit
1109 1365 1158 1420 Li·

61 1436 238 1500 historiam,
257 1440 291 1488 ut
302 1434 397 1488 lactea
411 1434 470 1487 eius
485 1434 600 1488 ubertas
618 1433 680 1487 vius
698 1442 728 1487 et
765 1451 802 1487 ua
819 1434 929 1488 ratione
948 1434 1016 1488 inde
1029 1434 1157 1489 hauserit

60 1521 211 1576 numquam
230 1503 318 1556 satiet
334 1502 488 1556 lectorem)
515 1502 599 1571 inpri-
619 1502 647 1555 id
672 1451 854 1557 subtilissime
881 1503 1012 1572 exposuit
1032 1502 1156 1557 Frideri-

56 1574 109 1627 mis
127 1589 198 1627 vero
218 1588 330 1626 omnem
348 1571 464 1624 lectoris
477 1587 528 1640 per
540 1572 599 1623 lan·
620 1587 669 1623 cus
690 1570 891 1625 Lachmannus
915 1570 1157 1625 commentationi-

55 1642 145 1713 gnida
154 1641 235 1694 haud
244 1656 309 1694 raro
319 1656 354 1692 ac
367 1639 524 1709 longinqua
536 1655 601 1691 nar·
619 1639 672 1692 bus
683 1638 792 1693 duabus
802 1640 965 1693 memoratis
980 1641 1014 1693 de
1029 1639 1157 1694 fontibus

55 1710 178 1764 rationis
189 1713 358 1778 argumenta
368 1708 546 1761 satietatemi
569 1723 600 1759 sa
619 1707 799 1760 historiarum
810 1707 897 1774 Livii,
938 1725 1034 1760 uarum
1043 1707 1157 1776 priora.

56 1782 221 1832 structurae
249 1776 387 1830 varietate
415 1775 532 1829 evitavit
579 1774 699 1842 i-1822,
723 1776 814 1828 altera
831 1792 857 1827 a.
878 1775 927 1829 182
949 1815 957 1843 ,
980 1781 1044 1829 ntra
1066 1791 1100 1828 ue
1121 1777 1156 1830 de

54 1847 133 1916 rins,
153 1861 220 1900 cum
229 1843 353 1914 periodis
363 1843 506 1912 aequabili
515 1860 600 1896 mern·
620 1844 762 1898 sententia
788 1843 896 1896 ordinis
921 1843 1054 1912 philosop
1078 1860 1158 1897 orum

55 1915 174 1970 brorum
185 1919 329 1967 structura
343 1912 490 1966 concinnis
500 1917 529 1964 et
537 1927 599 1981 per·
619 1911 833 1980 acadGotting.
841 1911 965 1980 praemio
973 1918 1080 1981 ornata,
1088 1911 1158 1966 Got-

59 1982 169 2052 apionis
197 1980 271 2035 alias
300 1981 407 2050 passim
437 1980 601 2049 interponat
619 1981 659 2032 tin
682 1997 716 2033 ae
726 1980 802 2050 typis
813 1985 1054 2049 expressaest.1²6

62 2050 212 2104 sententiis
226 2049 361 2103 ‘hamatis
370 2049 446 2102 inter
454 2064 483 2101 se
493 2064 601 2118 perque
654 1998 724 2102 gum
742 2065 815 2118 quae
838 2054 905 2102 ante
928 2049 1071 2102 conditam
1091 2064 1157 2103 con·

60 2118 191 2242 plicatis'
201 2123 345 2171 contortas
356 2134 390 2171 ac
399 2117 489 2187 primo
500 2116 602 2171 obtutu
620 2116 776 2171 dendamve
801 2117 900 2171 urbem
922 2116 1043 2187 poeticis
1065 2117 1157 2187 magis

75 2203 123 2242 ere
137 2186 285 2253 obscuras,
295 2192 391 2239 tamen
404 2191 438 2238 ut
450 2185 504 2238 hae
521 2183 601 2253 ipsae
621 2187 726 2238 decora
747 2184 854 2238 fabulis
878 2202 961 2256 quam
985 2185 1157 2254 incorruptis

59 2255 137 2311 haud
154 2271 222 2309 raro
241 2254 343 2308 lectori
361 2252 543 2307 artificiosum
557 2268 602 2306 ea·
620 2270 713 2307 rerum
730 2261 874 2322 gestarum
891 2253 1079 2306 monumentis
1102 2261 1160 2306 tra-

57 2341 120 2379 rum
129 2340 234 2377 nexum
244 2322 405 2376 accuratius
418 2319 603 2440 persqicienti
621 2323 767 2384 derentur,
787 2338 882 2375 eancc
893 2320 1041 2376 adfirmare
1052 2338 1106 2374 nec
1115 2337 1158 2374 re-

58 2398 149 2447 artem
158 2390 307 2460 scriptoris
317 2390 436 2444 maxime
445 2405 493 2442 rec
506 2391 601 2452 udant,
620 2389 719 2443 fellere
730 2390 759 2441 in
769 2389 862 2442 animo
872 2388 1110 2456 fuoritLivio,12⁷
1130 2394 1159 2442 et

60 2460 110 2530 qui
127 2460 176 2514 hic
199 2458 403 2513 sententiarum
426 2457 602 2511 brevissima·
620 2475 672 2526 per
680 2457 752 2510 haec
761 2462 889 2526 tempora
902 2463 932 2510 et
944 2473 995 2526 per
1004 2457 1159 2526 primordia

58 2546 121 2582 rum
139 2527 253 2598 sibique
287 2527 349 2580 uasi
363 2525 544 2579 insidentium
559 2541 601 2578 se·
620 2526 699 2579 urbis
722 2542 812 2595 usque
835 2526 873 2578 ad
889 2526 1008 2578 Romam
1030 2542 1048 2578 a
1066 2523 1158 2577 Gallis

57 2545 461 2665 sicoratiomcdicanaquasi
475 2593 601 2661 adhibet,
621 2601 745 2663 captam,
770 2594 840 2647 ‘res'
862 2598 894 2646 ut
911 2593 972 2664 ipse
994 2593 1077 2646 ait12⁸
1100 2597 1159 2646 ‘ve-

60 2664 121 2718 illic
133 2665 270 2734 impetum
283 2663 343 2716 eius
363 2664 451 2716 veluti
465 2661 546 2715 freno
560 2677 602 2714 re·
620 2669 726 2716 tustate
739 2661 825 2717 nimia
840 2662 1000 2729 obscuras,'
1017 2660 1157 2740 vulgatio-

60 2738 149 2854 penos
157 2733 263 2787 iniecto
275 2731 364 2798 sistit,
383 2730 430 2783 hic
443 2737 546 2784 metam
557 2745 600 2783 ce·
620 2748 678 2784 rem
689 2731 805 2799 famam,
821 2747 893 2799 quae
905 2730 962 2784 sive
974 2731 1009 2784 ab
1020 2729 1157 2809 antiquis-

75 2801 177 2855 errimo
193 2817 280 2854 cursu
298 2800 370 2853 attin
392 2816 438 2854 ere
457 2804 600 2867 properat,
622 2798 697 2851 simis
712 2798 770 2852 sive
784 2816 801 2853 a
814 2799 958 2869 plerisque
973 2798 1159 2868 scriptoribus

59 2867 124 2922 illic
130 2885 327 2949 pergyrorum
337 2885 382 2922 am
404 2883 473 2937 ages
484 2867 602 2920 circum-
621 2868 726 2920 tradita
758 2871 889 2935 essct,129
921 2869 1066 2936 amplexus
1099 2871 1157 2933 est3

59 2937 164 2992 fertur.
192 2954 257 3007 ipsa
271 2953 339 2990 vero
354 2937 425 2990 haec
435 2936 557 2989 varietas
567 2950 601 2987 eo
621 2940 739 3004 ‘parvae
750 2936 835 2989 enim’
847 2936 1001 2989 secundum
1010 2935 1099 3003 ipsius
1108 2932 1158 2986 Li-

60 3011 193 3075 augetur,
205 3005 285 3086 quod
293 3004 402 3071 Livius,
412 3009 444 3056 ut
453 3020 538 3072 supra
546 3003 602 3056 iam
621 3004 702 3056 vii130
721 3004 865 3073 querelam
884 3007 927 3057 ‘et
944 3020 1025 3057 rarae
1043 3019 1095 3071 per
1113 3015 1159 3055 ea·

61 3072 299 3143 significavimus,
318 3073 458 3136 fontibus,
482 3087 553 3141 quos
573 3070 603 3122 in
622 3073 684 3124 dem
710 3078 840 3140 tempora
866 3072 964 3124 literae
996 3070 1075 3123 fuere
1102 3085 1160 3122 una

61 3141 223 3198 enarranda
233 3141 354 3195 historia
363 3140 548 3211 sequebatur,
562 3139 604 3192 ita
622 3140 750 3192 custodia
777 3138 870 3192 fidelis
893 3139 1043 3191 memoriae
1065 3152 1159 3189 rerum

60 3227 132 3264 usus
141 3216 194 3279 est,
207 3214 307 3263 utnon
316 3215 426 3264 tantum
436 3212 603 3278 argumenta
621 3214 764 3276 gestarum
774 3213 803 3260 ct
812 3247 830 3259 ..
841 3206 950 3260 etiamsi
980 3222 1034 3259 uae
1044 3204 1073 3256 in
1084 3221 1158 3257 com-

58 3277 130 3332 inde
148 3278 322 3347 desumeret,
345 3278 396 3332 sed
417 3277 523 3346 passim
545 3282 603 3328 tam
621 3276 765 3330 mentariis
776 3273 942 3344 pontificum
956 3223 1076 3343 aquisque
1087 3272 1160 3344 pub-

60 3353 198 3401 accnrate
208 3347 245 3400 ad
256 3362 320 3400 eum
333 3363 363 3399 se
378 3345 545 3414 scriptorem
554 3360 602 3412 ap·
621 3345 683 3397 licis
700 3343 874 3414 privatisque
894 3348 974 3396 crant
996 3357 1159 3395 monumen-

61 3415 192 3485 plicaret,
207 3431 292 3485 quem
307 3415 488 3468 cummaxime
503 3412 603 3465 ducem
621 3413 671 3481 tis,
689 3413 805 3466 incensa
819 3413 889 3464 urbe
923 3413 1056 3480 leraeque
1076 3410 1159 3463 intor-

66 3482 120 3536 sibi
128 3482 270 3553 elegerat,
290 3482 396 3535 utinde
408 3499 469 3535 cum
479 3481 602 3550 singula,
621 3482 696 3535 iere!
723 3499 788 3535 rara
803 3487 896 3534 autem
903 3429 981 3533 irasc
995 3495 1158 3531 monumen·

65 3556 190 3619 utsupra
204 3551 373 3604 adnotatum
386 3556 443 3619 est,
463 3550 604 3603 vocabula
622 3556 651 3604 ta
666 3549 775 3603 curiose
791 3549 954 3617 anquirere,
974 3563 1073 3616 sparsa
1086 3546 1160 3599 anti-

63 3622 97 3673 et
110 3616 244 3673 formulas
257 3624 445 3687 mutuaretur,
465 3624 550 3688 atque
564 3617 604 3671 ita
623 3618 738 3688 quitatis
747 3617 868 3686 vestigia
877 3618 1022 3686 lege1·e,ex
1034 3613 1160 3668 disiectis

60 3692 263 3767 mutuantur,
281 3692 315 3741 ut
335 3693 411 3740 certe
433 3703 490 3740 non
512 3685 603 3766 ubivis

61 3759 176 3837 {notum
195 3756 304 3810 ealhda
318 3756 435 3847 vffrbum
448 3754 605 3834 reddidero
647 3794 685 3831 126
698 3793 727 3830 cf.
741 3795 851 3841 praeterea
863 3801 917 3840 quos
935 3788 997 3830 effert
1009 3790 1159 3829 Lachmsnnus

60 3830 195 3879 runcum
211 3840 332 3892 norum,
362 3830 422 3877 tum
444 3839 603 3876 universam
622 3843 801 3893 1,p.2p,1,qq,

62 3893 236 3948 narrationis
243 3891 603 3959 conformationemipsum-
647 3896 684 3933 12⁷
699 3896 765 3943 praei.
777 3896 795 3944 t·
806 3897 825 3934 6·

67 3976 118 4029 que
127 3961 270 4016 orationis
284 3960 415 4015 colorem.
443 3977 504 4013 cum
519 3959 603 4013 variis
647 3948 685 4035 {33
698 3947 917 4038 irl’ssieir'mmuml
935 3997 945 4045 ξ
961 3999 986 4038 ,5
1027 3995 1106 4042 Q·

67 4025 150 4096 igitur
169 4029 300 4084 fontibus
322 4029 479 4100 iisdemque
497 4034 601 4095 aetate,
647 4024 847 4089 1301,'ann.1231,
918 4023 923 4035 ⁸
949 4024 953 4035 ’
995 4008 1016 4045 p.

950 4116 986 4152 B!
