2566 4524
270 279 283 308 :
368 269 487 326 urum
506 269 591 343 vm,
608 272 634 327 o.
648 271 689 327 10.
708 272 861 344 [aceo]
1070 265 1137 332 407

102 429 204 497 verbis
222 428 415 514 nuncupavi,
440 429 483 494 ita
499 451 556 515 pro
574 451 607 495 re
624 429 752 515 publica
770 429 954 512 Quiritium,
978 437 1127 517 exercitu,

100 522 292 612 legionibus,
328 521 452 588 auxiliis
482 524 591 608 populi
620 523 757 590 Romani
788 523 957 606 Quiritium
986 527 1127 614 legiones

101 620 279 704 auxiliaque
301 618 440 685 hostium
461 640 585 683 mecum
608 619 675 703 deis
697 617 848 685 Manibus
870 619 1051 706 Tellurique
1074 625 1129 691 de-

99 713 220 782 voveo?
264 714 343 780 haec
373 714 417 778 ita
443 723 589 799 precatus
615 713 740 779 lictores
766 715 811 780 ire
838 715 880 780 ad
905 715 944 780 Τ.
971 715 1161 792 Manliums

99 809 186 876 iubet
212 817 396 892 matureque
418 805 557 894 collegae
580 830 614 874 se
638 809 786 874 devotum
806 831 864 895 pro
887 812 1026 877 exercitu
1047 837 1129 879 nun-

100 905 186 970 tiare.
232 904 302 990 ipse
326 904 480 969 incinctus
507 903 611 968 cinctu
634 900 759 970 Gabino
787 913 925 971 armatus
951 907 985 972 in
1011 930 1129 993 equum

98 999 231 1065 insilivit
252 1021 290 1065 ac
312 1022 346 1065 se
368 999 409 1064 in*
422 999 542 1065 medios
568 998 675 1064 hostes
701 999 828 1064 inmisit.
874 1012 1060 1087 conspectus
1087 1004 1128 1072 ab
1148 1025 1180 1075 ιο

98 1104 232 1179 utraque
258 1094 339 1171 acie,
371 1093 529 1177 aliquanto
556 1093 719 1180 augustior
744 1093 881 1159 humano
908 1095 1010 1174 visus,
1047 1098 1129 1164 sicut

97 1188 186 1253 caelo
204 1188 322 1253 missus
339 1187 499 1273 piaculum
517 1188 618 1253 omnis
637 1188 767 1253 deorum
784 1188 862 1266 irae,
881 1190 935 1272 qui
947 1199 1069 1275 pestem
1086 1191 1127 1258 ab

98 1283 164 1348 suis
184 1305 330 1348 aversam
346 1283 380 1346 in
396 1281 504 1348 hostes
526 1281 635 1347 ferret:
661 1282 706 1346 ita
727 1283 828 1348 omnis
852 1292 949 1348 terror
965 1307 1128 1370 pavorque
1146 1307 1177 1357 11

96 1399 170 1442 cum
188 1376 244 1442 illo
261 1377 343 1442 latus
362 1377 454 1464 signa
469 1377 571 1463 primo
588 1376 776 1442 Latinorum
794 1377 943 1457 turbavit,
963 1379 1076 1456 deinde
1093 1381 1128 1446 in
1146 1402 1178 1452 12

96 1480 198 1536 totam
222 1471 348 1556 penitus
375 1472 475 1536 aciem
500 1471 648 1558 pervasit
693 1472 963 1538 evidentissimum
992 1473 1026 1538 id
1056 1473 1126 1553 fuit,

95 1566 185 1651 quod
199 1587 397 1651 quacumque
415 1588 496 1650 equo
513 1567 656 1632 invectus
675 1575 736 1644 est,
754 1565 800 1632 ibi
816 1565 902 1631 haud
920 1589 1012 1634 secus
1030 1591 1126 1653 quam

97 1661 252 1748 pestifero
278 1661 379 1727 sidere
405 1661 459 1726 icti
484 1660 656 1747 pavebant:
683 1659 739 1726 ubi
760 1683 835 1727 vero
857 1662 973 1726 corruit
994 1661 1124 1729 obrutus

97 1755 178 1835 telis,
194 1756 268 1820 inde
281 1755 344 1820 iam
357 1754 435 1820 haut
448 1754 542 1821 dubie
556 1764 772 1821 consternatae
786 1756 928 1821 cohortes
938 1757 1127 1823 Latinorum

96 1851 212 1937 fugam
229 1871 267 1914 ac
284 1849 463 1915 vastitatem
479 1849 542 1916 late
559 1849 711 1914 fecerunt.
756 1849 850 1914 simul
871 1859 902 1914 et
918 1849 1054 1915 Romani
1071 1873 1127 1916 ex·
1145 1873 1177 1922 re

97 1944 211 2010 solutis
236 1943 387 2030 religione
413 1943 540 2021 animis,
566 1944 653 2009 velut
679 1953 745 2007 tum
770 1943 907 2028 primum
935 1944 1025 2031 signo
1052 1945 1125 2011 dato

96 2037 211 2115 coorti,
229 2059 370 2124 pugnam
386 2037 540 2124 integram
559 2038 731 2102 ediderunt.
775 2060 851 2103 nam
873 2048 904 2102 et
924 2038 1033 2103 rorarii
1053 2061 1178 2124 pro-14

94 2131 266 2198 currebant
285 2133 366 2197 inter
388 2133 583 2217 antepilanos
602 2131 821 2216 addebantque
838 2132 920 2197 vires
938 2132 1070 2198 hastatis
1088 2156 1125 2199 ac

96 2225 309 2312 principibus,
337 2235 368 2290 et
390 2227 487 2291 triarii
507 2248 593 2312 genu
614 2227 724 2291 dextro
741 2225 840 2290 innixi
857 2233 968 2290 nutum
987 2227 1125 2293 consulis

93 2321 140 2388 ad
157 2322 413 2407 consurgendum
431 2321 664 2407 exspectabant.

160 2413 209 2480 X.
253 2414 447 2480 Procedente
470 2417 583 2480 deinde
606 2416 773 2482 certamine
796 2437 869 2480 cum
891 2415 959 2480 aliis
981 2414 1124 2501 partibus
1144 2439 1158 2487 1

93 2509 266 2576 multitudo
297 2519 458 2595 superaret
482 2511 683 2588 Latinorum,
715 2509 855 2575 Manlius
882 2508 992 2575 consul
1018 2510 1125 2575 audito

95 2614 216 2672 eventu
243 2604 382 2692 collegae
409 2627 494 2684 curn,
522 2615 558 2670 ut
578 2606 628 2670 ius
651 2604 764 2689 fasque
787 2613 866 2683 erat,
892 2604 1039 2669 lacrumis
1061 2626 1126 2668 non

94 2701 202 2766 minus
216 2721 311 2784 quam
323 2699 469 2766 laudibus
484 2699 597 2765 debitis
610 2709 794 2786 prosecutus
809 2708 874 2765 tam
890 2696 1126 2763 memorabilem
1221 2740 1224 2746 ·

94 2805 232 2860 mortem
250 2804 347 2872 esset,
369 2794 529 2880 paulisper
546 2794 754 2872 addubitavit,
778 2817 820 2859 au
836 2793 1045 2880 consurgendi
1061 2793 1126 2858 iam
1144 2813 1159 2861 2

93 2891 213 2956 triariis
232 2899 355 2976 tempus
374 2899 458 2955 esset
463 2916 472 2969 ;
491 2891 603 2956 deinde
617 2890 728 2955 melius
743 2899 843 2969 ratus,
862 2891 1001 2977 integros
1016 2913 1070 2956 eos
1085 2889 1126 2955 ad

92 2985 245 3049 ultimum
271 2985 438 3050 discrimen
465 2986 595 3063 servari,
623 3006 772 3049 accensos
796 2984 835 3049 ab
861 2985 1034 3050 novissima
1059 2984 1126 3049 acie

93 3089 169 3144 ante
197 3078 289 3165 signa
313 3079 482 3165 procedere
508 3077 603 3144 iubet.
648 3078 702 3161 qui
724 3077 778 3142 ubi
801 3076 938 3152 subiere,
967 3077 1159 3162 extemp103

96 3172 221 3249 Latini,
246 3181 406 3256 tamquam
423 3173 506 3237 idem
524 3171 693 3237 adversarii
715 3169 876 3248 fecissent,
904 3169 1026 3234 triarios
1050 3190 1124 3234 suos

92 3266 327 3345 excitaverunt;
355 3267 409 3351 qui
430 3267 622 3351 aliquamdiu
643 3289 751 3352 pugna
772 3263 870 3330 atroci
887 3285 959 3328 cum
977 3272 1008 3328 et
1026 3271 1126 3328 semet

93 3361 159 3448 ipsi
180 3359 370 3446 fatigassent
391 3369 422 3426 et
443 3360 550 3427 hastas
569 3371 628 3435 ,aut
648 3359 892 3447 praefregissent
910 3366 964 3423 aut
980 3356 1126 3423 hebetas-

92 3467 182 3534 sent,
201 3455 353 3541 pellerent
369 3454 402 3522 vi
419 3464 524 3521 tamen
541 3456 677 3534 hostem,
697 3454 887 3521 debellatum
904 3454 967 3518 iam
984 3453 1043 3518 rati
1054 3474 1126 3538 per-

92 3550 291 3633 ventumque
309 3549 350 3615 ad
367 3558 539 3615 extremam
552 3549 665 3627 aciem,
684 3558 751 3613 tum
765 3548 874 3614 consul
888 3547 1014 3613 triariis:
1035 3552 1124 3612 ‘con-
1141 3566 1158 3613 4
1241 3584 1246 3590 ·

90 3644 219 3732 surgite
246 3642 342 3709 nuno'
368 3643 469 3727 inquit
495 3643 622 3730 ‘integri
648 3644 799 3708 adversus
825 3642 943 3720 fessos,
970 3663 1124 3707 memores

90 3739 218 3826 patriae
235 3747 462 3823 parentumque
481 3748 512 3802 et
529 3739 698 3824 coniugum
716 3760 752 3803 ac
769 3737 952 3815 liberorum,
971 3757 1124 3801 memores

85 3831 238 3900 consulis
256 3854 314 3918 pro
331 3842 436 3897 vestro
453 3832 582 3897 victoria
599 3841 697 3896 morte
716 3830 916 3898 occubantis?
956 3830 1011 3895 ubi
1028 3827 1125 3892 triarii
1143 3847 1158 3895 a

87 3936 363 4006 consurrexerunt
379 3927 506 4013 integri,
529 3926 758 4012 refulgentibus
781 3926 889 4002 armis,
916 3946 999 3988 nova
1020 3943 1060 3986 ex
1076 3920 1125 3984 in-

84 4023 225 4112 proviso
244 4020 352 4095 exorta
369 4021 622 4107 acies‚'receptis
640 4021 674 4084 in
690 4020 851 4086 intervalla
874 4018 1017 4084 ordinum
1038 4023 1125 4080 ante-
