2566 4524
145 260 211 327 404
408 267 529 323 uranu
545 266 631 336 vm,
651 266 675 322 1.
689 267 714 319 a.
732 247 771 334 [a.
782 281 808 319 a
820 282 842 320 0.
852 264 917 335 414]

96 452 128 504 13
146 431 223 497 facti
239 429 412 511 futurique,
435 424 505 491 laus
524 422 569 489 211Ι
581 445 684 510 poena
701 421 811 488 merita
833 430 927 487 esset
965 426 1016 487 ‘ut
1036 443 1082 487 me
1102 445 1156 488 om-

147 525 228 603 nes‚'
246 524 348 608 inquit
367 528 477 606 ‘pater
496 529 550 583 tuo
570 518 723 606 sanguine
741 526 844 582 ortum
862 538 937 584 vere
955 515 1084 597 ferrent,
1099 541 1155 606 pro

146 629 277 686 vocatus
296 616 453 702 equestria
469 614 549 678 haec
567 614 667 699 spolia
685 622 777 699 capta
794 635 834 677 ex
850 611 943 678 hoste
962 633 1055 678 caeso
1066 612 1156 699 porto*

98 737 130 784 14
149 714 234 798 quod
255 712 311 778 ubi
333 709 453 775 audivit
475 709 597 786 consul,
625 707 781 793 extemplo
803 706 904 771 filium
922 715 1084 774 aversatus
1099 728 1157 773 con·

99 829 131 876 15
150 809 266 872 tionem
289 805 420 871 classico
442 803 589 868 advocari
609 801 711 868 iussit.
756 822 837 885 quae
858 799 914 866 ubi
937 800 1084 886 frequens
1099 823 1158 868 con·

149 901 249 966 venit:
269 896 483 984 ‘quandoque'
500 897 602 981 inquit
620 902 681 973 ‘tu,
702 895 740 960 Τ.
755 895 872 972 Manli,
889 917 997 980 neque
1014 895 1157 982 imperium

150 993 314 1060 consulare
327 1013 430 1076 neque
442 991 638 1056 maiestatem
651 990 785 1076 patriam
796 990 915 1055 veritus
928 990 1080 1056 adversus
1091 989 1158 1055 odio·

100 1110 131 1160 16
150 1099 218 1153 tum
235 1096 377 1153 nostrum
396 1094 484 1150 extra
501 1086 641 1151 ordinem
658 1085 691 1149 in
708 1084 831 1151 hostem
848 1085 1003 1171 pugnasti
1020 1094 1064 1163 et,
1080 1106 1159 1169 quan·

151 1194 219 1247 tum
240 1182 274 1247 in
292 1191 322 1246 te
339 1181 413 1259 fuit,
438 1180 634 1264 disciplinam
652 1179 831 1258 militarem,
855 1201 918 1262 qua
937 1179 1026 1244 stetit
1042 1179 1081 1244 ad
1096 1177 1161 1243 huno

151 1277 235 1342 diem
255 1277 400 1343 Romana
425 1298 490 1353 res,
519 1274 640 1339 solvisti
665 1296 778 1358 meque
803 1274 836 1338 in
862 1295 933 1338 eam
959 1273 1161 1339 necessitatem

151 1371 323 1449 adduxisti,
351 1379 387 1435 ut
408 1378 462 1435 aut
482 1369 528 1434 rei
550 1367 694 1454 publicae
716 1367 793 1433 mihi
815 1377 869 1432 aut
889 1367 954 1433 mei
977 1387 1161 1451 meorumque

102 1485 133 1535 1⁷
152 1465 401 1531 obliviscendum
427 1464 481 1541 sit,
508 1485 566 1528 nos
592 1463 697 1550 potius
723 1471 831 1528 nostro
857 1460 972 1527 delicto
999 1461 1161 1548 plectemur,

153 1581 248 1643 quam
272 1581 323 1623 res
350 1557 476 1643 publica
498 1566 584 1624 tanto
607 1580 664 1624 suo
687 1558 801 1623 damno
823 1565 930 1623 nostra
951 1568 1084 1643 peccata
1102 1556 1161 1620 luat

153 1653 241 1717 triste
263 1651 456 1738 exemplum,
485 1652 597 1717 sedin
618 1660 779 1737 posterum
802 1650 927 1716 salubre
948 1650 1105 1722 iuventuti
1119 1647 1162 1715 eri-

103 1769 135 1816 18
153 1770 234 1812 mus.
270 1768 321 1811 me
344 1746 471 1830 quidem
493 1769 566 1811 cum
583 1746 724 1832 ingenita
742 1745 854 1810 caritas
871 1744 1009 1811 liberum
1027 1754 1094 1811 tum
1110 1763 1162 1830 spc-

154 1843 256 1907 cimen
276 1841 362 1907 istud
379 1841 501 1906 virtutis
520 1841 688 1926 deceptum
704 1863 786 1905 vana
803 1839 941 1926 imagine
960 1839 1085 1906 decoris
1100 1839 1162 1904 into
1180 1854 1185 1863 ·

104 1958 134 2004 19
153 1945 272 2005 movet:
300 1935 356 2001 sed
378 1957 450 2000 cum
472 1946 527 2000 aut
548 1944 647 2001 morte
670 1943 724 1999 tua
746 1934 915 2000 sancienda
937 1934 1003 2001 sint
1020 1933 1162 2002 consulum

153 2028 285 2113 imperia
312 2036 366 2094 aut
390 2028 564 2113 inpunitate
585 2029 619 2094 in
640 2039 826 2114 perpetuum
848 2028 1048 2116 abroganda,
1074 2049 1127 2094 nec
1143 2033 1163 2089 tc

155 2122 295 2205 quidem,
319 2122 347 2186 si
368 2122 445 2207 quid
465 2122 546 2188 inte
564 2124 663 2188 nostri
681 2123 842 2210 sanguinis
861 2132 924 2202 est,
946 2145 1095 2190 recusare
1111 2143 1164 2189 cer·

156 2238 256 2294 seam,
288 2216 364 2300 quin
390 2216 588 2302 disciplinam
614 2217 779 2282 militarem
806 2217 898 2302 culpa
924 2227 980 2282 tua
1006 2217 1164 2304 prolapsam

104 2331 137 2378 20
154 2333 257 2395 poena
277 2312 433 2376 restituas.
477 2311 502 2388 i,
529 2310 627 2388 lictor,
655 2311 759 2398 deliga
780 2311 821 2376 ad
842 2311 971 2396 palum.’
1018 2305 1164 2377 exanimo

156 2427 264 2469 omnes
283 2414 348 2469 tam
366 2405 462 2469 atroci
480 2404 624 2489 imperio,
648 2427 706 2470 nec
724 2405 813 2470 aliter
830 2427 926 2490 quam
943 2406 980 2469 iu
998 2429 1033 2472 se
1053 2405 1164 2490 quisque

157 2499 341 2571 destrictam
354 2508 515 2564 cernentes
531 2521 686 2578 securem,
705 2509 791 2565 metu
804 2501 905 2586 magis
920 2522 1019 2585 quam
1032 2497 1164 2566 modestia

105 2613 135 2660 21
156 2595 311 2677 quievere.
338 2595 443 2678 itaque
457 2594 543 2659 velut
557 2616 678 2660 emerso
697 2594 736 2661 ab
755 2596 960 2661 admiratione
980 2598 1095 2675 animo,
1113 2613 1163 2660 cun
1200 2646 1201 2650 ,

156 2688 279 2755 silentio
298 2689 392 2753 defixi
411 2691 583 2767 stetissent,
606 2699 747 2774 repente,
766 2699 934 2776 postquam
952 2692 1078 2759 cervice
1094 2707 1164 2756 cocu

155 2783 246 2847 fusus
265 2790 314 2846 est
331 2805 430 2860 cruor,
449 2791 516 2846 tum
533 2783 632 2849 libero
651 2794 824 2868 conquestu
842 2795 968 2850 coortae
988 2808 1085 2853 voces
1103 2790 1163 2856 sunt
1200 2832 1201 2839 1

106 2893 137 2939 22
157 2884 191 2939 ut
208 2897 310 2958 neque
332 2875 476 2942 lamentis
499 2899 602 2962 neque
624 2879 872 2944 execrationibus
894 2890 1087 2965 parceretur,
1112 2898 1164 2964 spo

155 2969 268 3054 liisquc
300 2979 475 3036 contectum
506 2973 628 3037 iuvenis
659 2996 785 3059 corpus,
818 2983 973 3058 quantum
999 2973 1163 3040 militaribus

157 3064 269 3130 studiis
300 3064 397 3130 funus
428 3066 528 3130 ullum
560 3067 770 3133 concelebrari
799 3076 917 3153 potest,
951 3078 1074 3135 structo
1099 3076 1163 3134 21111

156 3160 274 3226 vallum
300 3183 377 3248 rogo
409 3169 610 3238 cremaretur,
641 3161 865 3246 Manlianaque
895 3162 1033 3249 imperia
1061 3161 1163 3230 nonio

155 3256 333 3341 praesentia
354 3256 448 3321 modo
470 3256 638 3335 horrenda,
667 3258 723 3322 sed
745 3258 880 3344 exempli
907 3258 1006 3324 etiam
1032 3260 1124 3326 tristis
1142 3254 1163 3319 in

156 3359 317 3434 posterum
336 3359 450 3416 essent.

124 3467 136 3512 1
222 3442 316 3507 VIII.
351 3444 441 3509 Fecit
466 3453 572 3510 tamen
599 3446 744 3511 atrocitas
770 3467 890 3531 poenae
917 3445 1162 3515 oboedientiorem

157 3536 230 3603 duci
251 3536 395 3616 militem,
423 3549 454 3605 et
475 3549 692 3626 praeterquam
714 3541 982 3626 quod-custodiae
1000 3545 1164 3633 vigiliaeque

159 3640 190 3696 et
208 3632 284 3696 ordo
303 3634 471 3700 stationum
484 3636 657 3702 intentioris
670 3637 787 3723 ubique
800 3659 893 3704 curae
907 3650 1014 3720 erant,
1032 3638 1163 3706 inultm

159 3726 253 3792 etiam
271 3730 453 3810 certamine,
472 3753 544 3797 cum
558 3732 745 3798 descensum
762 3733 796 3798 in
813 3734 913 3799 aciem
932 3745 997 3817 est,
1018 3758 1055 3802 ea
1072 3728 1163 3801 severi·

123 3843 138 3890 2
157 3831 204 3887 tas
223 3821 349 3907 profuit.
377 3822 437 3888 fuit
454 3835 558 3892 autem
577 3827 661 3892 civili
679 3827 814 3894 maxime
832 3827 916 3894 bello
933 3852 1045 3918 pugna
1062 3824 1162 3896 similit·

157 3918 236 4027 adeo
253 3918 330 3982 nihil
349 3921 433 4006 apud
451 3922 584 3989 Latinos
603 3923 765 3990 dissonum
785 3922 824 3990 ab
842 3923 992 3991 Romana
1009 3949 1043 3992 re
1063 3929 1162 4014 praet&

157 4035 278 4079 ammos
298 4023 372 4080 erat.
