2566 4524
288 249 408 305 mann
425 249 481 321 vr,
498 248 541 304 41.
555 249 597 306 42.
617 254 654 320 [a.
666 250 765 308 caes.
778 251 841 322 aar]
1019 241 1085 312 349
1138 217 1141 220 ’

61 409 165 477 Tatius
191 408 226 473 in
247 407 325 473 urbe
347 407 492 473 Romana
512 417 658 495 regnent,
686 408 760 493 quia
781 410 931 495 pecunias
954 412 1083 493 alienas,

61 505 129 590 quia
144 524 240 590 agros
257 502 342 568 dono
359 502 444 567 dant.
476 511 563 568 tanta
580 502 713 568 dulcedo
732 513 780 569 est
798 527 838 569 ex
855 505 965 572 alienis
983 507 1083 572 fortu-
1101 529 1133 578 11

61 600 101 668 nis
114 597 303 685 praedandi,
320 596 425 664 necin
438 606 576 663 mentem
589 598 686 677 venit,
704 598 802 664 altera
811 599 885 687 lege
899 602 1083 671 solitudines

60 702 158 758 rastas
175 693 211 757 in
229 691 313 778 agris
330 690 400 758 fieri
410 690 556 778 pellendo
569 691 686 758 tinibus
700 693 859 772 dominos,
878 695 976 761 altera
987 697 1083 762 fidem

60 786 209 874 rbrogari,
224 808 297 851 oum
308 807 373 870 qua
384 785 488 851 omnis
501 785 640 852 humana
652 786 786 853 societas
796 788 923 855 tollitur.
943 791 1083 856 omnium
1102 809 1133 858 12

60 903 156 948 mum
184 903 280 946 causa
305 879 396 946 vobis
423 879 631 964 antiquandas
658 902 772 946 censeo
792 881 871 949 istas
890 885 1080 971 rogationes.

60 975 138 1060 quod
155 973 279 1051 faxitis,
298 974 374 1039 deos
392 973 488 1039 velim
505 973 684 1039 fortunare!

114 1067 310 1134 XXXXII.
339 1064 450 1142 Oratio
459 1066 547 1153 Appi
560 1068 601 1133 ad
613 1068 647 1132 id
659 1068 754 1133 modo
772 1068 884 1148 vnluit,
903 1080 938 1135 ut
956 1081 1080 1159 tempus
1101 1095 1115 1141 1

60 1164 250 1251 rogationum
264 1161 471 1229 iubendarum
480 1162 679 1249 proferretur.
697 1161 807 1228 refecti
817 1163 984 1230 decumum
997 1168 1082 1234 idem
1100 1187 1115 1234 2

60 1258 169 1324 tribuni
180 1255 308 1323 Sextius
323 1267 354 1322 et
361 1256 506 1322 Licinius
520 1257 560 1322 de
573 1256 758 1322 decemviris
771 1278 931 1323 sacrorum
945 1280 985 1325 ex
992 1272 1094 1348 parte·

60 1353 95 1418 de
110 1351 203 1438 plebe
221 1351 363 1417 creandis
376 1351 480 1438 legem
493 1350 657 1437 pertulere.
686 1350 782 1416 creati
794 1351 932 1436 quinque
944 1364 1080 1440 patrum,

60 1447 192 1531 quinque
208 1445 325 1533 plebis,
341 1447 506 1533 graduque
523 1467 562 1510 eo
579 1445 643 1511 iam
660 1445 713 1510 via
729 1444 814 1510 facta
830 1446 871 1511 ad
884 1447 1083 1516 consulatum

60 1541 227 1608 videbatur.
261 1541 323 1607 hac
348 1541 478 1606 victoria
504 1549 650 1606 contenta
674 1539 784 1626 plebes
811 1540 907 1606 cessit
927 1543 1080 1628 patribus,
1100 1561 1115 1610 3

60 1637 142 1702 utin
162 1637 342 1722 praesentia
362 1636 528 1702 consulum
548 1635 706 1702 mentione
728 1636 847 1703 omissa
867 1637 984 1704 tribuni
1001 1642 1083 1706 mili-

59 1754 120 1798 um
137 1740 326 1797 crearentur.
361 1731 457 1797 creati
473 1728 516 1796 A.
536 1742 568 1796 et
584 1729 632 1794 M.
649 1728 789 1795 Cornelii
805 1731 934 1811 iterum,
952 1733 1001 1799 M.
1017 1732 1083 1802 Ge.

59 1825 180 1913 ganius,
208 1824 247 1891 P.
269 1824 425 1903 Manlius,
451 1824 494 1890 L.
518 1822 683 1903 Veturius,
709 1823 748 1888 P.
772 1823 918 1891 Valerius
945 1837 1079 1893 sextum.

59 1940 126 1985 oum
138 1928 264 2006 praeter
276 1917 467 1984 Velitrarum
485 1918 695 1996 obsidionem,
713 1918 794 1984 tardi
810 1919 913 2006 magis
930 1943 998 1986 rem
1015 1921 1082 1986 exi-
1098 1938 1116 1984 4

59 2030 103 2079 tus
131 2036 229 2099 quam
254 2013 356 2092 dubii,
387 2014 511 2098 quietae
536 2022 683 2078 externae
708 2036 765 2100 res,
785 2013 938 2080 Romanis
965 2027 1079 2095 essent,

59 2106 139 2172 lama
155 2129 269 2193 repens
286 2106 362 2173 belli
380 2103 494 2173 Gallici
512 2106 606 2172 allata
626 2107 763 2193 perpulit
785 2107 956 2187 civitatem,
979 2118 1015 2174 ut
1031 2109 1079 2174 M.

59 2199 167 2266 Furius
187 2201 319 2266 dictator
335 2201 479 2285 quintum
496 2201 658 2266 diceretur.
689 2200 722 2265 is
742 2199 780 2264 T.
795 2199 979 2284 Quinctium
996 2202 1081 2268 Pen-

59 2318 128 2361 rum
148 2295 336 2381 magistrum
359 2295 499 2379 equitum
520 2293 607 2360 dixit.
648 2293 798 2360 bellatum
821 2317 894 2360 cum
917 2293 1018 2361 Gallis
1042 2315 1113 2363 eos

59 2412 134 2456 tnnc
160 2389 245 2455 circa
265 2387 424 2455 Anienem
448 2389 567 2454 fiumen
592 2398 701 2454 auctor
727 2397 775 2454 est
798 2387 965 2467 Claudius,
992 2390 1082 2455 incli-

59 2505 180 2570 amqne
200 2484 235 2547 in
251 2493 346 2571 ponte
363 2506 518 2571 pugnam,
542 2505 605 2569 qua
622 2483 660 2548 Τ.
679 2482 819 2548 Manlius
840 2480 983 2561 Gallum,
1007 2505 1080 2549 cum

59 2599 115 2664 quc
138 2587 328 2665 provocatus
354 2600 466 2644 manus
493 2578 662 2655 conseruit,
688 2577 722 2641 in
749 2586 919 2663 conspectu
945 2578 1105 2642 duorum

58 2673 246 2741 exercituum
264 2693 391 2738 caesum
408 2681 518 2758 torque
537 2671 696 2759 spoliavit,
715 2680 782 2740 tum
795 2679 976 2759 pugnatam.
1007 2670 1078 2757 plu·
1098 2691 1112 2739 a

58 2765 137 2834 ibus
156 2765 337 2832 auctoribus
355 2766 457 2853 magis
479 2765 618 2832 adducor
639 2775 675 2831 ut
696 2767 835 2844 credam,
863 2767 972 2832 decem
993 2765 1080 2832 haud

58 2861 155 2926 ninus
182 2870 255 2946 post
281 2882 380 2925 annos
408 2882 446 2925 aa
471 2870 554 2949 acta,
581 2859 643 2926 hoc
665 2870 770 2925 antem
793 2883 875 2926 anno
896 2860 930 2925 in
951 2858 1078 2926 Albano

58 2977 126 3044 ,gro
150 2976 224 3019 cum
246 2951 349 3020 Gallis
372 2955 522 3020 dictatore
542 2953 591 3020 M
614 2955 710 3021 Furio
734 2955 826 3042 signa
852 2954 984 3021 conlata.
1020 2973 1112 3020 nect

58 3048 147 3115 lubia
168 3070 228 3114 nee
250 3048 388 3116 difficilis
404 3048 572 3127 Romanis,
599 3070 791 3134 quamquam
812 3049 973 3135 ingentem
992 3046 1078 3114 Galli

58 3164 200 3213 errorem
218 3143 369 3211 memoria
385 3143 535 3230 pristinae
553 3143 651 3210 cladis
664 3142 844 3219 attulerant,
863 3142 994 3207 victoria
1006 3142 1075 3206 fuit.

58 3236 149 3304 nulta
161 3237 250 3305 milia
262 3238 466 3304 barbarorum
479 3239 512 3304 in
525 3238 602 3316 acie,
620 3236 720 3303 multa
732 3236 831 3322 captis
846 3235 956 3301 castris
970 3256 1076 3314 caesa,

58 3332 145 3398 »alati
160 3331 215 3397 alii
227 3331 380 3419 Apuliam
397 3333 534 3398 maxime
550 3341 693 3418 petentes
711 3353 784 3396 cum
801 3329 879 3418 fuga
895 3328 1076 3417 longinqua,
1094 3345 1111 3395 8
1171 3364 1172 3367 ¹

58 3451 115 3493 um
138 3426 227 3512 quod
247 3427 368 3513 passim
390 3449 444 3493 eos
468 3426 561 3492 simul
581 3449 682 3514 pavor
703 3435 862 3510 terrorque
884 3423 1077 3502 distulerant,

57 3520 84 3589 .b
103 3519 200 3588 hoste
218 3543 288 3588 sese
307 3522 398 3588 tutati
415 3530 497 3588 sunt.
538 3519 682 3586 dictatori
699 3542 854 3587 consensu
871 3527 995 3606 patrum
1012 3518 1079 3605 pla

57 3616 163 3702 »isque
181 3615 359 3703 triumphus
372 3616 525 3683 decretus.
553 3614 684 3683 vixdum
697 3614 896 3700 perfunctum
909 3636 982 3680 eum
995 3612 1077 3678 bello
1096 3632 1112 3680 9

57 3710 185 3776 atrocior
206 3709 292 3776 domi
314 3711 425 3776 seditio
448 3709 586 3796 excepit3
612 3718 644 3774 et
664 3732 722 3795 per
742 3709 882 3795 ingentia
907 3707 1078 3774 certamina

57 3803 184 3870 lictator
200 3813 390 3890 senatusque
407 3805 525 3882 victus,
547 3812 583 3868 ut
599 3803 777 3891 rogationes
796 3803 978 3869 tribuniciae
996 3799 1078 3865 acei-

57 3906 211 3977 ›erentur,
235 3907 268 3967 et
288 3898 414 3967 comitia
436 3896 600 3965 consulum
623 3898 756 3965 adversa
776 3897 937 3962 nobilitate
959 3891 1076 3969 habita,

57 3991 166 4078 [uibus
183 3993 227 4060 L.
247 3990 376 4062 Sextius
394 3995 434 4061 de
450 3993 543 4082 plebe
560 3993 679 4080 primus
698 3991 808 4058 consul
825 3991 938 4057 factus.

1067 4226 1160 4250 *a
