2566 4524
381 259 501 319 umas
518 260 603 332 vm,
621 259 685 317 aa.
704 259 855 334 [acam]
1041 224 1128 321 '401

95 416 298 486 Samnitibus
330 415 415 482 bello
446 417 551 496 victis,
585 417 733 484 Sidicinis
762 419 996 508 Campanisque
1027 427 1131 507 sociis,

97 536 183 581 nunc
209 513 306 579 etiam
327 510 454 578 Volscis
477 513 632 578 adiunctis
654 514 817 594 videretis,
845 518 983 585 colonias
1006 542 1131 606 quoque

98 618 222 675 vestrm
236 604 390 672 Latinum
402 605 547 673 Romano
565 609 752 695 praetulisse
769 610 945 697 imperium.
978 615 1035 680 sed
1054 638 1132 700 quo-
1150 639 1167 686 4

96 705 185 771 niam
199 725 258 768 vos
276 723 373 790 regno
392 700 546 788 inpotenti
563 703 658 769 finem
677 713 713 769 ut
730 706 886 793 inponatis
905 731 967 774 non
985 709 1133 776 inducitis

96 799 131 865 in
156 796 313 873 animum,
343 817 418 874 nos,
449 817 642 882 quamquam
668 800 765 865 armis
791 823 962 889 possumus
988 804 1133 875 adserere

96 893 232 959 Latium
249 891 282 956 in
294 888 484 969 libertatern,
504 893 768 980 consanguinitati
781 904 886 961 tamen
898 897 959 963 hoc
973 887 1130 978 dabimus,

96 997 133 1054 ut
160 985 362 1053 condiciones
387 985 477 1072 pacis
500 985 638 1052 feramus
661 1010 777 1074 aequas
800 991 954 1075 utrisque,
982 994 1131 1078 quoniam

96 1083 183 1149 vires
202 1101 328 1167 quoque
345 1078 474 1164 aequari
491 1080 552 1145 diis
569 1081 787 1149 inmortalibus
804 1083 931 1170 placuit.
968 1088 1131 1153 consulem
1150 1111 1165 1157 s

96 1178 234 1245 alterum
251 1175 369 1254 Roma,
392 1174 524 1240 alterum
543 1198 582 1240 ex
598 1176 695 1242 Latio
719 1179 816 1244 creari
840 1188 975 1265 oportet,
1003 1184 1156 1247 senatus

97 1281 222 1360 partem
249 1291 383 1354 aequam
404 1291 445 1334 ex
466 1279 598 1354 utraque
620 1280 714 1358 gente
736 1282 820 1350 esse,
848 1296 948 1337 unum
969 1274 1131 1360 populum,

96 1389 197 1432 unam
218 1387 286 1431 rem
306 1363 466 1452 publicam
487 1363 569 1444 fieri3
597 1374 629 1430 et
650 1376 686 1432 ut
706 1367 829 1453 imperii
851 1368 961 1433 eadem
980 1370 1071 1436 sedes
1090 1371 1132 1435 sit
1149 1392 1164 1439 e

96 1461 248 1544 idemque
270 1457 416 1525 omnibus
438 1481 566 1538 nomen,
593 1461 743 1544 quoniam
765 1460 806 1528 ab
828 1461 925 1527 altera
946 1472 1018 1529 utra
1042 1472 1131 1549 parte

98 1555 233 1622 concedi
256 1576 386 1620 necesse
409 1564 470 1633 est,
498 1555 583 1639 quod
600 1556 743 1640 utrisque
759 1556 840 1624 bene
858 1567 971 1638 vertat,
996 1560 1036 1625 sit
1053 1560 1132 1625 haec

100 1673 177 1715 sane
196 1649 298 1735 patria
318 1647 422 1735 potior
443 1658 475 1714 et
491 1649 629 1716 Romani
650 1673 760 1717 omnes
782 1652 950 1718 vocemur?
985 1654 1066 1720 forte
1088 1655 1132 1719 ita
1150 1677 1164 1723 7

97 1744 229 1822 accidit,
253 1753 288 1808 ut
308 1766 417 1829 parem
439 1743 576 1810 ferociae
597 1745 692 1811 huius
710 1755 741 1811 et
757 1745 894 1812 Romani
912 1747 1073 1814 consulem
1091 1748 1130 1814 Τ.

96 1839 258 1907 Manlium
275 1838 440 1918 haberent,
459 1839 514 1924 qui
531 1840 610 1906 adeo
628 1863 692 1906 non
709 1841 808 1906 tenuit
824 1842 917 1920 nam,
936 1851 984 1920 ut,
1005 1843 1032 1907 si
1045 1851 1132 1908 tanta

96 1934 259 2001 dementia
275 1942 380 2018 patres
399 1933 593 2020 conscriptos
611 1935 761 2021 cepisset,
780 1944 814 2001 ut
827 1935 867 2001 ab
880 1933 990 2002 Setino
1003 1937 1131 2002 homine

97 2028 190 2114 leges
206 2028 396 2112 acciperent,
418 2027 525 2115 gladio
543 2029 680 2094 cinctum
696 2030 730 2094 in
748 2040 893 2096 senatum
909 2040 1077 2096 venturum
1096 2054 1131 2097 se

97 2143 171 2188 esse
193 2121 299 2207 palem
321 2121 437 2187 diceret
460 2130 491 2187 et
513 2143 743 2207 quemcumque
760 2124 794 2189 in
811 2125 898 2190 curia
913 2126 1067 2191 Latinum
1084 2126 1132 2191 vi-

97 2217 202 2282 disset
220 2238 279 2282 sua
298 2239 395 2282 manu
416 2216 684 2302 interempturum.
722 2227 753 2295 et
776 2240 946 2284 conversus
970 2222 1010 2284 ad
1033 2220 1131 2285 simu·
1148 2241 1164 2290 8
1234 2223 1236 2228 ’

95 2311 220 2377 lacrum
233 2309 334 2376 Iovis:
354 2311 452 2389 ‘audi
466 2310 617 2398 Iuppiter,
636 2311 715 2376 haec
729 2311 866 2389 scelera,’
883 2313 985 2395 inquit
999 2313 1128 2390 ‘audite

95 2405 155 2473 Ius
172 2405 316 2489 Fasque:
342 2406 523 2493 peregrinos
542 2405 687 2471 consules
710 2416 742 2471 et
762 2406 963 2493 peregrinum
986 2417 1130 2472 senatum

95 2503 132 2568 in
149 2510 220 2579 tue,
243 2501 394 2587 Iuppiter,
419 2511 573 2589 augurato
596 2502 712 2588 templo
734 2513 845 2588 captus
867 2512 960 2585 atque
982 2502 1051 2588 ipse
1074 2525 1131 2588 op-

97 2619 230 2684 pressus
248 2597 375 2661 visurus
394 2596 448 2662 es?
473 2595 603 2662 haecine
620 2597 749 2662 foedera
766 2596 879 2662 Tullus
891 2596 1055 2662 Romanus
1073 2618 1131 2662 rex
1150 2619 1164 2666 9

96 2714 172 2758 cum
187 2690 337 2770 Albanis,
355 2690 497 2779 patribus
511 2691 633 2768 vestris,
652 2691 775 2771 Latini,
793 2691 872 2757 haec
885 2692 927 2757 L.
938 2692 1129 2776 Tarquinius

95 2786 266 2853 vobiscum
284 2794 395 2872 posteo
410 2785 505 2851 fecit?
530 2807 595 2851 non
612 2787 698 2850 venit
714 2786 748 2851 in
765 2789 902 2853 mentem
919 2810 1028 2875 pugna
1045 2787 1131 2875 apud
1150 2807 1182 2855 10

95 2880 261 2968 Regillum
282 2880 406 2947 lacum?
430 2880 509 2945 adeo
531 2891 563 2945 et
585 2879 721 2945 cladium
742 2891 885 2947 veterum
907 2893 1081 2949 vestrarum
1098 2890 1130 2947 et

95 2976 324 3044 beneficiorum
341 2989 519 3042 nostrorum
537 2997 614 3062 erga
630 2999 688 3042 vos
707 2975 795 3042 obliti
814 2977 923 3043 estisi'

162 3069 224 3137 VI.
253 3070 337 3136 Cum
350 3070 488 3137 consulis
502 3092 613 3135 vocem
627 3069 796 3136 subsecuta
812 3082 937 3157 patrum
954 3071 1129 3156 indignatio
1151 3095 1161 3140 1

98 3173 199 3244 esset,
216 3165 358 3252 proditur
369 3164 548 3243 memoriae,
567 3165 718 3231 adversus
732 3165 873 3230 crebram
890 3163 1130 3251 inplorationem

94 3260 210 3339 deum,
227 3280 309 3345 qnos
327 3268 423 3326 testes
441 3258 606 3325 foederum
624 3259 749 3346 saepius
766 3259 955 3325 invocabant
972 3258 1128 3337 consules,

93 3375 212 3422 vocem
236 3353 327 3421 Anni
353 3352 528 3440 spernentis
553 3353 684 3419 numina
708 3354 795 3420 lovis
816 3354 953 3419 Romani
979 3353 1127 3420 auditam.

93 3460 184 3519 certe
202 3472 276 3517 cum
294 3461 469 3519 commotus
487 3450 534 3514 ira
547 3472 582 3516 se
595 3473 615 3517 a
626 3448 784 3516 vestibulo
798 3450 907 3536 templi
920 3449 1014 3516 citato
1027 3451 1129 3537 gradu
1148 3470 1162 3517 a

89 3545 287 3636 proriperet,
314 3545 423 3632 lapsus
446 3567 502 3632 per
523 3545 642 3632 gradus
665 3545 766 3630 capite
787 3546 925 3633 graviter
942 3545 1064 3611 offenso
1081 3545 1129 3610 in-

89 3649 213 3731 pactus
230 3639 296 3707 imo
312 3641 357 3709 ita
375 3648 423 3707 est
446 3662 537 3719 saxu,
564 3649 600 3706 ut
621 3640 784 3727 sopiretur.
821 3640 1033 3706 exanimatum
1055 3660 1162 3707 auc-3

88 3747 183 3805 tores
207 3736 357 3822 quoniam
377 3758 443 3803 non
465 3757 574 3803 omnes
597 3744 683 3815 sunt,
711 3735 789 3802 mihi
810 3758 934 3821 quoque
955 3737 989 3801 in
1010 3736 1128 3802 incerto

87 3832 244 3901 relictum
267 3831 321 3911 sit,
349 3832 431 3899 sicut
451 3830 532 3898 inter
553 3830 716 3898 foederum
741 3841 904 3918 ruptorum
930 3829 1127 3897 testationem

87 3924 222 4015 ingenti
238 3924 461 4017 fragorelcaeli
476 3925 647 4012 procellam
663 3926 812 4006 effirsam3
830 3949 905 3991 nam
917 3934 949 3990 et
965 3945 1041 3989 vera
1058 3943 1128 3986 esse

80 4035 127 4093 et.
157 4028 236 4108 apte
266 4021 308 4088 ad
336 4022 632 4111 repraesentandam
661 4022 741 4088 nam
767 4023 861 4088 deum
886 4021 961 4115 licta
987 4025 1128 4104 possunt.

146 4136 203 4182 aas
215 4140 259 4183 eor.
269 4140 288 4184 1.
922 4117 957 4172 26
