2566 4524
265 112 963 178 PERIOCHAELIBRORUMXVIII.XV1111.
1061 100 1125 171 tle

97 286 229 341 senatum
242 277 342 333 missus
358 278 474 346 questus
489 278 546 341 est,
566 271 595 324 in
610 270 712 344 quibus
725 270 800 327 inter
814 288 914 326 causas
932 242 1048 343 petendi
1063 289 1124 328 suc-

96 358 237 446 cessoris,
254 348 760 437 quodagelluseiusamereennurlis
774 349 903 404 desertus
918 355 1001 405 esset.
1038 367 1125 438 quae-

94 505 635 586 ras„
651 502 1125 577 assuris

94 585 395 648 Lacedaemoniorum·
406 584 481 637 duce
492 581 742 652 victusprcelioet
752 585 914 652 eaptnsest
939 581 1100 638 res-deinde
1108 599 1128 637 a

97 669 221 726 ducllm
234 661 372 719 Romanis
387 659 607 716 annunciem
620 657 749 728 marique
760 667 897 729 pinspsuc
915 664 1016 730 gestas
1032 659 1126 715 &tou

96 736 558 813 mmesuntuandragiaclasainm
594 733 864 790 manummerias
875 735 1127 807 prim-sulaha

95 820 228 895 pssum
242 817 380 871 mamus
394 817 569 869 creatus-cet
605 810 836 882 reuomentes·
842 813 969 882 duplum,
987 813 1061 885 iffi]
1070 813 1126 869 Va

95 899 187 956 leriae
199 895 340 951 Mennis
355 906 491 946 censores
502 905 567 945 cum
579 889 871 961 wnssumlegsoent,
883 889 1009 945 uded-
1025 896 1128 946 semla

95 979 262 1040 mosenum
280 972 400 1029 lustum
419 967 624 1038 conducunt,
644 982 702 1038 quse
721 972 897 1023 ausaausa
912 965 1015 1022 ciuium
1031 968 1129 1038 omits

98 1053 230 1108 ducenta
236 1047 396 1119 nonaginta
413 1051 520 1115 septem
539 1043 620 1099 milia
634 1043 824 1115 septingenta
833 1043 992 1115 nonginta
1010 1048 1126 1115 septem.

95 1120 856 1200 Regulusmissusuthudragmismibusustsenrtum,
874 1121 1083 1192 utdepaccet,
1103 1121 1127 1174 si

97 1220 165 1296 eam
172 1199 581 1334 pounpcmeffifflmeeffi
593 1197 808 1252 communalis
813 1198 933 1288 mpdvls
944 1203 1129 1330 w
1187 1253 1189 1258 ,

95 1282 475 1429 mamistenum,
487 1271 1018 1424 Qssssfflssissssffl
1025 1351 1127 1420 faites

97 1450 164 1491 oum
175 1432 236 1490 fide
248 1430 394 1488 custodita
404 1435 646 1499 muerscsessat,
658 1430 798 1502 supplicio
811 1428 1128 1503 aridasthaginiensibas

96 1515 135 1569 de
147 1528 185 1569 eo
199 1517 317 1584 sumpto
325 1510 408 1582 penu·

375 1754 575 1817 fonroone
596 1750 710 1814 amnt·
724 1753 857 1815 XVHH.

149 1900 803 1962 OescffiusMctcllusssaussumsusPssnus
815 1916 952 1974 prospere
965 1901 1057 1974 gestis
1065 1919 1128 1974 spe·

96 1985 211 2041 ciosum
230 1977 473 2052 egitffiumplrum
485 1974 624 2032 tredecim
633 1978 758 2034 daddus
773 1978 898 2035 hostiur!
914 1985 1071 2036 etcertum
1087 1981 1129 2034 vi·

59 2106 64 2117 .
95 2060 174 2134 ginti
192 2056 351 2127 elephantis
373 2056 403 2109 in
421 2070 456 2110 eo
475 2052 577 2108 ductis.
616 2051 752 2110 Claudius
768 2055 891 2110 Pulcher
909 2056 1011 2111 consul
1029 2055 1137 2112 contra

95 2130 521 2206 auspiciaprofectus-iussit
530 2131 619 2202 mergi
628 2131 733 2203 pullos,
748 2131 797 2204 qui
807 2130 895 2186 cibari
904 2132 1128 2189 nolebant—ln·

94 2211 223 2268 feliciter
235 2211 373 2266 adversus
390 2206 640 2278 Carthaginienses
654 2208 747 2264 classe
760 2208 911 2280 pugnavit,
930 2215 961 2264 et
976 2216 1129 2279 revocatus

96 2308 117 2345 a
137 2295 238 2343 senatu
259 2287 411 2356 iussusque
434 2284 600 2341 dictatorem
622 2285 717 2342 dicere
736 2283 885 2341 claudium
903 2285 1025 2343 Gliciam
1048 2287 1127 2356 dixit,

97 2363 187 2421 sortis
209 2363 325 2419 ultimae
348 2361 503 2431 hominem,
533 2362 582 2434 qui
606 2366 722 2418 coactus
749 2362 884 2419 abdicare
908 2379 938 2420 se
961 2362 1129 2435 magistratu

94 2447 203 2514 postea
217 2439 301 2493 ludos
314 2444 509 2508 praetextatus
523 2438 671 2509 spectarit.
706 2437 1008 2496 namurcensium
1022 2440 1128 2511 primus

96 2519 225 2574 dictator
239 2519 319 2572 extra
331 2515 442 2572 Italiam
459 2514 613 2572 exercitum
630 2515 718 2570 duxit
753 2517 935 2572 commutatio
954 2517 1130 2588 captivorum

96 2612 166 2668 cum
174 2593 281 2649 Poenis
294 2593 373 2650 iacta
382 2599 436 2650 est.
472 2592 601 2649 coloniae
616 2593 755 2651 deductae
766 2600 834 2649 sunt
841 2594 1000 2666 Fregenae,
1014 2594 1044 2649 in
1057 2610 1128 2666 agro

95 2670 261 2730 Sallentino
270 2669 462 2726 Brundisium.
480 2671 803 2728 lustrumacensoribus
814 2671 959 2728 conditum
968 2677 1020 2728 est
1043 2689 1130 2728 censa

97 2754 169 2806 sunt
178 2747 280 2804 civium
288 2749 385 2820 capita
393 2749 517 2804 ducenta
531 2747 723 2820 quadraginta
735 2766 823 2804 unum
836 2749 914 2806 milia
928 2751 1051 2806 ducenta
1060 2751 1129 2805 duo-

96 2825 203 2883 decim.
240 2824 373 2895 Claudia,
393 2841 474 2881 soror
483 2822 517 2879 P.
527 2821 641 2894 Claudi,
661 2825 710 2896 qui
723 2827 893 2897 contemptis
907 2827 1041 2898 auspiciis
1055 2828 1129 2882 male

94 2908 290 2976 pugnaverat,
300 2919 318 2958 a
327 2902 402 2958 ludis
411 2905 558 2958 revertens
567 2916 630 2956 oum
638 2902 723 2957 turba
731 2908 914 2972 premeretur,
930 2903 1000 2959 dixit
1009 2903 1129 2959 ‘utinam

95 2983 193 3039 frater
200 2995 279 3035 meus
288 2979 410 3036 viveret!
424 2977 526 3034 iterum
535 2978 655 3035 classem
665 2979 797 3035 duceret’
816 2979 926 3034 obeam
936 2995 1051 3035 causam
1059 2981 1128 3034 mul·

95 3056 319 3114 taeidictaest.
353 3057 410 3112 duo
419 3059 567 3127 praetores
576 3059 645 3111 tunc
652 3055 772 3126 primum
781 3054 870 3111 creati
878 3061 952 3111 sunt.
987 3054 1129 3112 Caecilius

96 3133 237 3189 Metellus
254 3132 385 3205 pontifex
406 3132 544 3188 maximus
561 3130 596 3187 A.
615 3132 791 3188 Postumium
812 3133 970 3198 consulem,
993 3131 1128 3205 quoniam

95 3212 179 3268 idem
193 3215 223 3265 et
236 3210 340 3266 flamen
353 3210 493 3266 Martialis
507 3216 580 3278 erat,
599 3226 662 3265 cum
674 3210 698 3266 Is
716 3211 753 3266 ad
766 3210 873 3266 bellum
890 3210 1045 3281 gerendum
1062 3226 1126 3279 pro·

97 3287 193 3343 ficisci
211 3289 312 3358 vellet,
335 3287 365 3342 in
382 3287 453 3342 urbe
472 3287 563 3343 tenuit
580 3303 634 3342 nec
651 3303 754 3357 passus
776 3293 856 3343 esta
879 3286 966 3341 sacris
983 3287 1127 3342 recedere.

97 3367 189 3421 rebus
204 3363 341 3418 adversus
354 3365 468 3420 Poenos
482 3379 500 3419 a
513 3363 642 3434 pluribus
657 3363 777 3419 ducibus
790 3379 926 3434 prospere
944 3363 1034 3434 gestis
1053 3380 1126 3417 sum·

96 3459 176 3498 mam
190 3439 327 3496 victoriae
337 3439 367 3496 G.
377 3440 509 3496 Lutatius
519 3441 619 3496 consul
633 3440 708 3496 victa
721 3441 759 3497 ad
771 3436 899 3510 Aegates
911 3439 1020 3496 insulas
1034 3440 1126 3495 classe

97 3521 268 3576 Poenorum
282 3516 424 3587 imposuit.
459 3517 621 3588 petentibus
631 3515 914 3589 Carthaginiensibus
927 3535 984 3590 pax
997 3519 1064 3574 data
1072 3522 1126 3572 est.

97 3612 166 3650 cum
180 3594 318 3664 templum
331 3595 436 3651 Vestae
450 3596 576 3664 arderet,
595 3593 735 3660 Caecilius
749 3593 882 3651 Metellus
896 3594 1026 3666 pontifex
1043 3592 1128 3649 maxi·

96 3689 163 3728 mus
174 3687 209 3725 ex
218 3670 351 3727 incendio
362 3687 443 3727 sacra
456 3671 561 3743 rapuit.
597 3671 673 3749 duae
683 3671 773 3728 tribus
784 3671 913 3729 adiectae
928 3676 1006 3742 suut,
1023 3667 1128 3728 Velina

96 3755 129 3806 et
139 3747 268 3812 Quirina.
