2566 4524
143 233 210 299 442
399 241 518 298 amna
535 240 636 311 vnn,
654 239 679 296 1.
692 240 719 296 2.
739 237 924 312 [asama]
1046 210 1050 218 ’

145 405 208 470 iras
226 426 301 470 suas
315 410 437 468 vertant
449 401 483 466 in
495 421 564 479 eos,
583 399 698 485 quibus
712 421 776 465 non
789 419 866 465 suae
878 397 1023 466 redditae
1035 420 1101 481 res,
1118 422 1178 468 non

144 497 266 564 alienae
280 495 499 562 adcumulatae
513 493 590 560 satis
605 493 677 574 sint,
693 514 826 580 quorum
840 493 1009 560 saevitiam
1020 517 1086 561 non
1098 518 1188 562 mors,

145 591 326 670 noxiorum,
344 613 408 657 non
426 588 543 656 deditio
556 588 806 655 exanimatorum
819 609 1004 675 corporum,
1021 611 1089 656 non
1100 588 1176 657 bons

147 687 311 773 sequentia
331 683 451 751 domini
472 682 664 750 deditionem
686 683 855 762 exsatient,
881 683 1006 770 placari
1025 695 1174 771 nequeant

146 782 209 847 nisi
237 779 447 846 hauriendum
478 778 664 866 sanguinem
689 775 898 862 laniandaque
924 778 1053 845 viscera
1078 789 1175 846 nostra

2 910 4 917 ·
97 878 129 948 1'0
146 874 393 965 praebuerimus.
428 874 548 941 iustum
571 882 620 939 est
640 870 773 952 bellum,
793 870 971 952 Samnites,
994 872 1109 959 quibus
1124 895 1174 940 ns-

147 971 335 1050 cessarium,
357 980 389 1036 et
409 969 463 1057 pia
485 992 585 1048 arma,
609 967 724 1054 quibus
742 967 829 1034 nulla
845 967 907 1034 nisi
923 969 959 1034 in
976 968 1075 1037 armis
1089 968 1170 1036 relin-

97 1091 127 1138 11
147 1067 254 1150 quitur
275 1087 358 1153 spes.
402 1063 534 1151 proinde
556 1085 628 1130 cum
649 1085 755 1129 rerum
776 1062 988 1129 humanarum
1009 1064 1172 1131 maximnm

147 1169 342 1227 momentum
360 1158 415 1238 sit,
433 1181 529 1245 quam
549 1157 693 1245 propitiis
710 1180 791 1235 rem,
810 1179 906 1243 quam
923 1157 1071 1225 adversis
1089 1166 1172 1246 agant

147 1254 222 1334 diis,
248 1277 307 1341 pro
329 1261 413 1320 certo
435 1251 564 1331 habete,
586 1252 691 1338 priora
712 1250 796 1318 bella
812 1250 966 1319 adversus
984 1251 1065 1320 deos
1082 1252 1172 1340 magis

146 1371 244 1435 quam
256 1347 400 1415 homines
413 1345 568 1434 gessisse,
585 1345 647 1412 hoc
660 1347 746 1432 quod
758 1346 854 1412 instat
871 1345 1007 1413 ducibus
1025 1347 1106 1435 ipsis
1121 1347 1172 1412 diis

172 1441 320 1510 saturos!

114 1564 128 1612 1
148 1468 171 1532 g
211 1538 257 1604 11.
284 1536 377 1603 Haec
389 1559 452 1603 non
464 1534 547 1603 laeta
559 1535 662 1623 magis
675 1558 772 1620 quam
785 1559 860 1602 vera
871 1536 1078 1616 vaticinatus,
1095 1558 1174 1602 exer·

50 1701 52 1704 Α
148 1633 213 1700 citu
226 1632 340 1698 educto
354 1631 437 1696 circa
451 1629 610 1696 Caudium
624 1640 726 1697 castra
740 1653 834 1717 quam
847 1640 953 1717 potest
970 1631 1173 1698 occultissime

113 1750 129 1799 o
146 1727 239 1793 locat.
266 1725 339 1791 inde
352 1725 394 1791 ad
404 1723 568 1803 Calatiam,
588 1723 643 1791 ubi
655 1725 719 1790 iam
733 1724 878 1791 consules
887 1725 1054 1792 Romanos
1068 1735 1174 1792 castra·

147 1843 210 1907 que
233 1843 304 1887 esse
326 1819 487 1898 audiebat,
510 1819 624 1885 milites
642 1817 753 1885 decem
769 1829 932 1905 pastorum
956 1819 1070 1886 habitu
1090 1819 1175 1885 mittit

146 1937 324 2004 pecoraque
346 1915 487 1980 diversos
510 1914 607 1980 alium
629 1913 705 1981 alibi
725 1914 811 1980 haud
828 1914 938 2001 procul
955 1915 1112 1982 Romanis
1127 1936 1174 2002 pu-

112 2034 129 2082 a
150 2032 237 2078 scere
258 2009 346 2076 iubet
366 2009 546 2097 praesidiis:
573 2008 628 2075 ubi
654 2008 819 2075 inciderint
844 2010 878 2074 in
903 2011 1122 2097 praedatores,
1146 2016 1175 2074 ut

147 2106 233 2170 idem
251 2103 397 2170 omnibus
415 2125 518 2170 sermo
532 2114 667 2183 constet,
685 2104 826 2192 legiones
841 2102 1035 2172 Samnitium
1047 2105 1082 2171 in
1093 2104 1177 2192 Apu·

148 2199 224 2265 liam
245 2219 332 2278 esse,
356 2198 528 2265 Luceriam
554 2198 701 2265 omnibus
727 2198 826 2286 copiis
853 2199 1099 2279 circumsedere,
1125 2219 1176 2265 uec

113 2318 130 2366 4
148 2294 258 2381 procul
280 2293 407 2373 abesse,
435 2294 512 2378 quin
533 2293 566 2359 vi
588 2293 723 2380 capiant
759 2295 822 2359 iam
844 2293 904 2360 iste
925 2316 1037 2360 rumor
1054 2304 1127 2360 ante
1142 2292 1174 2358 de

147 2391 302 2456 industria
319 2390 466 2478 volgatus
484 2398 612 2454 venerat
631 2389 672 2455 ad
685 2389 861 2468 Romanos,
882 2388 939 2455 sed
953 2388 1052 2454 fidem
1070 2409 1177 2456 auxere

25 2546 31 2551 .
148 2486 264 2572 captivi
286 2507 324 2551 eo
346 2485 497 2563 maxime,
520 2484 607 2568 quod
629 2506 732 2550 sermo
750 2484 831 2549 inter
848 2505 958 2550 omnes
977 2482 1176 2572 congruebat

112 2580 225 2645 shaut
243 2591 309 2646 erat
327 2580 472 2658 dubium,
495 2579 573 2664 quin
589 2578 757 2644 Lucerinis
777 2601 869 2665 opem
888 2579 1058 2646 Romanus
1080 2579 1178 2656 ferret,

147 2674 239 2741 bonis
258 2697 295 2740 ac
312 2674 457 2741 fidelibus
476 2674 584 2752 sociis,
605 2673 699 2738 simul
716 2695 757 2738 ne
774 2672 894 2759 Apulia
912 2673 1019 2740 omnis
1038 2674 1081 2740 ad
1095 2695 1179 2761 prae·

148 2780 270 2835 sentem
288 2780 437 2835 terrorem
455 2769 610 2835 deficeret.
647 2791 685 2833 ea
701 2769 810 2847 modo,
830 2790 893 2853 qua
910 2768 1007 2847 irent,
1028 2769 1179 2835 consulta·

113 2879 129 2925 6
148 2863 192 2928 tio
210 2863 279 2927 fuit.
315 2863 396 2928 duae
415 2862 455 2927 ad
472 2862 642 2928 Luceriam
660 2861 804 2928 ferebant
825 2863 909 2940 viae,
938 2862 1041 2928 altera
1064 2873 1181 2950 praeter

148 2979 235 3023 oram
263 2957 368 3044 superi
394 2957 489 3022 maris
511 2968 622 3044 patens
645 2967 828 3043 apertaque,
856 2957 913 3023 sed
935 2969 1060 3042 quanto
1082 2959 1177 3036 tutior,

147 3061 235 3117 tanto
257 3051 324 3117 fere
345 3050 478 3139 longior,
507 3053 603 3118 altera
624 3074 682 3138 per
702 3051 841 3117 furculas
861 3050 1029 3120 Caudinas
1052 3053 1177 3120 brevior.

114 3148 205 3216 used
226 3148 270 3214 ita
291 3158 384 3215 natus
402 3148 490 3214 locus
510 3158 571 3214 est:
595 3147 692 3213 saltus
712 3148 775 3213 duo
792 3147 847 3212 alti
865 3147 993 3234 angusti
1014 3148 1179 3234 silvosique

148 3253 233 3322 sunt,
253 3242 412 3309 montibus
432 3244 515 3308 circa
531 3242 691 3328 perpetuis
708 3242 790 3308 inter
807 3263 841 3307 se
858 3242 967 3307 iuncti.
1004 3243 1091 3310 iacet
1107 3245 1179 3310 inter

147 3360 201 3402 eos
221 3338 298 3403 satis
315 3348 427 3424 patens
447 3338 574 3403 clausus
592 3339 625 3402 in
642 3338 747 3403 medio
765 3359 895 3423 campus
912 3336 1072 3406 herbidus
1090 3360 1178 3424 aquo·

112 3451 129 3500 8
148 3453 280 3515 susque,
297 3455 355 3518 per
372 3454 467 3518 quem
483 3433 623 3498 medium
640 3433 699 3497 iter
717 3443 774 3498 est.
811 3432 868 3498 sed
885 3442 1061 3518 antequam
1078 3433 1178 3500 venias

129 3526 189 3609 ,ad
212 3547 298 3605 eum,
325 3527 488 3592 intrandae
509 3528 628 3613 primae
651 3526 815 3614 angustiae
838 3535 911 3592 sunt
934 3537 966 3592 et
988 3539 1049 3594 aut
1067 3529 1176 3604 eadem,

147 3641 212 3703 qua
233 3628 263 3685 te
284 3620 507 3711 insinuaveris,
529 3632 612 3688 retro
629 3622 681 3686 via
698 3620 869 3708 repetenda
886 3632 956 3701 aut,
983 3622 1013 3688 si
1031 3625 1080 3691 ire
1095 3641 1177 3711 porro

146 3737 277 3803 pergas,
304 3737 361 3803 per
382 3717 479 3782 alium
502 3716 617 3782 saltum
639 3716 785 3782 artiorem
807 3709 1096 3805 inpeditioremque
1113 3738 1175 3783 eva·

112 3822 128 3871 9
147 3811 295 3877 dendum.
331 3811 364 3877 in
382 3835 455 3878 eum
473 3833 620 3899 eampum
636 3811 689 3877 via
707 3810 768 3876 alia
784 3833 842 3897 per
858 3833 973 3878 cavam
990 3834 1106 3902 rupem
1120 3812 1175 3879 lio·

147 3908 232 3972 mani
254 3908 393 3975 demisso
415 3909 555 3996 agmine,
583 3930 656 3974 cum
679 3906 720 3972 ad
742 3906 820 3972 alias
847 3907 1017 3994 angustias
1044 3909 1176 3997 protinus

144 4012 324 4088 pergerent,
343 4012 468 4090 saeptas
482 4002 605 4070 deiectu
618 4001 765 4068 arborum
780 4023 995 4090 saxorumque
1009 4003 1176 4094 ingentium
