2566 4524
139 255 181 321 38
370 263 487 319 LIBER
504 264 533 334 Ι,
550 263 593 318 33.
606 263 649 318 34.
668 267 744 333 [au.
756 261 938 332 cult-176]

140 426 258 493 salinae
279 423 363 488 cirea
383 422 486 487 factae
508 421 696 508 egregieque
733 419 828 487 rebus
845 419 929 486 bello
945 419 1046 507 gestis
1085 418 1170 487 aedis

139 521 226 586 Iovis
243 517 376 583 Feretrii
394 515 592 601 amplificata.

108 638 122 684 1
205 610 396 677 XXXHII.
438 610 531 674 Anco
552 618 704 695 regnante
720 608 882 686 Lucumo,
909 608 959 673 vir
989 608 1117 695 inpiger
1134 629 1169 673 ao

141 708 259 773 divitiis
276 716 403 791 potens,
426 704 562 768 Romam
580 703 798 789 commigraiit
815 703 962 789 cupidine
978 702 1119 767 maxime
1136 723 1168 767 ae

143 824 200 887 spe
221 799 329 885 magni
350 798 491 874 honoris,
518 799 608 862 cuius
627 798 822 883 adipiscendi
838 796 1020 881 Tarquiniis
1037 835 1082 845 -
1099 820 1167 863 nam

141 895 187 961 ibi
205 917 329 979 quoque
347 893 512 979 peregrina
530 894 626 977 stirpe
644 892 794 956 oriundus
813 902 880 957 erat
897 930 940 939 —
957 891 1094 961 &cultas
1111 914 1167 957 non

108 1013 123 1058 2
141 991 253 1055 fuerat.
297 988 462 1052 Demarati
480 986 636 1052 Corinthii
657 987 740 1052 filius
764 1004 844 1066 erat,
871 986 926 1070 qui
943 985 984 1052 ob
1003 987 1167 1053 seditiones

140 1086 235 1149 domo
257 1083 412 1169 profugus
434 1105 508 1145 cum
531 1081 712 1164 Tarquiniis
734 1082 816 1146 forte
838 1081 1049 1158 consedisset,
1077 1101 1167 1147 uxore

139 1179 184 1244 ibi
208 1179 302 1242 ducta
325 1179 405 1242 duos
427 1177 509 1241 filios
532 1176 650 1262 genuit.
686 1177 815 1240 nomina
836 1176 886 1240 his
908 1175 1058 1241 Lucumo
1081 1186 1167 1260 atque

139 1272 265 1338 Arruns
278 1273 414 1337 fuerunt.
438 1272 585 1335 Lucumo
601 1270 756 1356 superfuit
768 1271 851 1355 patri
863 1264 1019 1335 benorum
1032 1270 1167 1335 omnium

140 1367 245 1445 heres,
268 1366 393 1431 Arruns
420 1367 505 1451 prior
526 1389 621 1449 quam
643 1376 733 1451 pater
755 1366 894 1442 moritur,
921 1387 1021 1430 uxore
1043 1364 1168 1452 gravida

108 1463 257 1530 arelicta.
301 1485 360 1525 nec
386 1462 442 1525 diu
467 1474 573 1525 manet
599 1471 758 1547 superstes
784 1461 850 1527 filio
875 1469 980 1546 pater;
1009 1460 1066 1544 qui
1093 1481 1167 1536 cum,

140 1557 291 1642 ignorans
309 1578 424 1618 nurum
441 1567 581 1619 ventrem
604 1556 699 1632 ferre,
723 1556 878 1620 inmemor
898 1555 932 1618 in
953 1554 1100 1621 testando
1120 1575 1168 1619 ne·

139 1651 224 1735 potis
237 1650 440 1727 decessisset,
458 1672 565 1736 puero,
584 1661 656 1735 post
668 1651 720 1714 ari
732 1660 865 1714 mortem
877 1649 912 1713 in
925 1648 1046 1713 nullam
1059 1658 1168 1714 sortem

107 1767 124 1812 4
143 1744 297 1810 bonorum
314 1755 403 1823 nato,
426 1744 467 1810 ab
484 1746 591 1831 inopia
607 1745 726 1831 Egerio
743 1745 878 1809 inditum
894 1766 1020 1809 nomen.
1063 1743 1168 1809 Lucu·

141 1843 228 1907 moni
256 1854 364 1907 contra
390 1842 530 1907 omnium
555 1843 664 1906 heredi
689 1841 844 1907 bonorum
866 1864 939 1906 cum
961 1840 1091 1905 divitiae
1112 1840 1169 1905 iam

142 1938 264 2000 animos
290 1937 444 2014 facerent,
471 1937 559 2001 auxit
585 1938 680 2001 ducta
705 1937 739 2000 in
760 1935 993 2001 matrimonium
1015 1931 1168 2018 Tanaquil

143 2054 267 2095 summo
284 2031 355 2096 loco
372 2042 446 2095 nata
464 2042 495 2096 et
511 2054 593 2115 quae
610 2033 696 2097 baud
717 2032 810 2097 facile
831 2031 885 2108 iis,
907 2028 1076 2113 inquibus
1099 2038 1168 2095 nate
1212 2102 1214 2107 ,

109 2148 124 2192 5
142 2138 222 2204 erat,
245 2126 411 2191 humiliora
429 2127 544 2191 sineret
561 2150 612 2205 ea,
635 2150 699 2211 quo
715 2126 918 2212 innupsisset
954 2124 1169 2211 spernentibus

142 2221 289 2287 Etruscis
298 2223 532 2301 Lucumonem,
550 2224 643 2288 exule
661 2224 784 2287 advena
802 2232 918 2298 ortum,
936 2220 1020 2286 ferre
1037 2219 1169 2307 indigni·

143 2328 241 2381 tatem
263 2341 326 2382 non
347 2319 448 2404 potuit
466 2319 624 2402 oblitaque
641 2319 800 2404 ingenitae
818 2341 894 2404 erga
910 2317 1046 2402 patriam
1063 2316 1169 2381 carita·
1211 2352 1214 2389 :

142 2412 197 2489 tis,
212 2413 381 2478 dummodo
391 2413 689 2477 virumhonoratum
698 2413 827 2490 rideret,
841 2411 1008 2477 consilium
1016 2408 1170 2498 migrandi
1212 2396 1214 2413 Ι

109 2527 124 2573 6
142 2505 183 2571 ab
201 2506 381 2590 Tarquiniis
400 2509 491 2593 cepit.
522 2508 626 2572 Roma
644 2517 692 2572 est
709 2508 750 2571 ad
767 2508 800 2570 id
817 2506 1018 2591 potissimum
1034 2507 1121 2570 visa:
1141 2505 1170 2569 in

141 2624 225 2665 noro
238 2602 370 2686 populo,
389 2601 444 2666 ubi
463 2603 565 2666 omnis
581 2603 744 2687 repentina
762 2612 856 2684 atque
872 2623 915 2665 ex
931 2600 1046 2664 virmte
1063 2598 1169 2665 nobili·

143 2705 192 2758 tas
220 2697 275 2770 sit,
302 2695 444 2758 futurum
471 2697 575 2760 locum
602 2698 677 2761 forti
703 2719 740 2761 ac
767 2708 894 2761 strenuo
913 2696 998 2774 viro3
1023 2714 1168 2782 regnasse

143 2787 272 2850 Tatium
291 2786 460 2866 Sabinum,
484 2791 667 2854 arcessitum
685 2791 718 2854 in
735 2813 868 2876 regnum
885 2789 1023 2857 Numam
1044 2813 1066 2854 a
1084 2786 1169 2855 Curi·

142 2880 204 2944 bus
222 2892 253 2945 ct
270 2880 399 2946 Ancum
418 2881 538 2948 Sabina
559 2896 657 2948 matre
679 2896 783 2949 ortum
799 2883 999 2967 nobilemque
1016 2906 1082 2949 una
1097 2883 1167 2947 ime·

111 2999 125 3042 :
143 2977 218 3061 gine
235 2976 358 3042 Numae
376 3001 456 3043 esse.
492 2978 584 3043 facile
602 2981 770 3065 persuadet
786 2990 823 3043 ut
838 2979 954 3065 cupido
970 2977 1167 3044 bonorumet

99 3080 122 3124 ⁸
142 3070 196 3134 eui
214 3070 378 3154 Tarquinii
396 3085 537 3138 materna
554 3086 675 3139 tantum
692 3074 793 3160 patria
810 3086 904 3139 esset.

108 3187 125 3233 8
209 3163 349 3231 Sublatis
367 3167 474 3252 itaque
491 3169 586 3234 rebus
599 3169 756 3255 amigrant
768 3169 913 3234 Romam.
939 3167 983 3233 ad
995 3165 1164 3234 Ianiculum

143 3261 224 3325 forte
252 3273 380 3326 rentum
406 3274 482 3328 erat.
527 3264 571 3328 ibi
597 3265 626 3328 ei
652 3275 801 3350 carpento
827 3264 950 3330 sedenti
974 3286 1050 3328 cum
1075 3279 1164 3327 uxore

143 3355 248 3436 aquila
265 3358 428 3440 suspensis
447 3358 585 3423 demissa
601 3359 713 3423 leniter
729 3360 787 3424 alis
805 3358 935 3444 pilleum
948 3357 1053 3423 aufert
1065 3377 1166 3443 super·

144 3469 206 3530 que
219 3461 401 3535 carpentum
415 3473 487 3516 cum
500 3476 616 3539 magno
630 3454 777 3540 clangore
789 3453 933 3530 volitans,
951 3475 1073 3531 msus,
1088 3448 1167 3517 velut

142 3543 315 3608 ministerio
332 3545 482 3611 divinitus
500 3548 612 3626 missa,
631 3549 725 3634 capiti
743 3559 816 3634 apte
833 3547 970 3634 reponit,
987 3547 1062 3612 inde
1078 3543 1168 3613 subli-

110 3655 126 3703 9
144 3638 204 3701 mis
227 3636 301 3702 abit.
342 3641 502 3726 accepisse
525 3643 558 3707 id
580 3644 746 3730 augurium
767 3644 850 3708 laeta
871 3642 986 3706 dieitur
1007 3638 1167 3727 Tanaquil,

142 3731 256 3816 perita,
293 3743 328 3797 ut
357 3735 455 3822 vulgo
480 3737 622 3816 Etrusci,
654 3739 836 3804 caelestium
865 3737 1083 3825 prodigiorum
1107 3758 1169 3803 mu·

143 3827 209 3891 lier.
245 3828 369 3894 excelsa
386 3840 418 3895 et
435 3831 499 3897 alta
520 3855 645 3918 sperare
677 3833 833 3921 conplexa
853 3833 957 3898 virum
976 3831 1080 3898 iubet:
1106 3851 1171 3897 eam
1212 3860 1214 3877 ¹

143 3921 264 4002 alitem,
282 3946 320 3989 ea
335 3927 464 4013 regione
482 3928 561 3993 caeli
578 3939 610 3993 et
627 3929 694 3994 eius
712 3930 764 3994 dei
780 3928 923 3993 nunfiam
934 3928 1076 4007 venisse,
1093 3926 1172 3994 eirea

145 4040 304 4083 summum
338 4022 465 4087 eulmen
499 4023 635 4089 hominis
671 4023 848 4111 auspicium
881 4022 1012 4103 fecisse,
1050 4021 1173 4090 levum
