2566 4524
144 251 209 320 426
355 259 474 318 LIBER
490 259 575 331 VIII,
594 258 638 315 at.
653 258 695 314 28.
716 260 753 327 [a.
763 274 790 313 ιι.
800 256 893 313 atas.
906 257 973 328 429]

111 447 127 496 a
147 421 279 492 Graecis
298 429 387 488 exort
387 444 451 486 um.
492 439 628 502 namque
646 415 808 482 Tarentini
826 438 901 482 eum
917 438 987 482 rem
1004 415 1159 506 Palaepoli·

145 530 252 586 tanam
278 540 361 582 vana
386 537 443 603 spe
469 514 579 580 auxilii
605 512 799 598 aliquamdiu
825 511 1066 592 sustinuissent,
1090 527 1159 600 post·

144 637 240 700 quam
261 612 423 678 Romanos
445 608 524 675 urbe
545 607 661 695 potitos
684 627 847 693 accepere,
871 606 961 672 velut
981 607 1116 674 destituti
1133 630 1160 674 ae

145 730 209 774 non
230 706 285 791 qui
310 705 372 791 ipsi
394 703 623 781 destituissent,
650 702 811 788 increpare
832 699 1160 787 Palaepolitanos,ira

146 811 240 887 atque
257 798 401 865 invidia
391 821 425 864 ιιι
442 797 604 863 Romanos
621 796 735 875 furere,
755 817 793 862 eo
810 795 906 862 etiam
923 797 1014 881 quod
1029 797 1160 864 Lucanos

146 905 178 961 et
194 894 320 981 Apulos
338 931 381 942 -
398 915 473 958 nam
490 900 623 976 utraque
640 913 679 957 eo
696 913 780 957 anno
798 890 932 957 societas
947 901 1113 979 coeptaest
1126 929 1160 941 -
1205 966 1207 975 Ι

113 1012 128 1062 a
146 992 179 1055 in
200 990 296 1055 fidem
313 987 422 1076 populi
435 986 573 1054 Romani
590 985 716 1053 venisse
734 985 874 1052 adlatum
891 995 956 1052 est·
976 987 1088 1075 quippe
1101 1009 1159 1074 pro·
1205 1054 1207 1059 ,

146 1085 318 1172 pemodum
339 1091 525 1171 perventum
547 1081 589 1147 ad
611 1103 646 1146 se
664 1102 735 1147 esse
756 1081 882 1166 iamque
904 1081 938 1146 in
957 1103 997 1149 eo
1013 1104 1080 1149 rem
1098 1085 1161 1160 fore,
1204 1134 1207 1139 .

112 1201 129 1249 4
147 1190 183 1245 ut
196 1177 333 1246 Romani
351 1186 406 1243 aut
422 1177 530 1243 hostes
547 1184 602 1242 aut
620 1176 739 1241 domini
755 1175 893 1242 habendi
911 1176 985 1242 sint.
1013 1176 1207 1245 discrimen
1204 1180 1207 1203 ⁵

146 1275 288 1362 profecto
314 1295 419 1340 rerum
449 1294 577 1338 suarum
606 1271 640 1337 in
670 1270 753 1337 bello
782 1268 976 1337 Samnitium
1002 1282 1207 1367 eventuque
1202 1256 1207 1335 l

146 1370 214 1435 eius
242 1368 330 1435 verti.
375 1389 446 1434 eam
468 1365 568 1432 solam
594 1374 721 1453 gentem
742 1375 875 1444 restare,
902 1389 964 1432 nee
986 1389 1059 1433 eam
1078 1368 1163 1475 ipsam

111 1464 223 1532 sactis
245 1461 396 1540 validam,
419 1460 545 1546 quando
563 1461 716 1527 Lucanus
739 1459 902 1538 defecerit,
875 1468 1024 1545 tquem
1041 1459 1164 1528 revocari

147 1558 250 1624 adhue
262 1557 431 1644 inpellique
440 1556 482 1622 ad
495 1555 681 1621 abolendam
696 1555 877 1621 societatem
885 1507 1067 1623 Romanam
1075 1577 1164 1644 posse,

113 1654 176 1720 sai
197 1675 261 1738 qua
281 1675 333 1718 ars
356 1651 496 1717 serendis
519 1650 685 1716 discordiis
707 1649 902 1716 adhibeatur.
947 1649 1029 1717 haec
1051 1649 1165 1718 consilia

148 1771 222 1815 cum
239 1748 325 1834 apud
346 1746 478 1834 cupidos
500 1768 606 1812 rerum
623 1744 840 1811 novandarum
857 1743 1050 1825 valuissent,
1073 1768 1112 1812 ex
1128 1745 1165 1810 iu·

147 1851 275 1910 ventute
301 1842 430 1927 quidam
455 1841 662 1907 Lucanorum
686 1840 788 1926 pretio
814 1839 941 1918 adsciti,
974 1839 1053 1906 clari
1078 1839 1163 1927 magis

147 1938 229 2004 inter
245 1936 413 2024 populares
432 1959 528 2020 quam
545 1934 682 2013 honesti,
705 1935 786 2001 inter
804 1957 839 2001 se
855 1933 986 2000 mulcati
1003 1934 1068 2023 ipsi
1084 1933 1165 2022 virgis

147 2053 220 2096 eum
237 2052 368 2117 corpora
384 2031 471 2095 nuda
486 2029 666 2096 intulissent
682 2030 716 2094 in
729 2029 846 2095 civium
863 2039 1000 2108 coetum,
1019 2026 1168 2097 vociferati

114 2135 128 2182 ι
149 2135 221 2192 sunt
226 2146 303 2204 ,ae,
322 2125 407 2210 quod
425 2133 528 2190 eastra
544 2124 690 2191 Romana
705 2124 829 2212 ingredi
846 2124 916 2191 ausi
934 2135 1055 2205 essent,
1073 2149 1092 2192 a
1107 2146 1168 2191 oon·

149 2220 270 2287 suhbus
300 2220 399 2309 virgis
430 2242 539 2287 caesos
565 2242 604 2286 ao
633 2242 732 2306 prope
763 2220 866 2286 securi
895 2242 1069 2306 percussos
1099 2239 1167 2286 esse

112 2314 297 2382 8deform1s
324 2323 435 2401 suapte
456 2323 585 2380 natura
590 2335 641 2380 res
665 2337 738 2379 eum
761 2314 899 2425 speciem
920 2314 1058 2382 iniuriae
1079 2313 1166 2402 magia

147 2433 242 2495 quam
264 2409 329 2475 doli
349 2431 425 2496 praa
448 2430 482 2475 ae
504 2409 613 2486 ferret,
586 2409 783 2474 tconeitati
803 2408 949 2475 homines
977 2421 1098 2498 cogunt
1118 2409 1169 2475 ela·

112 2514 128 2561 9
147 2527 233 2570 more
253 2527 310 2571 suo
328 2504 531 2592 magistratus
552 2512 694 2569 senatum
711 2526 835 2582 vocare,
854 2504 958 2570 etalii
976 2506 1169 2572 circumstan-

147 2611 194 2666 tes
217 2599 384 2666 eoncilium
406 2598 525 2665 bellum
546 2599 579 2663 in
600 2598 762 2665 Romanos
789 2609 939 2685 poscunt,
968 2601 1024 2667 alii
1047 2602 1089 2668 ad
1109 2623 1169 2667 oon·

146 2695 304 2760 citandam
334 2695 368 2759 in
398 2718 485 2760 arma
519 2693 750 2760 multitudinem
785 2694 959 2781 agrestium
990 2696 1168 2771 disemuunt,

146 2789 344 2872 tumultuque
367 2788 460 2854 etiam
483 2810 577 2854 sanos
600 2796 819 2854 consternante
845 2789 970 2855 animos
994 2790 1168 2864 decernitur,

145 2890 182 2946 ut
200 2882 333 2948 societas
351 2904 425 2946 eum
439 2879 633 2950 Samnitibus
646 2893 857 2962 renovaretur,
876 2884 1040 2971 legatique
1055 2887 1096 2953 ad
1113 2906 1169 2951 ειιι

97 2992 129 3041 ιο
147 2998 214 3041 rem
235 2977 410 3043 mittuntur.
455 2978 618 3063 repentina
638 3000 689 3044 res
707 2978 782 3063 quia
799 3000 894 3062 quam
912 3001 1048 3046 eausam
1065 2982 1168 3047 nullam

146 3081 212 3136 tam
238 3093 278 3137 ne
305 3071 400 3138 fidem
426 3072 554 3156 quidem
580 3070 730 3152 habebat,
758 3073 859 3139 eoacti
881 3096 900 3139 a
923 3071 1124 3143 Samnitibus
1144 3080 1168 3137 et

146 3165 274 3233 obsides
293 3166 369 3232 dare
387 3177 418 3232 et
440 3167 598 3253 praesidia
618 3166 652 3231 in
673 3168 744 3233 loca
765 3167 887 3232 munita
907 3169 1071 3255 acciperet
1098 3165 1168 3237 caeci

96 3276 127 3324 ιι
146 3262 258 3329 fraude
276 3271 308 3327 et
324 3261 371 3328 ira
388 3261 466 3326 nihil
482 3271 676 3327 recusarunt.
711 3262 848 3327 dilucere
861 3262 978 3329 deinde
992 3264 1085 3332 brevi
1096 3264 1166 3330 fram

146 3356 262 3440 coepit,
289 3366 457 3442 postquam
480 3355 644 3421 eriminum
666 3356 819 3422 falsorum
841 3365 988 3423 auctores
1007 3359 1167 3427 Tarentum

147 3449 408 3535 commigravere,
427 3451 484 3516 sed
498 3451 615 3516 amissa
629 3451 714 3517 omni
727 3451 766 3517 de
780 3473 815 3517 se
827 3460 986 3536 potestate
1004 3453 1085 3520 nihil
1101 3452 1167 3518 ultra

145 3563 242 3626 quam
259 3551 295 3607 ut
311 3545 485 3629 paeniteret
501 3545 618 3611 frustra
635 3544 782 3611 restabat

113 3653 127 3702 1
210 3636 379 3705 XXVIII.
415 3639 466 3706 Eo
490 3663 572 3706 anno
594 3639 698 3727 plebei
715 3640 880 3706 Romanae
902 3641 994 3707 velut
1015 3642 1103 3709 aliud
1121 3637 1166 3706 ini·

145 3731 224 3795 tium
241 3730 394 3797 libertatis
413 3734 532 3800 factum
551 3744 611 3814 est,
630 3737 716 3819 quod
729 3735 812 3802 necti
826 3735 1007 3804 desieruntz
1026 3746 1164 3804 mutatura

145 3834 250 3893 autem
276 3825 327 3892 ius
354 3826 394 3893 ob
420 3829 514 3894 unius
540 3828 743 3920 faeneratoris
771 3828 865 3894 simul
892 3829 1061 3897 libidinem
1087 3822 1165 3896 simul

110 3937 126 3984 2
145 3921 360 3987 crudelitatem
381 3922 548 4009 insignem.
584 3923 627 3988 L.
649 3922 796 4010 Papirius
818 3923 846 3988 is
869 3922 947 4004 fuit,
975 3926 1028 3991 eui
1051 3948 1120 3992 oum
1138 3939 1165 3985 sa

145 4013 183 4078 C.
206 4014 362 4083 Publilius
389 4016 430 4084 ob
459 4039 513 4085 aes
536 4017 673 4084 alienum
695 4029 860 4105 paternum
883 4020 1163 4091 nexum-dedisset.
