2566 4524
348 264 467 320 amun
483 262 568 335 vm,
587 263 612 318 1.
625 262 652 320 a
673 261 829 336 [ausu]
1042 255 1106 323 397

77 427 140 495 scie
158 422 311 492 conflixit
350 419 437 487 haud
454 443 570 509 magno
588 421 757 487 certamine
774 421 891 489 devicti
909 421 1031 504 hostes,
1050 448 1108 512 op-

77 523 184 610 pidum
202 527 332 607 captum
349 516 568 602 redditumque
581 515 818 583 Privernatibus
831 518 989 603 praesidio
1001 520 1107 586 valido

77 615 228 704 inposito,
246 612 316 702 agri
331 620 437 699 partes
456 612 537 678 duae
549 611 725 699 ademptae.
751 611 938 679 inde'aictor
951 614 1107 680 exercitus
1125 636 1143 684 4

77 707 239 779 Satricum
252 716 361 774 contra
369 703 508 771 Antiatis
517 707 642 772 ductus.
659 705 705 773 ibi
717 729 834 794 magna
845 706 1003 793 utrimque
1012 709 1108 775 caede

79 813 165 872 atrox
181 801 341 891 proelium
357 800 431 879 fuit,
450 809 481 865 et
495 821 567 865 cum
580 808 750 888 tempestas
763 823 819 867 eos
832 810 944 869 neutro
959 801 1109 870 inclinata

83 920 132 987 spe
145 897 336 964 dimicantes
350 895 537 973 diremisset,
551 895 699 974 Romani,
716 894 794 962 nihil
807 918 845 963 eo
859 896 1029 963 certamine
1042 907 1108 964 tam

85 991 229 1080 ambiguo
241 989 329 1070 fessi,
347 989 555 1077 inposterum
569 989 652 1054 diem
665 989 820 1077 proelium
831 999 954 1077 parant.
979 991 1107 1060 Volscis
1126 1015 1142 1063 5

86 1083 325 1170 recensentibus,
343 1105 424 1168 quos
434 1084 518 1150 viros
532 1084 565 1148 in
577 1083 645 1149 acie
658 1082 846 1163 amisissent,
864 1083 1109 1171 haudquaquam

88 1179 161 1265 idem
172 1179 301 1246 animus
314 1179 356 1244 ad
368 1178 545 1244 iterandum
556 1177 731 1264 periculum
744 1178 819 1244 fuit:
837 1188 929 1245 nocte
942 1202 1000 1267 pro
1016 1181 1109 1248 victis

90 1272 214 1357 Antium
232 1273 359 1361 agmine
377 1272 513 1359 trepido,
531 1273 646 1340 sauciis
665 1295 703 1340 ao
719 1282 808 1361 parte
825 1273 1110 1361 inpedimentorum

89 1368 187 1435 telicta
213 1367 367 1435 abierunt
412 1389 571 1434 armorum
595 1391 713 1456 magna
738 1368 787 1436 vis
814 1391 888 1436 cum
914 1369 996 1436 inter
1017 1392 1110 1437 caesa
1129 1393 1144 1442 o

90 1460 218 1537 bostium
244 1484 376 1549 corpora
402 1470 469 1527 tum
494 1462 528 1527 in
554 1463 664 1530 castris
694 1463 822 1529 inventa
852 1472 910 1531 est.
953 1485 992 1530 ea
1013 1465 1110 1531 ‘Inuae

91 1557 170 1631 matri
196 1556 273 1623 dare
299 1579 335 1623 se
361 1555 472 1624 consul
497 1557 576 1622 dixit
601 1557 743 1643 finesque
768 1557 909 1625 hostium
933 1579 1036 1644 usque,
1068 1559 1110 1625 ad

93 1672 167 1742 oram
183 1652 385 1718 maritumam
402 1661 452 1718 est
469 1652 688 1740 depopulatus.

143 1745 249 1814 Alteri
270 1747 393 1814 consuli
409 1744 546 1813 Aemilio
568 1748 712 1835 ingresso
732 1745 896 1814 Sabellum
917 1771 1031 1835 agrum
1046 1771 1112 1815 non
1130 1771 1144 1818 a

93 1851 185 1909 taetra
202 1839 408 1922 Samnitium,
426 1863 491 1908 non
507 1841 648 1930 legiones
666 1864 802 1926 usquam
819 1842 991 1930 oppositae.
1027 1842 1111 1909 ferro

90 1929 212 2024 ignique
228 1946 405 2004 vastantem
423 1959 516 2023 agros
534 1937 630 2024 legati
650 1933 840 2003 Samnitium
856 1959 969 2024 pacem
987 1945 1111 2004 orantes

86 2031 210 2099 adeum.
240 2052 335 2116 aquo
348 2030 455 2097 reiecti
467 2032 509 2096 ad
527 2039 684 2110 senatum,
702 2040 858 2118 potestate
875 2032 961 2098 facta
976 2032 1112 2112 dicendi,
1130 2050 1147 2102 8

84 2125 193 2210 positis
211 2125 371 2193 ferocibus
389 2125 516 2205 animis,
539 2146 651 2210 pacem
669 2125 729 2191 sibi
747 2126 787 2191 ab
805 2129 957 2195 Romanis
975 2128 1112 2213 bellique

80 2215 132 2289 ius
144 2221 301 2288 adversus
313 2218 471 2288 Sidicinos
484 2220 654 2306 petierunt:
673 2241 754 2303 quae
773 2240 807 2284 se
822 2241 858 2280 eo
871 2219 984 2282 iustius
993 2232 1109 2307 petere,
1130 2242 1144 2291 9

80 2316 170 2401 ,quod
188 2315 271 2382 etin
288 2315 457 2382 amicitiam
473 2313 582 2402 populi
598 2314 738 2380 Romani
755 2315 901 2380 secundis
920 2315 986 2380 suis
1007 2314 1112 2394 rebus,

77 2428 146 2489 ,non
163 2410 309 2479 adversis
326 2420 362 2477 ut
376 2409 545 2499 Campani,
564 2409 726 2477 venissent
743 2418 775 2474 et
788 2409 940 2475 adversus
955 2407 1113 2476 Sidicinos

77 2517 244 2577 sumerent
260 2531 361 2589 arma,
381 2530 455 2575 suos
474 2528 599 2593 semper
610 2506 733 2584 hostes,
751 2505 861 2592 populi
873 2504 1010 2570 Romani
1022 2526 1115 2570 num·

77 2618 180 2687 quam
196 2603 331 2682 amicos,
349 2603 405 2688 qui
420 2624 481 2669 nec
497 2612 532 2668 ut
544 2600 704 2673 Samnites
721 2600 756 2665 in
772 2621 851 2686 pace
868 2599 1038 2665 amicitiam
1055 2620 1115 2665 nec
1135 2617 1166 2667 10

77 2705 117 2762 ut
130 2696 290 2785 Campani
307 2698 459 2763 auxilium
474 2697 509 2762 in
525 2696 609 2764 bello
626 2695 793 2783 petissent,
812 2716 872 2761 neo
884 2695 917 2759 in
928 2694 992 2761 fide
1005 2693 1116 2782 populi

77 2780 221 2858 Romani
238 2792 347 2858 necin
364 2791 480 2857 ditione
499 2801 614 2858 essent.

145 2886 193 2952 H.
227 2884 311 2952 (lum
328 2886 369 2953 de
385 2886 551 2972 postulatis
566 2885 756 2953 Samnitium
769 2883 809 2952 Τ.
819 2882 977 2950 Aemilius
989 2891 1116 2971 praetor
1135 2905 1148 2951 1

77 2991 231 3048 senatum
248 2979 457 3047 consuluisset
469 2981 728 3065 reddendumque
741 2981 780 3047 iis
793 2980 907 3047 foedus
920 2989 1028 3067 patres
1043 3001 1116 3045 cen·

77 3078 232 3155 animent,
245 3086 371 3163 praetor
380 3073 575 3143 Samnitibus
588 3077 760 3164 respondit,
773 3097 842 3154 nec,
856 3096 920 3159 quo
930 3075 1034 3141 minus
1043 3096 1114 3161 per·
1133 3092 1148 3139 2

77 3179 184 3250 petua
198 3192 270 3236 cum
288 3171 334 3237 eis
352 3171 488 3237 amicitia
506 3180 603 3252 esset,
620 3193 677 3258 per
689 3170 843 3257 populum
855 3169 1036 3236 Romanum
1054 3180 1117 3234 ste

77 3260 161 3333 fisse
179 3287 239 3332 nec
256 3267 440 3346 contradici,
463 3267 554 3350 quin,
577 3267 727 3351 quoniam
743 3267 831 3352 ipsos
848 3263 924 3331 belli
941 3264 1035 3350 eulpa
1057 3287 1116 3330 sua

77 3361 238 3429 connati
250 3361 390 3426 taedium
403 3362 532 3446 ceperit,
551 3361 689 3426 amicitia
702 3361 741 3426 de
754 3360 876 3447 integro
889 3359 1115 3425 reconcilietur.

77 3456 171 3537 quod
184 3455 227 3520 ad
237 3452 394 3522 Sidicinos
407 3456 545 3534 attineat,
564 3455 642 3520 nihil
654 3455 814 3532 intercedi,
833 3476 896 3539 quo
909 3455 1013 3520 minus
1024 3451 1117 3520 Sam·
1136 3472 1150 3518 3

77 3549 140 3649 pili
155 3549 280 3639 populo
296 3550 385 3638 pacis
407 3549 543 3634 bellique
563 3550 699 3616 liberum
721 3548 883 3616 arbitrium
904 3551 954 3616 sit.
990 3549 1152 3616 foederet

77 3654 146 3713 ¹oto
176 3666 251 3711 cum
277 3645 406 3712 domum
430 3645 646 3724 revertissent,
679 3644 835 3730 extemplo
861 3644 935 3711 inde
961 3644 1116 3710 exercitus

77 3724 251 3811 Romanus
262 3740 425 3807 deductus
442 3763 546 3807 annuo
565 3742 721 3827 stipendio
739 3752 770 3806 et
785 3742 880 3806 trium
892 3762 1038 3806 mensum
1051 3739 1117 3803 fru-

77 3847 192 3905 mento
210 3844 356 3922 accepto,
373 3837 459 3922 quod
470 3837 634 3925 pepigerat
651 3836 775 3915 consul,
793 3846 829 3901 ut
846 3846 971 3923 tempus
988 3831 1115 3898 indutiis

77 3922 188 4011 lar-et,
207 3931 315 4015 quoad
331 3931 428 4018 legati
444 3933 607 3999 redissent.

144 4026 314 4096 Samnites
331 4028 429 4116 copiis
441 4029 559 4110 isdem,
577 4028 693 4116 quibua
706 4027 759 4094 usi
770 4026 923 4095 adversus
935 4023 1116 4090 Romanum
1133 4040 1149 4089 o
