2566 4524
333 265 566 338 sinuavmr,
586 265 684 324 rara
703 265 855 340 [samm
1044 254 1110 326 455
1174 234 1177 238 ’

77 427 218 497 >mnium
236 424 381 495 exclusos
398 448 419 493 a
434 425 660 493 commeatibus
678 426 917 514 absumpsisset
944 437 1012 495 tum
1030 449 1143 515 quous

77 546 133 609 lue
151 520 313 608 profectos
330 519 404 587 inde
421 521 463 587 ad
479 521 663 600 Luceriam,
685 521 775 588 iuxta
796 521 976 590 obsidentes
999 522 1109 592 obses«

77 638 207 702 rosque,
224 616 332 702 inopia
348 616 483 682 vexavit
523 616 629 682 omnia
646 615 686 682 ab
704 615 803 704 Arpis
820 617 973 685 Romanis
992 641 1107 706 suppe-

77 711 264 789 litabantur,
292 719 429 777 cetarum
451 710 530 777 adeo
554 711 681 798 exigue,
708 721 744 777 ut
765 711 856 778 militi
873 722 1025 801 occupato
1044 723 1108 781 sta

77 806 214 875 ionibus
235 806 415 894 vigiliisque
437 816 468 872 et
490 829 584 894 opere
606 829 703 892 eques
725 807 873 875 folliculis
894 810 929 874 in
945 819 1049 876 castra
1066 809 1106 877 ab

77 903 171 990 lrpis
195 901 389 968 frumentum
409 901 551 980 veheret,
573 902 730 968 interdum
748 925 881 970 occursu
898 904 1036 970 hostium
1054 925 1107 971 co·
1126 915 1159 966 10

77 1007 204 1086 geretur
220 994 343 1063 abiecto
358 1018 397 1062 ex
410 1017 492 1082 equo
505 996 663 1063 frumento
675 1019 827 1084 pugnare.
855 997 995 1064 obsessis
1008 1000 1105 1085 prius,

77 1115 171 1178 luam
191 1091 271 1156 alter
288 1090 398 1157 constal
414 1091 532 1158 victore
550 1090 688 1158 exercitu
706 1092 845 1170 advenit,
865 1102 896 1158 et
913 1103 1105 1160 commeatus

77 1212 105 1253 ex
119 1183 287 1252 montibus
303 1182 492 1251 Samnitium
511 1176 626 1252 iniecti
639 1199 727 1252 erant
739 1195 771 1252 et
789 1186 905 1252 auxilia
917 1187 1105 1254 intromissa.

77 1282 188 1347 rrticra
197 1280 303 1345 omnia
312 1280 465 1346 adventus
474 1278 603 1346 Publilii
616 1279 699 1359 fecit,
718 1280 773 1365 qui
786 1280 949 1348 obsidione
962 1281 1107 1368 delegata
1125 1303 1156 1353 11

77 1401 95 1441 n
119 1397 237 1442 curam
259 1373 399 1462 collegae
420 1396 540 1440 vacuus
562 1397 620 1461 per
641 1377 736 1462 agros'
758 1386 871 1441 cuncta
887 1375 1003 1442 infesta
1020 1398 1106 1442 com·

77 1469 230 1537 nealibus
256 1468 395 1534 hostium
421 1468 552 1534 fecerat:
578 1469 684 1554 itaque
707 1492 778 1535 cum
803 1493 880 1556 spes
898 1469 985 1536 nulla
1011 1479 1104 1547 esset,
1124 1491 1156 1541 12

77 1566 190 1632 butius
211 1563 359 1631 obsessos
376 1564 516 1651 inopiam
532 1564 665 1643 laturos,
685 1565 785 1630 coacti
800 1562 974 1643 Samnites,
993 1566 1047 1651 qui
1064 1564 1106 1631 ad
1230 1630 1233 1635 .

77 1660 245 1728 'nuceriam
259 1669 361 1726 castra
373 1658 540 1738 habebant,
555 1660 693 1744 undique
707 1661 872 1727 contractis
882 1659 1002 1726 viribus
1014 1661 1106 1748 signa

80 1781 141 1823 um
160 1755 292 1841 Papirio
310 1755 460 1821 conferre.

130 1849 255 1916 ΧΠΠ.
290 1848 355 1915 Per
375 1850 408 1914 id
430 1859 554 1935 tempus
576 1847 822 1935 parantibusque
844 1849 985 1933 utrisque
1008 1871 1043 1914 se
1064 1849 1138 1919 adr

77 1945 227 2011 ›roelinm
248 1943 346 2030 legati
363 1941 525 2008 Tarentini
546 1943 756 2009 interveniunt
774 1943 994 2010 denuntiantes
1013 1940 1107 2010 Sam·

77 2037 192 2104 litibus
208 2037 439 2123 Romanisque,
463 2048 498 2102 ut
515 2036 632 2103 bellum
651 2038 841 2104 omitterent:
863 2060 921 2125 per
937 2047 1024 2105 utros
1044 2047 1106 2104 ste·

77 2135 174 2212 isset,
198 2154 262 2217 quo
280 2133 384 2198 minus
402 2133 615 2198 discederetur
631 2131 670 2197 ab
689 2134 800 2211 armis,
823 2133 975 2220 adversus
994 2155 1048 2200 eos
1071 2154 1106 2198 se

77 2248 124 2312 ¹>ro
143 2226 254 2292 alteris
272 2236 476 2314 pugnaturos.
513 2248 551 2290 ea
571 2225 728 2312 legatione
745 2225 892 2311 Papirius
911 2227 1018 2292 audita
1034 2247 1138 2312 per-2

77 2323 141 2388 ,nde
161 2343 201 2387 ac
218 2332 323 2387 motus
342 2322 433 2388 dictis
452 2344 560 2387 eorum
579 2343 651 2386 cum
669 2320 791 2409 collega
808 2343 843 2386 se
856 2322 1104 2387 communicatu-

77 2437 139 2481 mm
153 2415 327 2502 respondit,
346 2417 509 2500 accitoque
522 2437 569 2496 eo,
589 2437 661 2481 cum
670 2425 795 2502 tempus
809 2438 901 2482 omne
910 2416 943 2481 in
952 2425 1105 2502 apparatu

77 2530 201 2596 pugnae
224 2511 486 2596 consumpsisset,
510 2510 693 2577 conlocutus
719 2510 759 2576 de
780 2532 815 2575 re
836 2510 923 2576 haud
944 2509 1041 2576 dubia
1064 2511 1105 2575 si-

77 2625 172 2690 gnum
180 2625 308 2693 pugnae
320 2605 492 2691 proposuit.
515 2604 680 2691 agentibus
689 2604 796 2670 divina
804 2602 1014 2688 humanaque,
1024 2625 1105 2690 quas
1123 2623 1139 2673 s

77 2697 232 2777 adsolent,
252 2720 324 2764 cum
342 2699 409 2765 acie
427 2698 639 2765 dimicandum
657 2709 719 2778 est,
742 2698 924 2766 consulibus
942 2697 1106 2765 Tarentini

77 2788 168 2880 legati
185 2812 350 2859 occursare
367 2815 554 2880 responsum
572 2802 805 2881 exspectantes,
825 2793 939 2879 quibus
957 2792 1105 2882 Papirius

77 2885 129 2952 ait:
156 2886 315 2972 ‘auspicia
336 2887 475 2953 secunda
496 2909 580 2967 esse,
604 2886 780 2966 Tarentini,
802 2887 954 2974 pullarius
972 2889 1104 2954 nuntiat
1121 2905 1140 2955 4

77 2975 197 3046 litatum
214 2989 375 3066 praeterea
392 2990 441 3046 est
458 2982 593 3068 egregie.
630 2980 810 3047 auctoribus
828 2983 903 3060 diis,
926 2991 962 3046 ut
979 2983 1103 3060 videtis,

77 3073 113 3140 ad
134 3095 204 3140 rem
225 3075 395 3160 gerendam
416 3074 663 3161 proficiscimur?
699 3075 790 3162 signa
811 3075 885 3140 inde
908 3074 990 3139 ferre
1012 3075 1139 3143 iussitc

77 3175 108 3231 et
131 3167 239 3255 copias
266 3168 386 3247 eduxit,
421 3169 626 3234 vanissimam
652 3168 816 3255 increpans
847 3176 987 3256 gentem,
1023 3189 1104 3252 quae

77 3283 204 3328 suarum
224 3263 371 3348 inpotens
392 3286 497 3329 rerum
518 3286 594 3350 prae
617 3263 798 3330 domesticis
817 3261 1021 3329 seditionibus
1039 3261 1105 3327 dis·

77 3356 252 3442 cordiisque
270 3357 339 3423 aliis
357 3357 486 3424 modum
502 3359 590 3444 pacis
609 3379 647 3424 ac
663 3357 738 3424 belli
755 3357 859 3423 facere
877 3378 1014 3442 aequum
1031 3378 1104 3423 cen·

77 3460 166 3519 seres
214 3448 372 3518 Samnites
395 3474 435 3517 ex
451 3462 540 3540 parte
557 3452 655 3518 altera
672 3474 745 3518 cum
762 3473 887 3517 omnem
905 3473 1011 3517 euram
1030 3450 1105 3517 belli
1122 3468 1138 3521 6

77 3545 282 3623 remisissent,
301 3545 375 3630 quia
393 3555 447 3612 aut
459 3568 570 3632 pacem
584 3568 657 3613 vers
671 3545 838 3631 cupiebant
850 3555 905 3612 aut
917 3544 1105 3632 expediebat

77 3639 236 3719 simulare,
258 3648 294 3706 ut
312 3639 499 3706 Tarentinos
523 3639 584 3706 sibi
605 3641 819 3720 conciliarent,
843 3663 915 3706 cum
932 3641 1102 3708 instructos

77 3741 201 3821 repente
227 3732 269 3800 ad
293 3756 434 3822 pugnam
459 3734 621 3803 Romanos
648 3735 900 3822 conspexissent,
927 3735 1102 3812 vociferari,

77 3848 106 3895 sc
122 3828 158 3893 in
176 3828 360 3895 auctoritate
378 3827 619 3898 Tarentinorum
636 3853 763 3898 manere
780 3852 840 3899 nec
860 3829 1049 3897 descendere
1070 3827 1104 3892 in
1122 3847 1138 3896 t

77 3923 174 3990 aciem
190 3944 252 3989 nec
268 3933 358 3990 extra
374 3924 493 3991 vallum
510 3949 597 3992 arma
610 3926 706 4006 ferre3
725 3928 872 4012 deceptos
884 3923 990 4012 potius
1004 3920 1104 4007 quod-

77 4037 208 4104 cumque
236 4038 328 4085 casus
355 4018 436 4086 ferat
462 4042 625 4107 passuros,
653 4043 748 4106 quam
774 4029 809 4084 ut
836 4017 993 4104 sprevisse
1014 4015 1103 4103 pacis
