<?xml version="1.0" encoding="UTF-8"?>
<!DOCTYPE html PUBLIC "-//W3C//DTD XHTML 1.0 Transitional//EN"
    "http://www.w3.org/TR/xhtml1/DTD/xhtml1-transitional.dtd">
<html xmlns="http://www.w3.org/1999/xhtml" xml:lang="en" lang="en">
 <head>
  <title>
</title>
<meta http-equiv="Content-Type" content="text/html;charset=utf-8" />
  <meta name='ocr-system' content='tesseract 3.04.00' />
  <meta name='ocr-capabilities' content='ocr_page ocr_carea ocr_par ocr_line ocrx_word'/>
</head>
<body>
  <div class='ocr_page' id='page_1' title='image "./titiliviaburbec01weisgoog_0690.png"; bbox 0 0 2566 4524; ppageno 0'>
   <div class='ocr_carea' id='block_1_1' title="bbox 349 281 1134 366">
    <p class='ocr_par' dir='ltr' id='par_1_1' title="bbox 349 281 1134 366">
     <span class='ocr_line' id='line_1_1' title="bbox 349 281 1134 366; baseline 0 -16"><span class='ocrx_word' id='word_1_1' title='bbox 349 291 468 350; x_wconf 74' lang='lat' dir='ltr'>amna</span> <span class='ocrx_word' id='word_1_2' title='bbox 485 293 569 361; x_wconf 85' lang='lat' dir='ltr'>vm,</span> <span class='ocrx_word' id='word_1_3' title='bbox 588 293 629 350; x_wconf 78' lang='lat' dir='ltr'>aa.</span> <span class='ocrx_word' id='word_1_4' title='bbox 642 293 684 350; x_wconf 85' lang='lat' dir='ltr'>ao.</span> <span class='ocrx_word' id='word_1_5' title='bbox 705 295 744 366; x_wconf 75' lang='lat' dir='ltr'>[a.</span> <span class='ocrx_word' id='word_1_6' title='bbox 755 290 884 365; x_wconf 69' lang='lat' dir='ltr'>aaran]</span> <span class='ocrx_word' id='word_1_7' title='bbox 1068 281 1134 350; x_wconf 83' lang='lat'>435</span> 
     </span>
    </p>
   </div>
   <div class='ocr_carea' id='block_1_2' title="bbox 77 451 1184 3752">
    <p class='ocr_par' dir='ltr' id='par_1_2' title="bbox 104 451 1167 1866">
     <span class='ocr_line' id='line_1_2' title="bbox 108 451 1133 541; baseline -0.001 -21"><span class='ocrx_word' id='word_1_8' title='bbox 108 453 208 522; x_wconf 88' lang='lat' dir='ltr'>ratoris</span> <span class='ocrx_word' id='word_1_9' title='bbox 227 452 391 541; x_wconf 83' lang='lat' dir='ltr'>pugnavit,</span> <span class='ocrx_word' id='word_1_10' title='bbox 411 451 467 519; x_wconf 88' lang='lat' dir='ltr'>sed</span> <span class='ocrx_word' id='word_1_11' title='bbox 485 473 587 518; x_wconf 80' lang='lat' dir='ltr'>noxae</span> <span class='ocrx_word' id='word_1_12' title='bbox 605 451 770 518; x_wconf 89' lang='lat' dir='ltr'>damnatus</span> <span class='ocrx_word' id='word_1_13' title='bbox 790 451 923 517; x_wconf 91' lang='lat' dir='ltr'>donatur</span> <span class='ocrx_word' id='word_1_14' title='bbox 939 451 1133 540; x_wconf 85' lang='lat' dir='ltr'>populoRo·</span> 
     </span>
     <span class='ocr_line' id='line_1_3' title="bbox 107 545 1132 634; baseline -0.002 -20"><span class='ocrx_word' id='word_1_15' title='bbox 107 571 202 627; x_wconf 91' lang='lat' dir='ltr'>mano,</span> <span class='ocrx_word' id='word_1_16' title='bbox 217 547 353 613; x_wconf 90' lang='lat' dir='ltr'>donatur</span> <span class='ocrx_word' id='word_1_17' title='bbox 369 545 553 612; x_wconf 83' lang='lat' dir='ltr'>tribuniciae</span> <span class='ocrx_word' id='word_1_18' title='bbox 570 547 719 632; x_wconf 82' lang='lat' dir='ltr'>potestati</span> <span class='ocrx_word' id='word_1_19' title='bbox 736 546 921 634; x_wconf 89' lang='lat' dir='ltr'>precarium,</span> <span class='ocrx_word' id='word_1_20' title='bbox 934 568 1000 614; x_wconf 92' lang='lat' dir='ltr'>non</span> <span class='ocrx_word' id='word_1_21' title='bbox 1013 546 1132 614; x_wconf 89' lang='lat' dir='ltr'>iustum</span> 
     </span>
     <span class='ocr_line' id='line_1_4' title="bbox 106 639 1165 726; baseline -0.001 -16"><span class='ocrx_word' id='word_1_22' title='bbox 106 642 253 710; x_wconf 86' lang='lat' dir='ltr'>auxilium</span> <span class='ocrx_word' id='word_1_23' title='bbox 270 641 393 708; x_wconf 87' lang='lat' dir='ltr'>ferenti.</span> <span class='ocrx_word' id='word_1_24' title='bbox 420 641 501 719; x_wconf 87' lang='lat' dir='ltr'>vive,</span> <span class='ocrx_word' id='word_1_25' title='bbox 518 639 636 726; x_wconf 88' lang='lat' dir='ltr'>Quinte</span> <span class='ocrx_word' id='word_1_26' title='bbox 648 639 740 721; x_wconf 84' lang='lat' dir='ltr'>Fabi,</span> <span class='ocrx_word' id='word_1_27' title='bbox 758 640 880 708; x_wconf 82' lang='lat' dir='ltr'>felicior</span> <span class='ocrx_word' id='word_1_28' title='bbox 896 642 957 708; x_wconf 94' lang='lat' dir='ltr'>hoc</span> <span class='ocrx_word' id='word_1_29' title='bbox 975 664 1132 710; x_wconf 86' lang='lat' dir='ltr'>consensu</span> <span class='ocrx_word' id='word_1_30' title='bbox 1150 661 1165 709; x_wconf 85' lang='lat'>6</span> 
     </span>
     <span class='ocr_line' id='line_1_5' title="bbox 106 735 1131 823; baseline -0.002 -19"><span class='ocrx_word' id='word_1_31' title='bbox 106 737 235 804; x_wconf 88' lang='lat' dir='ltr'>civitatis</span> <span class='ocrx_word' id='word_1_32' title='bbox 259 735 300 801; x_wconf 88' lang='lat' dir='ltr'>ad</span> <span class='ocrx_word' id='word_1_33' title='bbox 322 735 473 801; x_wconf 91' lang='lat' dir='ltr'>tuendum</span> <span class='ocrx_word' id='word_1_34' title='bbox 496 743 526 800; x_wconf 93' lang='lat' dir='ltr'>te</span> <span class='ocrx_word' id='word_1_35' title='bbox 544 758 639 820; x_wconf 90' lang='lat' dir='ltr'>quam</span> <span class='ocrx_word' id='word_1_36' title='bbox 657 759 721 821; x_wconf 90' lang='lat' dir='ltr'>qua</span> <span class='ocrx_word' id='word_1_37' title='bbox 743 735 837 823; x_wconf 92' lang='lat' dir='ltr'>paulo</span> <span class='ocrx_word' id='word_1_38' title='bbox 856 745 927 803; x_wconf 90' lang='lat' dir='ltr'>ante</span> <span class='ocrx_word' id='word_1_39' title='bbox 950 736 1131 803; x_wconf 82' lang='lat' dir='ltr'>exsultabas</span> 
     </span>
     <span class='ocr_line' id='line_1_6' title="bbox 104 821 1133 918; baseline -0.001 -20"><span class='ocrx_word' id='word_1_40' title='bbox 104 832 244 910; x_wconf 83' lang='lat' dir='ltr'>victoria,</span> <span class='ocrx_word' id='word_1_41' title='bbox 264 831 349 910; x_wconf 86' lang='lat' dir='ltr'>vive,</span> <span class='ocrx_word' id='word_1_42' title='bbox 368 829 402 896; x_wconf 91' lang='lat' dir='ltr'>id</span> <span class='ocrx_word' id='word_1_43' title='bbox 419 829 542 895; x_wconf 89' lang='lat' dir='ltr'>facinus</span> <span class='ocrx_word' id='word_1_44' title='bbox 562 854 672 910; x_wconf 88' lang='lat' dir='ltr'>ausus,</span> <span class='ocrx_word' id='word_1_45' title='bbox 692 832 781 896; x_wconf 89' lang='lat' dir='ltr'>cuius</span> <span class='ocrx_word' id='word_1_46' title='bbox 800 831 913 897; x_wconf 91' lang='lat' dir='ltr'>tibine</span> <span class='ocrx_word' id='word_1_47' title='bbox 931 854 1045 918; x_wconf 90' lang='lat' dir='ltr'>parens</span> <span class='ocrx_word' id='word_1_48' title='bbox 1063 821 1133 917; x_wconf 79' lang='lat' dir='ltr'>qui-</span> 
     </span>
     <span class='ocr_line' id='line_1_7' title="bbox 105 923 1130 1012; baseline -0.002 -19"><span class='ocrx_word' id='word_1_49' title='bbox 105 927 182 1005; x_wconf 90' lang='lat' dir='ltr'>dem,</span> <span class='ocrx_word' id='word_1_50' title='bbox 203 924 231 992; x_wconf 84' lang='lat' dir='ltr'>si</span> <span class='ocrx_word' id='word_1_51' title='bbox 252 923 364 991; x_wconf 88' lang='lat' dir='ltr'>eodem</span> <span class='ocrx_word' id='word_1_52' title='bbox 380 923 450 990; x_wconf 90' lang='lat' dir='ltr'>loco</span> <span class='ocrx_word' id='word_1_53' title='bbox 468 924 590 1004; x_wconf 89' lang='lat' dir='ltr'>fuisset,</span> <span class='ocrx_word' id='word_1_54' title='bbox 610 948 672 1011; x_wconf 94' lang='lat' dir='ltr'>quo</span> <span class='ocrx_word' id='word_1_55' title='bbox 690 925 751 991; x_wconf 90' lang='lat' dir='ltr'>fuit</span> <span class='ocrx_word' id='word_1_56' title='bbox 767 925 810 990; x_wconf 87' lang='lat' dir='ltr'>L.</span> <span class='ocrx_word' id='word_1_57' title='bbox 827 924 985 1012; x_wconf 86' lang='lat' dir='ltr'>Papirius,</span> <span class='ocrx_word' id='word_1_58' title='bbox 1004 926 1130 991; x_wconf 87' lang='lat' dir='ltr'>veniam</span> 
     </span>
     <span class='ocr_line' id='line_1_8' title="bbox 105 1019 1165 1108; baseline -0.003 -20"><span class='ocrx_word' id='word_1_59' title='bbox 105 1021 249 1088; x_wconf 89' lang='lat' dir='ltr'>dedisset.</span> <span class='ocrx_word' id='word_1_60' title='bbox 286 1041 410 1085; x_wconf 92' lang='lat' dir='ltr'>mecum</span> <span class='ocrx_word' id='word_1_61' title='bbox 432 1028 467 1083; x_wconf 91' lang='lat' dir='ltr'>ut</span> <span class='ocrx_word' id='word_1_62' title='bbox 488 1019 575 1086; x_wconf 88' lang='lat' dir='ltr'>voles</span> <span class='ocrx_word' id='word_1_63' title='bbox 598 1021 762 1087; x_wconf 87' lang='lat' dir='ltr'>reverteris</span> <span class='ocrx_word' id='word_1_64' title='bbox 785 1021 817 1084; x_wconf 94' lang='lat' dir='ltr'>in</span> <span class='ocrx_word' id='word_1_65' title='bbox 839 1021 986 1107; x_wconf 83' lang='lat' dir='ltr'>gratiam3</span> <span class='ocrx_word' id='word_1_66' title='bbox 1013 1019 1165 1108; x_wconf 80' lang='lat' dir='ltr'>populor</span> 
     </span>
     <span class='ocr_line' id='line_1_9' title="bbox 105 1112 1132 1201; baseline -0.002 -19"><span class='ocrx_word' id='word_1_67' title='bbox 105 1115 262 1193; x_wconf 88' lang='lat' dir='ltr'>Romano,</span> <span class='ocrx_word' id='word_1_68' title='bbox 286 1114 338 1180; x_wconf 91' lang='lat' dir='ltr'>cui</span> <span class='ocrx_word' id='word_1_69' title='bbox 355 1113 453 1179; x_wconf 82' lang='lat' dir='ltr'>vitam</span> <span class='ocrx_word' id='word_1_70' title='bbox 471 1113 582 1193; x_wconf 90' lang='lat' dir='ltr'>debes,</span> <span class='ocrx_word' id='word_1_71' title='bbox 606 1114 684 1180; x_wconf 88' lang='lat' dir='ltr'>nihil</span> <span class='ocrx_word' id='word_1_72' title='bbox 705 1112 807 1180; x_wconf 90' lang='lat' dir='ltr'>maius</span> <span class='ocrx_word' id='word_1_73' title='bbox 825 1114 1018 1201; x_wconf 86' lang='lat' dir='ltr'>praestiteris</span> <span class='ocrx_word' id='word_1_74' title='bbox 1037 1137 1132 1200; x_wconf 91' lang='lat' dir='ltr'>quam</span> 
     </span>
     <span class='ocr_line' id='line_1_10' title="bbox 105 1207 1133 1294; baseline -0.003 -18"><span class='ocrx_word' id='word_1_75' title='bbox 105 1211 131 1276; x_wconf 90' lang='lat' dir='ltr'>si</span> <span class='ocrx_word' id='word_1_76' title='bbox 143 1210 198 1276; x_wconf 88' lang='lat' dir='ltr'>hic</span> <span class='ocrx_word' id='word_1_77' title='bbox 215 1207 275 1274; x_wconf 86' lang='lat' dir='ltr'>tibi</span> <span class='ocrx_word' id='word_1_78' title='bbox 293 1209 360 1274; x_wconf 89' lang='lat' dir='ltr'>dies</span> <span class='ocrx_word' id='word_1_79' title='bbox 384 1209 460 1274; x_wconf 87' lang='lat' dir='ltr'>satis</span> <span class='ocrx_word' id='word_1_80' title='bbox 484 1208 663 1276; x_wconf 77' lang='lat' dir='ltr'>documenti</span> <span class='ocrx_word' id='word_1_81' title='bbox 685 1209 818 1287; x_wconf 86' lang='lat' dir='ltr'>dederit,</span> <span class='ocrx_word' id='word_1_82' title='bbox 842 1219 877 1274; x_wconf 89' lang='lat' dir='ltr'>ut</span> <span class='ocrx_word' id='word_1_83' title='bbox 898 1207 981 1275; x_wconf 90' lang='lat' dir='ltr'>bello</span> <span class='ocrx_word' id='word_1_84' title='bbox 1000 1229 1037 1273; x_wconf 89' lang='lat' dir='ltr'>ac</span> <span class='ocrx_word' id='word_1_85' title='bbox 1054 1230 1133 1294; x_wconf 89' lang='lat' dir='ltr'>pace</span> 
     </span>
     <span class='ocr_line' id='line_1_11' title="bbox 104 1302 1167 1392; baseline -0.009 -21"><span class='ocrx_word' id='word_1_86' title='bbox 104 1305 167 1392; x_wconf 89' lang='lat' dir='ltr'>pati</span> <span class='ocrx_word' id='word_1_87' title='bbox 188 1303 332 1392; x_wconf 83' lang='lat' dir='ltr'>legitima</span> <span class='ocrx_word' id='word_1_88' title='bbox 353 1302 486 1389; x_wconf 91' lang='lat' dir='ltr'>imperia</span> <span class='ocrx_word' id='word_1_89' title='bbox 502 1303 627 1389; x_wconf 70' lang='lat' dir='ltr'>possis!</span> <span class='ocrx_word' id='word_1_90' title='bbox 663 1325 735 1369; x_wconf 90' lang='lat' dir='ltr'>cum</span> <span class='ocrx_word' id='word_1_91' title='bbox 753 1326 787 1369; x_wconf 87' lang='lat' dir='ltr'>se</span> <span class='ocrx_word' id='word_1_92' title='bbox 805 1303 883 1368; x_wconf 92' lang='lat' dir='ltr'>nihil</span> <span class='ocrx_word' id='word_1_93' title='bbox 901 1302 1015 1369; x_wconf 88' lang='lat' dir='ltr'>morari</span> <span class='ocrx_word' id='word_1_94' title='bbox 1032 1302 1133 1389; x_wconf 85' lang='lat' dir='ltr'>magi-</span> <span class='ocrx_word' id='word_1_95' title='bbox 1150 1311 1167 1361; x_wconf 85' lang='lat'>8</span> 
     </span>
     <span class='ocr_line' id='line_1_12' title="bbox 107 1398 1133 1486; baseline -0.001 -21"><span class='ocrx_word' id='word_1_96' title='bbox 107 1412 202 1465; x_wconf 87' lang='lat' dir='ltr'>strum</span> <span class='ocrx_word' id='word_1_97' title='bbox 220 1398 361 1482; x_wconf 89' lang='lat' dir='ltr'>equitum</span> <span class='ocrx_word' id='word_1_98' title='bbox 378 1399 620 1484; x_wconf 83' lang='lat' dir='ltr'>pronuntiasset,</span> <span class='ocrx_word' id='word_1_99' title='bbox 636 1399 821 1486; x_wconf 83' lang='lat' dir='ltr'>degressum</span> <span class='ocrx_word' id='word_1_100' title='bbox 843 1421 916 1464; x_wconf 90' lang='lat' dir='ltr'>eum</span> <span class='ocrx_word' id='word_1_101' title='bbox 933 1399 1051 1486; x_wconf 89' lang='lat' dir='ltr'>templo</span> <span class='ocrx_word' id='word_1_102' title='bbox 1069 1398 1133 1464; x_wconf 90' lang='lat' dir='ltr'>lae-</span> 
     </span>
     <span class='ocr_line' id='line_1_13' title="bbox 106 1493 1132 1582; baseline 0 -24"><span class='ocrx_word' id='word_1_103' title='bbox 106 1504 152 1560; x_wconf 86' lang='lat' dir='ltr'>tus</span> <span class='ocrx_word' id='word_1_104' title='bbox 167 1501 307 1572; x_wconf 87' lang='lat' dir='ltr'>senatus,</span> <span class='ocrx_word' id='word_1_105' title='bbox 320 1493 431 1558; x_wconf 89' lang='lat' dir='ltr'>laetior</span> <span class='ocrx_word' id='word_1_106' title='bbox 443 1493 590 1580; x_wconf 79' lang='lat' dir='ltr'>populna,</span> <span class='ocrx_word' id='word_1_107' title='bbox 605 1493 787 1560; x_wconf 84' lang='lat' dir='ltr'>circumfusi</span> <span class='ocrx_word' id='word_1_108' title='bbox 802 1516 839 1560; x_wconf 85' lang='lat' dir='ltr'>aa</span> <span class='ocrx_word' id='word_1_109' title='bbox 852 1493 1044 1582; x_wconf 84' lang='lat' dir='ltr'>gratulantes</span> <span class='ocrx_word' id='word_1_110' title='bbox 1058 1493 1132 1559; x_wconf 85' lang='lat' dir='ltr'>hinc</span> 
     </span>
     <span class='ocr_line' id='line_1_14' title="bbox 106 1583 1165 1678; baseline 0.002 -23"><span class='ocrx_word' id='word_1_111' title='bbox 106 1588 255 1678; x_wconf 85' lang='lat' dir='ltr'>magistro</span> <span class='ocrx_word' id='word_1_112' title='bbox 273 1588 423 1672; x_wconf 88' lang='lat' dir='ltr'>equitum,</span> <span class='ocrx_word' id='word_1_113' title='bbox 438 1588 510 1653; x_wconf 94' lang='lat' dir='ltr'>hinc</span> <span class='ocrx_word' id='word_1_114' title='bbox 524 1588 676 1667; x_wconf 83' lang='lat' dir='ltr'>dictatori,</span> <span class='ocrx_word' id='word_1_115' title='bbox 690 1588 849 1676; x_wconf 89' lang='lat' dir='ltr'>prosecuti</span> <span class='ocrx_word' id='word_1_116' title='bbox 863 1600 945 1669; x_wconf 90' lang='lat' dir='ltr'>sunt,</span> <span class='ocrx_word' id='word_1_117' title='bbox 960 1583 1138 1656; x_wconf 57' lang='lat' dir='ltr'>firmatum?</span> <span class='ocrx_word' id='word_1_118' title='bbox 1151 1609 1165 1657; x_wconf 85' lang='lat'>9</span> 
     </span>
     <span class='ocr_line' id='line_1_15' title="bbox 106 1683 1133 1771; baseline 0 -23"><span class='ocrx_word' id='word_1_119' title='bbox 106 1704 163 1769; x_wconf 89' lang='lat' dir='ltr'>que</span> <span class='ocrx_word' id='word_1_120' title='bbox 178 1683 348 1769; x_wconf 90' lang='lat' dir='ltr'>imperium</span> <span class='ocrx_word' id='word_1_121' title='bbox 364 1683 497 1748; x_wconf 87' lang='lat' dir='ltr'>militare</span> <span class='ocrx_word' id='word_1_122' title='bbox 514 1683 600 1750; x_wconf 91' lang='lat' dir='ltr'>haud</span> <span class='ocrx_word' id='word_1_123' title='bbox 614 1685 717 1749; x_wconf 89' lang='lat' dir='ltr'>minus</span> <span class='ocrx_word' id='word_1_124' title='bbox 731 1683 870 1771; x_wconf 88' lang='lat' dir='ltr'>periculo</span> <span class='ocrx_word' id='word_1_125' title='bbox 880 1683 921 1768; x_wconf 90' lang='lat' dir='ltr'>Q.</span> <span class='ocrx_word' id='word_1_126' title='bbox 930 1683 1023 1750; x_wconf 88' lang='lat' dir='ltr'>Fabii</span> <span class='ocrx_word' id='word_1_127' title='bbox 1037 1707 1133 1769; x_wconf 89' lang='lat' dir='ltr'>quam</span> 
     </span>
     <span class='ocr_line' id='line_1_16' title="bbox 107 1777 998 1866; baseline 0.001 -22"><span class='ocrx_word' id='word_1_128' title='bbox 107 1777 260 1866; x_wconf 80' lang='lat' dir='ltr'>supplicio</span> <span class='ocrx_word' id='word_1_129' title='bbox 277 1777 447 1843; x_wconf 88' lang='lat' dir='ltr'>miserabili</span> <span class='ocrx_word' id='word_1_130' title='bbox 465 1778 674 1844; x_wconf 90' lang='lat' dir='ltr'>adulescentis</span> <span class='ocrx_word' id='word_1_131' title='bbox 693 1778 807 1844; x_wconf 90' lang='lat' dir='ltr'>Manlii</span> <span class='ocrx_word' id='word_1_132' title='bbox 824 1778 998 1845; x_wconf 89' lang='lat' dir='ltr'>videbatur.</span> 
     </span>
    </p>

    <p class='ocr_par' dir='ltr' id='par_1_3' title="bbox 103 1872 1183 2433">
     <span class='ocr_line' id='line_1_17' title="bbox 161 1872 1183 1958; baseline 0.001 -19"><span class='ocrx_word' id='word_1_133' title='bbox 161 1872 261 1939; x_wconf 84' lang='lat' dir='ltr'>Forte</span> <span class='ocrx_word' id='word_1_134' title='bbox 281 1873 326 1937; x_wconf 91' lang='lat' dir='ltr'>ita</span> <span class='ocrx_word' id='word_1_135' title='bbox 344 1894 382 1938; x_wconf 91' lang='lat' dir='ltr'>eo</span> <span class='ocrx_word' id='word_1_136' title='bbox 400 1895 482 1939; x_wconf 86' lang='lat' dir='ltr'>anno</span> <span class='ocrx_word' id='word_1_137' title='bbox 501 1875 615 1953; x_wconf 87' lang='lat' dir='ltr'>evenit,</span> <span class='ocrx_word' id='word_1_138' title='bbox 633 1883 682 1952; x_wconf 88' lang='lat' dir='ltr'>ut,</span> <span class='ocrx_word' id='word_1_139' title='bbox 702 1874 982 1958; x_wconf 87' lang='lat' dir='ltr'>quotienscumque</span> <span class='ocrx_word' id='word_1_140' title='bbox 1000 1872 1133 1939; x_wconf 88' lang='lat' dir='ltr'>dictator</span> <span class='ocrx_word' id='word_1_141' title='bbox 1152 1893 1183 1940; x_wconf 93' lang='lat'>10</span> 
     </span>
     <span class='ocr_line' id='line_1_18' title="bbox 105 1966 1134 2046; baseline 0 -12"><span class='ocrx_word' id='word_1_142' title='bbox 105 1967 145 2034; x_wconf 89' lang='lat' dir='ltr'>ab</span> <span class='ocrx_word' id='word_1_143' title='bbox 163 1967 302 2033; x_wconf 88' lang='lat' dir='ltr'>exercitu</span> <span class='ocrx_word' id='word_1_144' title='bbox 320 1969 459 2046; x_wconf 88' lang='lat' dir='ltr'>recessit,</span> <span class='ocrx_word' id='word_1_145' title='bbox 478 1968 585 2034; x_wconf 88' lang='lat' dir='ltr'>hostes</span> <span class='ocrx_word' id='word_1_146' title='bbox 604 1969 637 2034; x_wconf 94' lang='lat' dir='ltr'>in</span> <span class='ocrx_word' id='word_1_147' title='bbox 657 1966 787 2036; x_wconf 88' lang='lat' dir='ltr'>Samnio</span> <span class='ocrx_word' id='word_1_148' title='bbox 805 1979 1015 2036; x_wconf 87' lang='lat' dir='ltr'>moverentur.</span> <span class='ocrx_word' id='word_1_149' title='bbox 1052 1978 1134 2035; x_wconf 88' lang='lat' dir='ltr'>cete-</span> 
     </span>
     <span class='ocr_line' id='line_1_19' title="bbox 103 2062 1132 2153; baseline 0 -23"><span class='ocrx_word' id='word_1_150' title='bbox 103 2084 175 2130; x_wconf 83' lang='lat' dir='ltr'>rum</span> <span class='ocrx_word' id='word_1_151' title='bbox 193 2062 226 2128; x_wconf 90' lang='lat' dir='ltr'>in</span> <span class='ocrx_word' id='word_1_152' title='bbox 243 2062 342 2129; x_wconf 88' lang='lat' dir='ltr'>oculis</span> <span class='ocrx_word' id='word_1_153' title='bbox 361 2063 539 2150; x_wconf 90' lang='lat' dir='ltr'>exemplum</span> <span class='ocrx_word' id='word_1_154' title='bbox 554 2073 620 2129; x_wconf 90' lang='lat' dir='ltr'>erat</span> <span class='ocrx_word' id='word_1_155' title='bbox 635 2063 675 2147; x_wconf 88' lang='lat' dir='ltr'>Q.</span> <span class='ocrx_word' id='word_1_156' title='bbox 685 2063 804 2131; x_wconf 85' lang='lat' dir='ltr'>Fabius</span> <span class='ocrx_word' id='word_1_157' title='bbox 818 2064 865 2130; x_wconf 87' lang='lat' dir='ltr'>M.</span> <span class='ocrx_word' id='word_1_158' title='bbox 875 2064 1004 2133; x_wconf 88' lang='lat' dir='ltr'>Valerio</span> <span class='ocrx_word' id='word_1_159' title='bbox 1016 2064 1132 2153; x_wconf 85' lang='lat' dir='ltr'>legato,</span> 
     </span>
     <span class='ocr_line' id='line_1_20' title="bbox 105 2157 1133 2246; baseline -0.001 -23"><span class='ocrx_word' id='word_1_160' title='bbox 105 2158 158 2244; x_wconf 88' lang='lat' dir='ltr'>qni</span> <span class='ocrx_word' id='word_1_161' title='bbox 177 2157 291 2224; x_wconf 87' lang='lat' dir='ltr'>castris</span> <span class='ocrx_word' id='word_1_162' title='bbox 312 2167 468 2244; x_wconf 88' lang='lat' dir='ltr'>praeerat,</span> <span class='ocrx_word' id='word_1_163' title='bbox 491 2180 531 2223; x_wconf 90' lang='lat' dir='ltr'>ne</span> <span class='ocrx_word' id='word_1_164' title='bbox 549 2179 645 2242; x_wconf 89' lang='lat' dir='ltr'>quam</span> <span class='ocrx_word' id='word_1_165' title='bbox 667 2157 732 2223; x_wconf 86' lang='lat' dir='ltr'>vim</span> <span class='ocrx_word' id='word_1_166' title='bbox 753 2158 894 2224; x_wconf 91' lang='lat' dir='ltr'>hostium</span> <span class='ocrx_word' id='word_1_167' title='bbox 915 2159 1018 2246; x_wconf 85' lang='lat' dir='ltr'>magis</span> <span class='ocrx_word' id='word_1_168' title='bbox 1037 2181 1133 2242; x_wconf 91' lang='lat' dir='ltr'>quam</span> 
     </span>
     <span class='ocr_line' id='line_1_21' title="bbox 105 2252 1183 2338; baseline -0.001 -18"><span class='ocrx_word' id='word_1_169' title='bbox 105 2262 226 2320; x_wconf 86' lang='lat' dir='ltr'>trucem</span> <span class='ocrx_word' id='word_1_170' title='bbox 244 2252 404 2319; x_wconf 90' lang='lat' dir='ltr'>dictatoris</span> <span class='ocrx_word' id='word_1_171' title='bbox 422 2254 501 2318; x_wconf 92' lang='lat' dir='ltr'>iram</span> <span class='ocrx_word' id='word_1_172' title='bbox 519 2253 650 2318; x_wconf 88' lang='lat' dir='ltr'>timeret.</span> <span class='ocrx_word' id='word_1_173' title='bbox 681 2253 788 2338; x_wconf 89' lang='lat' dir='ltr'>itaque</span> <span class='ocrx_word' id='word_1_174' title='bbox 805 2253 1046 2319; x_wconf 82' lang='lat' dir='ltr'>frumentatores</span> <span class='ocrx_word' id='word_1_175' title='bbox 1060 2264 1133 2317; x_wconf 90' lang='lat' dir='ltr'>cum</span> <span class='ocrx_word' id='word_1_176' title='bbox 1152 2272 1183 2319; x_wconf 92' lang='lat'>11</span> 
     </span>
     <span class='ocr_line' id='line_1_22' title="bbox 105 2346 1133 2433; baseline -0.004 -19"><span class='ocrx_word' id='word_1_177' title='bbox 105 2346 311 2414; x_wconf 82' lang='lat' dir='ltr'>circumventi</span> <span class='ocrx_word' id='word_1_178' title='bbox 329 2369 369 2412; x_wconf 92' lang='lat' dir='ltr'>ex</span> <span class='ocrx_word' id='word_1_179' title='bbox 385 2348 508 2412; x_wconf 85' lang='lat' dir='ltr'>insidiis</span> <span class='ocrx_word' id='word_1_180' title='bbox 527 2348 611 2415; x_wconf 91' lang='lat' dir='ltr'>caesi</span> <span class='ocrx_word' id='word_1_181' title='bbox 628 2346 698 2413; x_wconf 90' lang='lat' dir='ltr'>loco</span> <span class='ocrx_word' id='word_1_182' title='bbox 715 2348 823 2433; x_wconf 90' lang='lat' dir='ltr'>iniquo</span> <span class='ocrx_word' id='word_1_183' title='bbox 843 2357 957 2425; x_wconf 91' lang='lat' dir='ltr'>essent,</span> <span class='ocrx_word' id='word_1_184' title='bbox 981 2346 1133 2412; x_wconf 88' lang='lat' dir='ltr'>creditum</span> 
     </span>
    </p>

    <p class='ocr_par' dir='ltr' id='par_1_4' title="bbox 77 2439 1184 2909">
     <span class='ocr_line' id='line_1_23' title="bbox 77 2439 1135 2530; baseline -0.004 -21"><span class='ocrx_word' id='word_1_185' title='bbox 77 2446 82 2451; x_wconf 82' lang='lat'>&#39;</span> <span class='ocrx_word' id='word_1_186' title='bbox 103 2441 201 2530; x_wconf 83' lang='lat' dir='ltr'>vulgo</span> <span class='ocrx_word' id='word_1_187' title='bbox 220 2450 278 2520; x_wconf 87' lang='lat' dir='ltr'>est,</span> <span class='ocrx_word' id='word_1_188' title='bbox 298 2441 457 2508; x_wconf 87' lang='lat' dir='ltr'>subveniri</span> <span class='ocrx_word' id='word_1_189' title='bbox 471 2443 517 2508; x_wconf 90' lang='lat' dir='ltr'>eis</span> <span class='ocrx_word' id='word_1_190' title='bbox 531 2441 690 2530; x_wconf 84' lang='lat' dir='ltr'>ablegato</span> <span class='ocrx_word' id='word_1_191' title='bbox 706 2443 858 2528; x_wconf 89' lang='lat' dir='ltr'>potuisse,</span> <span class='ocrx_word' id='word_1_192' title='bbox 872 2441 907 2506; x_wconf 92' lang='lat' dir='ltr'>ni</span> <span class='ocrx_word' id='word_1_193' title='bbox 919 2440 1019 2506; x_wconf 89' lang='lat' dir='ltr'>tristia</span> <span class='ocrx_word' id='word_1_194' title='bbox 1032 2439 1135 2505; x_wconf 88' lang='lat' dir='ltr'>edicta</span> 
     </span>
     <span class='ocr_line' id='line_1_24' title="bbox 102 2534 1184 2623; baseline -0.002 -21"><span class='ocrx_word' id='word_1_195' title='bbox 102 2536 327 2602; x_wconf 88' lang='lat' dir='ltr'>exhorruisset.</span> <span class='ocrx_word' id='word_1_196' title='bbox 364 2559 401 2601; x_wconf 95' lang='lat' dir='ltr'>ea</span> <span class='ocrx_word' id='word_1_197' title='bbox 419 2559 544 2623; x_wconf 90' lang='lat' dir='ltr'>quoque</span> <span class='ocrx_word' id='word_1_198' title='bbox 562 2537 609 2602; x_wconf 91' lang='lat' dir='ltr'>ira</span> <span class='ocrx_word' id='word_1_199' title='bbox 626 2536 773 2602; x_wconf 85' lang='lat' dir='ltr'>ahenavit</span> <span class='ocrx_word' id='word_1_200' title='bbox 791 2560 810 2603; x_wconf 89' lang='lat' dir='ltr'>a</span> <span class='ocrx_word' id='word_1_201' title='bbox 828 2537 978 2601; x_wconf 88' lang='lat' dir='ltr'>dictatore</span> <span class='ocrx_word' id='word_1_202' title='bbox 1000 2534 1135 2599; x_wconf 90' lang='lat' dir='ltr'>militum</span> <span class='ocrx_word' id='word_1_203' title='bbox 1154 2554 1184 2600; x_wconf 86' lang='lat'>12</span> 
     </span>
     <span class='ocr_line' id='line_1_25' title="bbox 102 2624 1176 2719; baseline -0.004 -21"><span class='ocrx_word' id='word_1_204' title='bbox 102 2631 227 2698; x_wconf 68' lang='lat' dir='ltr'>enirm</span> <span class='ocrx_word' id='word_1_205' title='bbox 257 2631 321 2696; x_wconf 87' lang='lat' dir='ltr'>iam</span> <span class='ocrx_word' id='word_1_206' title='bbox 352 2641 423 2698; x_wconf 91' lang='lat' dir='ltr'>ante</span> <span class='ocrx_word' id='word_1_207' title='bbox 449 2633 604 2710; x_wconf 87' lang='lat' dir='ltr'>infensos,</span> <span class='ocrx_word' id='word_1_208' title='bbox 632 2633 717 2718; x_wconf 91' lang='lat' dir='ltr'>quod</span> <span class='ocrx_word' id='word_1_209' title='bbox 746 2630 942 2719; x_wconf 89' lang='lat' dir='ltr'>inplacabilis</span> <span class='ocrx_word' id='word_1_210' title='bbox 970 2624 1011 2715; x_wconf 83' lang='lat' dir='ltr'>Q.</span> <span class='ocrx_word' id='word_1_211' title='bbox 1034 2628 1135 2695; x_wconf 90' lang='lat' dir='ltr'>Fabio</span> <span class='ocrx_word' id='word_1_212' title='bbox 1174 2713 1176 2717; x_wconf 85' lang='lat'><strong>.</strong></span> 
     </span>
     <span class='ocr_line' id='line_1_26' title="bbox 101 2725 1136 2817; baseline -0.002 -24"><span class='ocrx_word' id='word_1_213' title='bbox 101 2727 219 2794; x_wconf 81' lang='lat' dir='ltr'>fuisset</span> <span class='ocrx_word' id='word_1_214' title='bbox 241 2739 273 2792; x_wconf 87' lang='lat' dir='ltr'>et</span> <span class='ocrx_word' id='word_1_215' title='bbox 294 2727 379 2812; x_wconf 91' lang='lat' dir='ltr'>qnod</span> <span class='ocrx_word' id='word_1_216' title='bbox 403 2728 467 2793; x_wconf 89' lang='lat' dir='ltr'>suis</span> <span class='ocrx_word' id='word_1_217' title='bbox 490 2727 635 2815; x_wconf 88' lang='lat' dir='ltr'>precibus</span> <span class='ocrx_word' id='word_1_218' title='bbox 658 2737 820 2817; x_wconf 85' lang='lat' dir='ltr'>negasset,</span> <span class='ocrx_word' id='word_1_219' title='bbox 845 2728 912 2796; x_wconf 91' lang='lat' dir='ltr'>eius</span> <span class='ocrx_word' id='word_1_220' title='bbox 934 2727 1051 2814; x_wconf 90' lang='lat' dir='ltr'>populo</span> <span class='ocrx_word' id='word_1_221' title='bbox 1069 2725 1136 2793; x_wconf 87' lang='lat' dir='ltr'>Ro·</span> 
     </span>
     <span class='ocr_line' id='line_1_27' title="bbox 102 2820 981 2909; baseline -0.002 -20"><span class='ocrx_word' id='word_1_222' title='bbox 102 2842 199 2889; x_wconf 87' lang='lat' dir='ltr'>mano</span> <span class='ocrx_word' id='word_1_223' title='bbox 217 2820 342 2885; x_wconf 87' lang='lat' dir='ltr'>veniam</span> <span class='ocrx_word' id='word_1_224' title='bbox 361 2821 509 2887; x_wconf 88' lang='lat' dir='ltr'>dedisset.</span> <span class='ocrx_word' id='word_1_225' title='bbox 978 2903 981 2909; x_wconf 21' lang='grc' dir='ltr'>Ι</span> 
     </span>
    </p>

    <p class='ocr_par' dir='ltr' id='par_1_5' title="bbox 92 2912 1171 3752">
     <span class='ocr_line' id='line_1_28' title="bbox 165 2912 1168 3002; baseline 0.001 -21"><span class='ocrx_word' id='word_1_226' title='bbox 165 2912 340 2981; x_wconf 84' lang='lat' dir='ltr'><strong>XXXVI.</strong></span> <span class='ocrx_word' id='word_1_227' title='bbox 371 2913 546 3002; x_wconf 89' lang='lat' dir='ltr'>Postquam</span> <span class='ocrx_word' id='word_1_228' title='bbox 569 2915 701 2981; x_wconf 92' lang='lat' dir='ltr'>dictator</span> <span class='ocrx_word' id='word_1_229' title='bbox 725 2915 905 3002; x_wconf 87' lang='lat' dir='ltr'>praeposito</span> <span class='ocrx_word' id='word_1_230' title='bbox 931 2916 965 2981; x_wconf 93' lang='lat' dir='ltr'>in</span> <span class='ocrx_word' id='word_1_231' title='bbox 991 2915 1068 2982; x_wconf 92' lang='lat' dir='ltr'>urbe</span> <span class='ocrx_word' id='word_1_232' title='bbox 1090 2912 1168 2982; x_wconf 62' lang='lat'>1221</span> 
     </span>
     <span class='ocr_line' id='line_1_29' title="bbox 99 3006 1136 3098; baseline -0.006 -21"><span class='ocrx_word' id='word_1_233' title='bbox 99 3008 234 3098; x_wconf 84' lang='lat' dir='ltr'>Papirio</span> <span class='ocrx_word' id='word_1_234' title='bbox 258 3007 390 3088; x_wconf 82' lang='lat' dir='ltr'>Crasso,</span> <span class='ocrx_word' id='word_1_235' title='bbox 418 3009 569 3097; x_wconf 88' lang='lat' dir='ltr'>magistro</span> <span class='ocrx_word' id='word_1_236' title='bbox 592 3010 733 3093; x_wconf 83' lang='lat' dir='ltr'>equitum</span> <span class='ocrx_word' id='word_1_237' title='bbox 752 3007 792 3091; x_wconf 87' lang='lat' dir='ltr'>Q.</span> <span class='ocrx_word' id='word_1_238' title='bbox 810 3006 911 3073; x_wconf 89' lang='lat' dir='ltr'>Fabio</span> <span class='ocrx_word' id='word_1_239' title='bbox 934 3009 1030 3074; x_wconf 88' lang='lat' dir='ltr'>vetito</span> <span class='ocrx_word' id='word_1_240' title='bbox 1048 3009 1136 3091; x_wconf 91' lang='lat' dir='ltr'>quic-</span> 
     </span>
     <span class='ocr_line' id='line_1_30' title="bbox 99 3100 1135 3192; baseline -0.005 -22"><span class='ocrx_word' id='word_1_241' title='bbox 99 3126 202 3192; x_wconf 75' lang='lat' dir='ltr'>quam</span> <span class='ocrx_word' id='word_1_242' title='bbox 218 3126 276 3191; x_wconf 89' lang='lat' dir='ltr'>pro</span> <span class='ocrx_word' id='word_1_243' title='bbox 289 3128 341 3169; x_wconf 91' lang='lat' dir='ltr'>ma</span> <span class='ocrx_word' id='word_1_244' title='bbox 365 3104 476 3170; x_wconf 83' lang='lat' dir='ltr'>‘stratu</span> <span class='ocrx_word' id='word_1_245' title='bbox 493 3126 596 3192; x_wconf 85' lang='lat' dir='ltr'>agere,</span> <span class='ocrx_word' id='word_1_246' title='bbox 611 3104 645 3168; x_wconf 93' lang='lat' dir='ltr'>in</span> <span class='ocrx_word' id='word_1_247' title='bbox 659 3112 761 3170; x_wconf 90' lang='lat' dir='ltr'>castra</span> <span class='ocrx_word' id='word_1_248' title='bbox 777 3102 879 3180; x_wconf 89' lang='lat' dir='ltr'>rediit,</span> <span class='ocrx_word' id='word_1_249' title='bbox 892 3123 994 3186; x_wconf 92' lang='lat' dir='ltr'>neque</span> <span class='ocrx_word' id='word_1_250' title='bbox 1013 3100 1135 3166; x_wconf 87' lang='lat' dir='ltr'>civibus</span> 
     </span>
     <span class='ocr_line' id='line_1_31' title="bbox 96 3128 1137 3281; baseline -0.01 -14"><span class='ocrx_word' id='word_1_251' title='bbox 96 3197 184 3267; x_wconf 80' lang='lat' dir='ltr'>satis</span> <span class='ocrx_word' id='word_1_252' title='bbox 200 3195 303 3264; x_wconf 87' lang='lat' dir='ltr'>laetus</span> <span class='ocrx_word' id='word_1_253' title='bbox 322 3128 475 3264; x_wconf 68' lang='lat' dir='ltr'>adientus</span> <span class='ocrx_word' id='word_1_254' title='bbox 494 3199 561 3265; x_wconf 87' lang='lat' dir='ltr'>eius</span> <span class='ocrx_word' id='word_1_255' title='bbox 579 3198 640 3264; x_wconf 89' lang='lat' dir='ltr'>fuit</span> <span class='ocrx_word' id='word_1_256' title='bbox 656 3220 715 3264; x_wconf 90' lang='lat' dir='ltr'>nec</span> <span class='ocrx_word' id='word_1_257' title='bbox 733 3196 876 3263; x_wconf 91' lang='lat' dir='ltr'>hostibus</span> <span class='ocrx_word' id='word_1_258' title='bbox 895 3195 1063 3281; x_wconf 88' lang='lat' dir='ltr'>quicquam</span> <span class='ocrx_word' id='word_1_259' title='bbox 1081 3194 1137 3258; x_wconf 90' lang='lat' dir='ltr'>ad-</span> 
     </span>
     <span class='ocr_line' id='line_1_32' title="bbox 97 3287 1170 3380; baseline -0.006 -20"><span class='ocrx_word' id='word_1_260' title='bbox 97 3291 175 3360; x_wconf 84' lang='lat' dir='ltr'>tulit</span> <span class='ocrx_word' id='word_1_261' title='bbox 187 3292 325 3359; x_wconf 85' lang='lat' dir='ltr'>terroris.</span> <span class='ocrx_word' id='word_1_262' title='bbox 355 3314 491 3377; x_wconf 87' lang='lat' dir='ltr'>namque</span> <span class='ocrx_word' id='word_1_263' title='bbox 504 3303 630 3379; x_wconf 89' lang='lat' dir='ltr'>postero</span> <span class='ocrx_word' id='word_1_264' title='bbox 644 3293 704 3371; x_wconf 91' lang='lat' dir='ltr'>die,</span> <span class='ocrx_word' id='word_1_265' title='bbox 720 3314 776 3360; x_wconf 86' lang='lat' dir='ltr'>seu</span> <span class='ocrx_word' id='word_1_266' title='bbox 788 3290 890 3380; x_wconf 82' lang='lat' dir='ltr'>ignari</span> <span class='ocrx_word' id='word_1_267' title='bbox 902 3289 1027 3355; x_wconf 84' lang='lat' dir='ltr'>venisse</span> <span class='ocrx_word' id='word_1_268' title='bbox 1040 3287 1137 3353; x_wconf 87' lang='lat' dir='ltr'>dicta-</span> <span class='ocrx_word' id='word_1_269' title='bbox 1155 3307 1170 3354; x_wconf 83' lang='lat'><strong>2</strong></span> 
     </span>
     <span class='ocr_line' id='line_1_33' title="bbox 96 3385 1138 3474; baseline -0.009 -16"><span class='ocrx_word' id='word_1_270' title='bbox 96 3398 205 3458; x_wconf 81' lang='lat' dir='ltr'>torem</span> <span class='ocrx_word' id='word_1_271' title='bbox 233 3410 290 3454; x_wconf 87' lang='lat' dir='ltr'>seu</span> <span class='ocrx_word' id='word_1_272' title='bbox 317 3388 442 3454; x_wconf 87' lang='lat' dir='ltr'>adesset</span> <span class='ocrx_word' id='word_1_273' title='bbox 463 3411 504 3454; x_wconf 88' lang='lat' dir='ltr'>an</span> <span class='ocrx_word' id='word_1_274' title='bbox 527 3386 652 3454; x_wconf 88' lang='lat' dir='ltr'>abesset</span> <span class='ocrx_word' id='word_1_275' title='bbox 676 3388 767 3474; x_wconf 87' lang='lat' dir='ltr'>parvi</span> <span class='ocrx_word' id='word_1_276' title='bbox 792 3386 958 3464; x_wconf 86' lang='lat' dir='ltr'>facientes,</span> <span class='ocrx_word' id='word_1_277' title='bbox 984 3385 1138 3450; x_wconf 90' lang='lat' dir='ltr'>instructa</span> 
     </span>
     <span class='ocr_line' id='line_1_34' title="bbox 94 3480 1171 3555; baseline -0.008 -2"><span class='ocrx_word' id='word_1_278' title='bbox 94 3485 171 3555; x_wconf 66' lang='lat' dir='ltr'>acie</span> <span class='ocrx_word' id='word_1_279' title='bbox 193 3482 238 3551; x_wconf 82' lang='lat' dir='ltr'>ad</span> <span class='ocrx_word' id='word_1_280' title='bbox 259 3493 361 3550; x_wconf 87' lang='lat' dir='ltr'>castra</span> <span class='ocrx_word' id='word_1_281' title='bbox 383 3493 591 3550; x_wconf 88' lang='lat' dir='ltr'>accesserunt.</span> <span class='ocrx_word' id='word_1_282' title='bbox 628 3492 767 3549; x_wconf 89' lang='lat' dir='ltr'>ceterum</span> <span class='ocrx_word' id='word_1_283' title='bbox 788 3492 911 3548; x_wconf 90' lang='lat' dir='ltr'>tantum</span> <span class='ocrx_word' id='word_1_284' title='bbox 932 3480 1083 3547; x_wconf 88' lang='lat' dir='ltr'>momenti</span> <span class='ocrx_word' id='word_1_285' title='bbox 1104 3480 1171 3544; x_wconf 79' lang='lat' dir='ltr'>ins</span> 
     </span>
     <span class='ocr_line' id='line_1_35' title="bbox 92 3574 1139 3667; baseline -0.009 -18"><span class='ocrx_word' id='word_1_286' title='bbox 92 3600 169 3649; x_wconf 82' lang='lat' dir='ltr'>uno</span> <span class='ocrx_word' id='word_1_287' title='bbox 184 3577 256 3646; x_wconf 82' lang='lat' dir='ltr'>viro</span> <span class='ocrx_word' id='word_1_288' title='bbox 273 3578 315 3644; x_wconf 88' lang='lat' dir='ltr'>L.</span> <span class='ocrx_word' id='word_1_289' title='bbox 333 3578 462 3667; x_wconf 88' lang='lat' dir='ltr'>Papirio</span> <span class='ocrx_word' id='word_1_290' title='bbox 484 3577 559 3657; x_wconf 79' lang='lat' dir='ltr'>finit,</span> <span class='ocrx_word' id='word_1_291' title='bbox 582 3588 631 3658; x_wconf 90' lang='lat' dir='ltr'>ut,</span> <span class='ocrx_word' id='word_1_292' title='bbox 656 3578 683 3644; x_wconf 91' lang='lat' dir='ltr'>si</span> <span class='ocrx_word' id='word_1_293' title='bbox 700 3578 790 3645; x_wconf 88' lang='lat' dir='ltr'>ducis</span> <span class='ocrx_word' id='word_1_294' title='bbox 808 3577 939 3645; x_wconf 91' lang='lat' dir='ltr'>consilia</span> <span class='ocrx_word' id='word_1_295' title='bbox 955 3576 1046 3642; x_wconf 90' lang='lat' dir='ltr'>favor</span> <span class='ocrx_word' id='word_1_296' title='bbox 1064 3574 1139 3641; x_wconf 90' lang='lat' dir='ltr'>sub-</span> 
     </span>
     <span class='ocr_line' id='line_1_36' title="bbox 95 3668 1141 3752; baseline -0.011 -7"><span class='ocrx_word' id='word_1_297' title='bbox 95 3682 235 3745; x_wconf 75' lang='lat' dir='ltr'>secutus</span> <span class='ocrx_word' id='word_1_298' title='bbox 262 3672 396 3739; x_wconf 85' lang='lat' dir='ltr'>militum</span> <span class='ocrx_word' id='word_1_299' title='bbox 418 3673 513 3752; x_wconf 88' lang='lat' dir='ltr'>foret,</span> <span class='ocrx_word' id='word_1_300' title='bbox 541 3672 691 3740; x_wconf 89' lang='lat' dir='ltr'>debellari</span> <span class='ocrx_word' id='word_1_301' title='bbox 712 3694 750 3739; x_wconf 89' lang='lat' dir='ltr'>eo</span> <span class='ocrx_word' id='word_1_302' title='bbox 772 3672 824 3738; x_wconf 91' lang='lat' dir='ltr'>die</span> <span class='ocrx_word' id='word_1_303' title='bbox 847 3688 919 3738; x_wconf 89' lang='lat' dir='ltr'>cum</span> <span class='ocrx_word' id='word_1_304' title='bbox 943 3668 1141 3738; x_wconf 88' lang='lat' dir='ltr'>Samnitibus</span> 
     </span>
    </p>
   </div>
   <div class='ocr_carea' id='block_1_3' title="bbox 88 3757 1214 4037">
    <p class='ocr_par' dir='ltr' id='par_1_6' title="bbox 88 3757 1214 4037">
     <span class='ocr_line' id='line_1_37' title="bbox 88 3757 1182 3861; baseline -0.009 -24"><span class='ocrx_word' id='word_1_305' title='bbox 88 3769 250 3861; x_wconf 78' lang='lat' dir='ltr'>potuisse</span> <span class='ocrx_word' id='word_1_306' title='bbox 266 3789 326 3855; x_wconf 90' lang='lat' dir='ltr'>pro</span> <span class='ocrx_word' id='word_1_307' title='bbox 342 3768 427 3835; x_wconf 89' lang='lat' dir='ltr'>haud</span> <span class='ocrx_word' id='word_1_308' title='bbox 449 3766 545 3834; x_wconf 91' lang='lat' dir='ltr'>dubio</span> <span class='ocrx_word' id='word_1_309' title='bbox 563 3766 705 3834; x_wconf 90' lang='lat' dir='ltr'>habitum</span> <span class='ocrx_word' id='word_1_310' title='bbox 724 3766 778 3834; x_wconf 89' lang='lat' dir='ltr'>sit:</span> <span class='ocrx_word' id='word_1_311' title='bbox 804 3766 849 3832; x_wconf 89' lang='lat' dir='ltr'>ita</span> <span class='ocrx_word' id='word_1_312' title='bbox 870 3766 1018 3832; x_wconf 83' lang='lat' dir='ltr'>instruxit</span> <span class='ocrx_word' id='word_1_313' title='bbox 1039 3764 1138 3830; x_wconf 90' lang='lat' dir='ltr'>aciem</span> <span class='ocrx_word' id='word_1_314' title='bbox 1156 3757 1182 3818; x_wconf 77' lang='grc' dir='ltr'>4Ι</span> 
     </span>
     <span class='ocr_line' id='line_1_38' title="bbox 90 3860 1214 3942; baseline -0.011 -9"><span class='ocrx_word' id='word_1_315' title='bbox 90 3864 175 3933; x_wconf 81' lang='lat' dir='ltr'>loeo</span> <span class='ocrx_word' id='word_1_316' title='bbox 192 3884 235 3929; x_wconf 84' lang='lat' dir='ltr'>ac</span> <span class='ocrx_word' id='word_1_317' title='bbox 253 3861 412 3942; x_wconf 87' lang='lat' dir='ltr'>subsidiis,</span> <span class='ocrx_word' id='word_1_318' title='bbox 431 3863 476 3928; x_wconf 89' lang='lat' dir='ltr'>ita</span> <span class='ocrx_word' id='word_1_319' title='bbox 493 3862 579 3929; x_wconf 91' lang='lat' dir='ltr'>omni</span> <span class='ocrx_word' id='word_1_320' title='bbox 596 3871 661 3929; x_wconf 91' lang='lat' dir='ltr'>arte</span> <span class='ocrx_word' id='word_1_321' title='bbox 679 3860 792 3929; x_wconf 88' lang='lat' dir='ltr'>bellica</span> <span class='ocrx_word' id='word_1_322' title='bbox 808 3860 953 3927; x_wconf 88' lang='lat' dir='ltr'>firmavit.</span> <span class='ocrx_word' id='word_1_323' title='bbox 969 3867 1138 3925; x_wconf 69' lang='lat' dir='ltr'>,cessatum</span> <span class='ocrx_word' id='word_1_324' title='bbox 1213 3894 1214 3899; x_wconf 21' lang='grc' dir='ltr'><strong>κ</strong></span> 
     </span>
     <span class='ocr_line' id='line_1_39' title="bbox 90 3951 1137 4037; baseline -0.011 -10"><span class='ocrx_word' id='word_1_325' title='bbox 90 3982 120 4027; x_wconf 69' lang='grc' dir='ltr'>ι</span> <span class='ocrx_word' id='word_1_326' title='bbox 137 3956 244 4025; x_wconf 88' lang='lat' dir='ltr'>milite</span> <span class='ocrx_word' id='word_1_327' title='bbox 262 3976 301 4024; x_wconf 83' lang='lat' dir='ltr'>ac</span> <span class='ocrx_word' id='word_1_328' title='bbox 317 3957 358 4023; x_wconf 92' lang='lat' dir='ltr'>de</span> <span class='ocrx_word' id='word_1_329' title='bbox 379 3957 545 4037; x_wconf 88' lang='lat' dir='ltr'>industria,</span> <span class='ocrx_word' id='word_1_330' title='bbox 568 3967 604 4023; x_wconf 92' lang='lat' dir='ltr'>ut</span> <span class='ocrx_word' id='word_1_331' title='bbox 625 3957 849 4024; x_wconf 89' lang='lat' dir='ltr'>obtrectaretur</span> <span class='ocrx_word' id='word_1_332' title='bbox 869 3953 1015 4020; x_wconf 88' lang='lat' dir='ltr'>laudibus</span> <span class='ocrx_word' id='word_1_333' title='bbox 1038 3951 1137 4028; x_wconf 88' lang='lat' dir='ltr'>ducis,</span> 
     </span>
    </p>
   </div>
   <div class='ocr_carea' id='block_1_4' title="bbox 82 4045 1138 4204">
    <p class='ocr_par' dir='ltr' id='par_1_7' title="bbox 82 4045 1138 4204">
     <span class='ocr_line' id='line_1_40' title="bbox 82 4045 1138 4204; baseline -0.016 -78"><span class='ocrx_word' id='word_1_334' title='bbox 82 4051 251 4143; x_wconf 67' lang='lat' dir='ltr'>inpedita</span> <span class='ocrx_word' id='word_1_335' title='bbox 271 4051 402 4119; x_wconf 88' lang='lat' dir='ltr'>victoria</span> <span class='ocrx_word' id='word_1_336' title='bbox 424 4062 481 4119; x_wconf 90' lang='lat' dir='ltr'>est.</span> <span class='ocrx_word' id='word_1_337' title='bbox 517 4052 623 4140; x_wconf 91' lang='lat' dir='ltr'>plures</span> <span class='ocrx_word' id='word_1_338' title='bbox 643 4049 833 4120; x_wconf 86' lang='lat' dir='ltr'>Samnitium</span> <span class='ocrx_word' id='word_1_339' title='bbox 855 4048 1010 4204; x_wconf 54' lang='lat' dir='ltr'>ceciggie’</span> <span class='ocrx_word' id='word_1_340' title='bbox 1032 4045 1138 4133; x_wconf 86' lang='lat' dir='ltr'>plures</span> 
     </span>
    </p>
   </div>
   <div class='ocr_carea' id='block_1_5' title="bbox 0 0 1288 4524">
    <p class='ocr_par' dir='ltr' id='par_1_8' title="bbox 0 0 1288 4524">
     <span class='ocr_line' id='line_1_41' title="bbox 0 0 1288 4524; baseline 0 5"><span class='ocrx_word' id='word_1_341' title='bbox 0 0 1288 4524; x_wconf 95' lang='lat' dir='ltr'> </span> 
     </span>
    </p>
   </div>
  </div>
 </body>
</html>
