2566 4524
358 193 475 249 aman
494 193 551 264 111,
570 195 612 249 39.
625 193 668 249 40.
688 193 839 264 [acam]
1050 184 1110 253 161
1170 192 1173 197 ’
1217 246 1218 251 Ν

79 376 160 440 quae
180 353 209 418 si
225 352 260 417 in
276 374 351 438 rege
369 351 451 435 (tum
464 352 588 436 eodem)
607 362 660 416 ant
677 353 710 416 in
727 352 791 416 filio
808 353 892 439 regis
906 353 1036 420 ferenda
1048 379 1112 421 non

77 450 210 526 hierint,
239 469 334 533 quem
356 447 491 511 laturum
518 447 552 511 in
573 457 619 512 tot
635 447 784 531 privatis?
813 448 967 527 viderent,
995 473 1035 515 ne
1057 472 1145 522 ve-a

80 544 177 608 tando
203 542 239 605 in
261 541 348 606 curia
369 540 466 606 libere
488 541 631 605 homines
653 541 739 626 loqui
766 552 854 607 extra
876 544 994 608 curiam
1017 545 1111 610 etiam

78 646 245 702 moverent
261 658 387 712 vocem;
404 656 507 718 neque
526 657 560 699 se
578 635 698 713 videre,
718 637 772 720 qui
790 636 851 701 sibi
868 637 971 703 minus
989 639 1111 724 privato

80 731 121 795 ad
140 730 319 794 contionem
338 729 490 813 populum
509 752 621 795 vocare
643 752 738 814 quam
755 731 817 795 illis
836 743 979 797 senatum
997 755 1111 820 cogere

77 825 178 889 liceat.
206 823 264 888 ubi
278 823 405 900 vellent,
425 823 647 907 experirentur,
666 837 783 906 quanto
797 825 906 890 fortior
918 826 1008 891 dolor
1019 827 1110 892 liber·
1130 850 1146 898 a

77 928 138 983 tate
162 940 224 982 sua
248 917 436 981 vindicanda
461 939 556 1001 quam
579 918 732 1002 cupiditas
758 919 875 983 iniusta
900 921 1112 986 dominatione

77 1025 169 1078 esset.
200 1012 242 1076 de
256 1011 339 1076 bello
355 1009 474 1076 Sabino
493 1035 546 1076 eos
565 1013 694 1089 referre,
714 1023 874 1095 tamquam
892 1015 993 1079 maius
1012 1016 1146 1084 ullum8
1231 1047 1234 1053 ·

77 1107 195 1193 populo
219 1105 366 1170 Romano
393 1105 511 1170 bellum
539 1108 580 1169 sit
606 1129 700 1190 quam
728 1130 800 1171 cum
826 1108 880 1184 iis,
907 1108 975 1191 qui,
1002 1108 1111 1193 legum

77 1202 283 1268 terundarum
303 1222 399 1264 causa
417 1201 525 1278 creati,
544 1201 622 1265 nihil
639 1202 714 1266 iuris
732 1203 767 1265 in'
784 1202 908 1266 civitate
921 1202 1110 1284 reliquerint,

79 1297 135 1379 qui
157 1295 297 1371 comitia,
325 1295 379 1377 qui
402 1318 522 1359 annuos
544 1296 759 1381 magistratus,
787 1297 840 1379 qui
863 1296 1111 1360 vicissitudinem

79 1391 293 1477 imperitandi,
313 1391 397 1473 quod
415 1414 513 1454 unum
531 1392 752 1473 exaequandae
767 1391 807 1455 sit
820 1390 987 1468 libertatis,
1007 1402 1112 1456 sustu·
1179 1470 1183 1477 Ι

78 1485 184 1561 lerint,
218 1484 276 1566 qui
301 1484 413 1568 privati
439 1485 543 1549 fasces
571 1495 601 1548 et
626 1486 747 1570 regium
774 1485 939 1571 imperium
965 1484 1111 1550 habeant.

80 1579 175 1644 fuisse
194 1578 325 1664 regibus
340 1580 457 1642 exactis
472 1579 617 1663 patricios
632 1581 848 1666 magistratus,
868 1590 988 1645 creatos
1001 1590 1112 1664 postea
1129 1597 1145 1646 9

80 1686 147 1758 post
166 1673 382 1738 secessionem
399 1672 500 1756 plebis
519 1673 668 1757 plebeios.
704 1675 793 1738 cuius
816 1674 862 1738 illi
878 1674 976 1758 partis
995 1682 1111 1752 essent,

85 1769 223 1854 rogitare.
262 1767 449 1851 populares?
474 1768 550 1851 quid
574 1769 656 1831 enim
674 1791 728 1832 eos
747 1790 803 1852 per
820 1769 971 1853 populum
990 1766 1113 1853 egisse?

83 1860 267 1948 optimates?
292 1861 347 1944 qui
369 1884 451 1925 anno
472 1864 536 1926 iam
556 1884 655 1947 prope
678 1873 820 1926 senatum
847 1885 910 1926 non
935 1861 1110 1939 habuerint,

87 1964 154 2021 tunc
171 1957 215 2020 ita
232 1955 385 2031 habeant,
409 1970 444 2018 ut
461 1957 501 2020 de
522 1981 556 2020 rc
578 1956 704 2041 publica
724 1957 812 2040 loqui
832 1955 1037 2042 prohibeant?
1070 1977 1111 2020 ne
1130 1977 1163 2026 lo

94 2049 211 2114 nimium
227 2051 262 2114 in
280 2066 367 2113 metu
384 2050 485 2115 alieno
505 2053 572 2136 spei
589 2061 748 2136 ponerent.
776 2053 938 2137 graviora,
957 2072 1038 2135 quae
1054 2073 1112 2137 pa·

99 2142 206 2221 llantur,
222 2145 324 2208 videri
342 2145 405 2207 iam
423 2145 601 2209 hominibus
620 2168 715 2227 quam
733 2168 813 2229 quae
832 2154 981 2210 metuant.

149 2238 302 2302 XXXX.
331 2238 421 2302 Haec
434 2240 625 2303 vociferante
636 2239 769 2303 Horatio
785 2262 857 2303 curn
871 2239 1040 2304 decemviri
1052 2260 1112 2306 nec
1131 2262 1144 2308 1

98 2328 149 2394 ‘irae
164 2356 219 2397 nec
236 2334 421 2418 ignoscendi
440 2335 568 2397 modum
582 2333 753 2418 reperirent
765 2356 824 2396 nec
837 2356 899 2416 quc
914 2355 1047 2397 evasura
1059 2355 1111 2400 res

106 2438 168 2488 esset
188 2441 362 2502 cernerent,
388 2427 426 2490 O.
451 2427 578 2504 Claudi,
606 2428 660 2509 qui
682 2440 811 2511 patruus
833 2426 922 2512 Appi
943 2427 1112 2492 decemviri
1130 2446 1145 2493 2

109 2532 164 2594 erat,
182 2521 278 2584 oratio
296 2520 356 2584 fuit
373 2521 519 2605 precibus
538 2543 632 2603 quam
650 2521 752 2607 iurgio
771 2520 896 2597 similis,
920 2521 1037 2584 orantis
1055 2543 1113 2604 per

114 2611 144 2672 sni
157 2613 252 2679 fratris
271 2616 471 2698 parentisque
490 2617 556 2680 eius
576 2638 698 2693 manes,
718 2628 753 2679 ut
771 2615 870 2679 civilis
888 2615 993 2700 potius
1012 2614 1144 2684 socie-a

114 2705 173 2781 tatis,
198 2709 227 2772 in
249 2732 312 2791 qua
334 2723 425 2772 natus
445 2723 541 2786 esset,
564 2733 660 2792 quam
677 2710 813 2775 foederis
831 2710 949 2774 nefarie
967 2708 1021 2773 icti
1039 2730 1112 2774 cum

114 2797 211 2884 colagis
230 2803 432 2866 meminisset.
460 2804 558 2868 multo
576 2805 608 2866 id
626 2805 727 2890 magis
747 2827 781 2868 se
798 2804 881 2868 illius
904 2826 1000 2868 causa
1023 2823 1111 2866 orare

115 2906 182 2968 quam
197 2897 238 2961 rei
256 2897 413 2982 publicae:
438 2899 553 2982 quippe
571 2922 637 2962 rem
655 2899 827 2984 publicam,
852 2900 879 2963 si
897 2923 916 2963 a
933 2897 1110 2963 volentibus
1128 2918 1146 2964 4

114 3001 228 3087 nequeat,
251 2990 291 3056 ab
310 2992 416 3055 invitis
435 2993 483 3055 ius
502 2994 723 3076 expetituram;
747 2995 804 3057 sed
821 3017 861 3057 ex
878 3015 994 3077 magno
1012 3002 1112 3056 certa—

119 3092 179 3141 nna
192 3105 314 3170 magnas
333 3086 461 3149 excitari
480 3087 578 3150 ferme
596 3087 672 3164 irae,
696 3110 803 3151 earum
822 3099 967 3150 eventum
987 3108 1020 3149 se
1038 3085 1111 3148 hor-

117 3186 174 3236 sfflt.
201 3199 266 3243 cum
285 3179 370 3242 aliud
388 3195 604 3264 praeterquam
624 3182 663 3246 de
685 3206 747 3265 quo
770 3178 1145 3266 retulissent,decem-5

113 3260 255 3338 tludicere
268 3273 481 3358 prohiberent,
502 3274 671 3339 Claudium
689 3273 905 3360 interpellandi
923 3271 1111 3335 verecundia

112 3353 161 3423 hit
191 3370 371 3432 sententiam
398 3370 494 3454 igitur
520 3373 653 3456 peregit,
685 3371 806 3434 nullum
832 3369 954 3453 placere
981 3379 1109 3432 senatus

109 3459 256 3525 consutum
275 3463 352 3526 lieri.
384 3486 555 3547 omnesque
573 3465 617 3528 ita
634 3465 841 3549 accipiebant,
860 3464 998 3547 privatos
1017 3483 1072 3525 eos
1091 3484 1110 3525 a
1128 3483 1143 3531 6

110 3539 216 3618 Claudio
233 3556 399 3632 iudicatos,
420 3558 571 3640 multique
590 3582 628 3622 ex
643 3558 858 3623 consularibus
873 3556 969 3621 verbo
984 3554 1110 3619 adsensi

109 3657 168 3709 unt,
200 3650 259 3715 alia
282 3654 448 3729 sententia,
477 3655 615 3738 asperior
637 3655 670 3717 in
693 3656 843 3738 speciem,
870 3654 936 3717 vim
958 3653 1142 3716 minoremr

106 3730 238 3820 alquanto
255 3744 378 3823 habuit,
398 3768 478 3828 quae
497 3748 641 3831 patricios
657 3749 739 3812 coire
753 3749 793 3812 ad
807 3748 1001 3833 prodendum
1015 3747 1109 3808 inter-

105 3846 188 3916 regem
205 3838 342 3904 iubebat.
377 3841 535 3905 censendo
553 3844 649 3919 enim,
674 3864 888 3924 quoscumque
907 3840 1107 3924 magistratus

104 3938 155 3992 etse
164 3933 215 4014 qui
228 3949 371 3999 senatum
379 3935 539 4013 haberent,
553 3936 741 4015 iudicabant,
756 3961 834 4021 quos
844 3938 981 4021 privatos
991 3933 1108 3995 fecerat

141 4046 266 4097 aarum.
902 4034 934 4086 11

1085 4176 1223 4266 A·
