<?xml version="1.0" encoding="UTF-8"?>
<!DOCTYPE html PUBLIC "-//W3C//DTD XHTML 1.0 Transitional//EN"
    "http://www.w3.org/TR/xhtml1/DTD/xhtml1-transitional.dtd">
<html xmlns="http://www.w3.org/1999/xhtml" xml:lang="en" lang="en">
 <head>
  <title>
</title>
<meta http-equiv="Content-Type" content="text/html;charset=utf-8" />
  <meta name='ocr-system' content='tesseract 3.04.00' />
  <meta name='ocr-capabilities' content='ocr_page ocr_carea ocr_par ocr_line ocrx_word'/>
</head>
<body>
  <div class='ocr_page' id='page_1' title='image "./titiliviaburbec01weisgoog_0672.png"; bbox 0 0 2566 4524; ppageno 0'>
   <div class='ocr_carea' id='block_1_1' title="bbox 263 234 1143 336">
    <p class='ocr_par' dir='ltr' id='par_1_1' title="bbox 263 234 1143 336">
     <span class='ocr_line' id='line_1_1' title="bbox 263 234 1143 336; baseline 0 -19"><span class='ocrx_word' id='word_1_1' title='bbox 263 258 860 336; x_wconf 74' lang='lat' dir='ltr'>umanum,1a1s.[auaea-aac]</span> <span class='ocrx_word' id='word_1_2' title='bbox 1011 251 1079 317; x_wconf 79' lang='lat'>417</span> <span class='ocrx_word' id='word_1_3' title='bbox 1140 234 1143 239; x_wconf 64' lang='grc'><em>“</em></span> 
     </span>
    </p>
   </div>
   <div class='ocr_carea' id='block_1_2' title="bbox 57 416 1154 3920">
    <p class='ocr_par' dir='ltr' id='par_1_2' title="bbox 57 416 1154 1740">
     <span class='ocr_line' id='line_1_2' title="bbox 57 416 1076 506; baseline 0.001 -18"><span class='ocrx_word' id='word_1_4' title='bbox 57 427 208 488; x_wconf 84' lang='lat' dir='ltr'>summoto</span> <span class='ocrx_word' id='word_1_5' title='bbox 228 417 346 506; x_wconf 87' lang='lat' dir='ltr'>populo</span> <span class='ocrx_word' id='word_1_6' title='bbox 367 416 401 483; x_wconf 91' lang='lat' dir='ltr'>in</span> <span class='ocrx_word' id='word_1_7' title='bbox 422 428 624 504; x_wconf 90' lang='lat' dir='ltr'>conspectum</span> <span class='ocrx_word' id='word_1_8' title='bbox 646 420 786 486; x_wconf 89' lang='lat' dir='ltr'>omnium</span> <span class='ocrx_word' id='word_1_9' title='bbox 806 443 874 486; x_wconf 90' lang='lat' dir='ltr'>rem</span> <span class='ocrx_word' id='word_1_10' title='bbox 897 422 939 487; x_wconf 89' lang='lat' dir='ltr'>ad</span> <span class='ocrx_word' id='word_1_11' title='bbox 956 431 1076 490; x_wconf 87' lang='lat' dir='ltr'>ceteras</span> 
     </span>
     <span class='ocr_line' id='line_1_3' title="bbox 57 512 1078 603; baseline 0 -21"><span class='ocrx_word' id='word_1_12' title='bbox 57 513 254 594; x_wconf 73' lang='lat' dir='ltr'>rettulissent,</span> <span class='ocrx_word' id='word_1_13' title='bbox 273 512 360 579; x_wconf 90' lang='lat' dir='ltr'>haud</span> <span class='ocrx_word' id='word_1_14' title='bbox 372 512 582 581; x_wconf 85' lang='lat' dir='ltr'>abnuentibus</span> <span class='ocrx_word' id='word_1_15' title='bbox 600 523 631 579; x_wconf 91' lang='lat' dir='ltr'>et</span> <span class='ocrx_word' id='word_1_16' title='bbox 647 513 710 583; x_wconf 84' lang='lat' dir='ltr'>illis</span> <span class='ocrx_word' id='word_1_17' title='bbox 727 513 848 595; x_wconf 90' lang='lat' dir='ltr'>bibere,</span> <span class='ocrx_word' id='word_1_18' title='bbox 867 526 960 603; x_wconf 87' lang='lat' dir='ltr'>epoto</span> <span class='ocrx_word' id='word_1_19' title='bbox 976 518 1078 584; x_wconf 87' lang='lat' dir='ltr'>medi-</span> 
     </span>
     <span class='ocr_line' id='line_1_4' title="bbox 57 606 1128 698; baseline 0.005 -22"><span class='ocrx_word' id='word_1_20' title='bbox 57 617 192 676; x_wconf 70' lang='lat' dir='ltr'>tamento</span> <span class='ocrx_word' id='word_1_21' title='bbox 212 616 334 672; x_wconf 87' lang='lat' dir='ltr'>suamet</span> <span class='ocrx_word' id='word_1_22' title='bbox 351 607 439 694; x_wconf 82' lang='lat' dir='ltr'>ipsae</span> <span class='ocrx_word' id='word_1_23' title='bbox 456 606 569 673; x_wconf 86' lang='lat' dir='ltr'>fraude</span> <span class='ocrx_word' id='word_1_24' title='bbox 586 630 695 675; x_wconf 86' lang='lat' dir='ltr'>omnes</span> <span class='ocrx_word' id='word_1_25' title='bbox 712 607 905 676; x_wconf 82' lang='lat' dir='ltr'>interierunt</span> <span class='ocrx_word' id='word_1_26' title='bbox 946 633 1078 698; x_wconf 86' lang='lat' dir='ltr'>conpre·</span> <span class='ocrx_word' id='word_1_27' title='bbox 1096 631 1128 682; x_wconf 91' lang='lat'>10</span> 
     </span>
     <span class='ocr_line' id='line_1_5' title="bbox 57 701 1154 791; baseline 0.005 -20"><span class='ocrx_word' id='word_1_28' title='bbox 57 725 164 771; x_wconf 71' lang='lat' dir='ltr'>censae</span> <span class='ocrx_word' id='word_1_29' title='bbox 188 701 346 789; x_wconf 87' lang='lat' dir='ltr'>extemplo</span> <span class='ocrx_word' id='word_1_30' title='bbox 368 723 476 768; x_wconf 88' lang='lat' dir='ltr'>earum</span> <span class='ocrx_word' id='word_1_31' title='bbox 498 703 628 770; x_wconf 78' lang='lat' dir='ltr'><strong>comites</strong></span> <span class='ocrx_word' id='word_1_32' title='bbox 649 725 802 791; x_wconf 83' lang='lat' dir='ltr'>magnum</span> <span class='ocrx_word' id='word_1_33' title='bbox 822 727 988 772; x_wconf 87' lang='lat' dir='ltr'>numerum</span> <span class='ocrx_word' id='word_1_34' title='bbox 1009 729 1078 773; x_wconf 87' lang='lat' dir='ltr'>ma-</span> <span class='ocrx_word' id='word_1_35' title='bbox 1151 768 1154 777; x_wconf 83' lang='lat'><strong>.</strong></span> 
     </span>
     <span class='ocr_line' id='line_1_6' title="bbox 57 796 1077 890; baseline 0.003 -24"><span class='ocrx_word' id='word_1_36' title='bbox 57 822 208 866; x_wconf 83' lang='lat' dir='ltr'>mnarum</span> <span class='ocrx_word' id='word_1_37' title='bbox 225 796 450 864; x_wconf 84' lang='lat' dir='ltr'>indicaverunt.</span> <span class='ocrx_word' id='word_1_38' title='bbox 482 797 654 883; x_wconf 88' lang='lat' dir='ltr'>exquibus</span> <span class='ocrx_word' id='word_1_39' title='bbox 672 797 715 863; x_wconf 87' lang='lat' dir='ltr'>ad</span> <span class='ocrx_word' id='word_1_40' title='bbox 731 807 858 866; x_wconf 87' lang='lat' dir='ltr'>centum</span> <span class='ocrx_word' id='word_1_41' title='bbox 876 801 1077 890; x_wconf 67' lang='lat' dir='ltr'><strong>septuaginta</strong></span> 
     </span>
     <span class='ocr_line' id='line_1_7' title="bbox 57 891 1125 979; baseline 0.004 -19"><span class='ocrx_word' id='word_1_42' title='bbox 57 896 224 960; x_wconf 78' lang='lat' dir='ltr'>lamnatae.</span> <span class='ocrx_word' id='word_1_43' title='bbox 268 914 371 979; x_wconf 85' lang='lat' dir='ltr'>neque</span> <span class='ocrx_word' id='word_1_44' title='bbox 397 892 437 958; x_wconf 87' lang='lat' dir='ltr'>de</span> <span class='ocrx_word' id='word_1_45' title='bbox 462 891 622 959; x_wconf 84' lang='lat' dir='ltr'>veneficiis</span> <span class='ocrx_word' id='word_1_46' title='bbox 648 901 721 959; x_wconf 88' lang='lat' dir='ltr'>ante</span> <span class='ocrx_word' id='word_1_47' title='bbox 748 916 818 959; x_wconf 90' lang='lat' dir='ltr'>eam</span> <span class='ocrx_word' id='word_1_48' title='bbox 844 894 928 961; x_wconf 88' lang='lat' dir='ltr'>diem</span> <span class='ocrx_word' id='word_1_49' title='bbox 953 895 1076 962; x_wconf 88' lang='lat' dir='ltr'>Romae</span> <span class='ocrx_word' id='word_1_50' title='bbox 1094 916 1125 964; x_wconf 92' lang='lat'>11</span> 
     </span>
     <span class='ocr_line' id='line_1_8' title="bbox 57 986 1076 1076; baseline 0 -20"><span class='ocrx_word' id='word_1_51' title='bbox 57 988 227 1076; x_wconf 80' lang='lat' dir='ltr'>quaesitum</span> <span class='ocrx_word' id='word_1_52' title='bbox 244 997 308 1057; x_wconf 86' lang='lat' dir='ltr'>est.¹</span> <span class='ocrx_word' id='word_1_53' title='bbox 341 987 478 1076; x_wconf 87' lang='lat' dir='ltr'>prodigii</span> <span class='ocrx_word' id='word_1_54' title='bbox 494 1010 532 1054; x_wconf 85' lang='lat' dir='ltr'>ea</span> <span class='ocrx_word' id='word_1_55' title='bbox 548 1009 600 1054; x_wconf 88' lang='lat' dir='ltr'>res</span> <span class='ocrx_word' id='word_1_56' title='bbox 617 987 688 1054; x_wconf 88' lang='lat' dir='ltr'>loco</span> <span class='ocrx_word' id='word_1_57' title='bbox 704 986 812 1055; x_wconf 86' lang='lat' dir='ltr'>habita</span> <span class='ocrx_word' id='word_1_58' title='bbox 830 989 991 1076; x_wconf 88' lang='lat' dir='ltr'>captisque</span> <span class='ocrx_word' id='word_1_59' title='bbox 1009 1014 1076 1056; x_wconf 75' lang='lat' dir='ltr'>ma</span> 
     </span>
     <span class='ocr_line' id='line_1_9' title="bbox 57 1082 1126 1172; baseline 0.003 -22"><span class='ocrx_word' id='word_1_60' title='bbox 57 1085 94 1172; x_wconf 71' lang='lat' dir='ltr'>gis</span> <span class='ocrx_word' id='word_1_61' title='bbox 111 1082 274 1150; x_wconf 85' lang='lat' dir='ltr'>mentibus</span> <span class='ocrx_word' id='word_1_62' title='bbox 291 1105 387 1168; x_wconf 87' lang='lat' dir='ltr'>quam</span> <span class='ocrx_word' id='word_1_63' title='bbox 405 1082 623 1148; x_wconf 85' lang='lat' dir='ltr'>consceleratis</span> <span class='ocrx_word' id='word_1_64' title='bbox 643 1082 753 1149; x_wconf 89' lang='lat' dir='ltr'>similis</span> <span class='ocrx_word' id='word_1_65' title='bbox 771 1083 849 1149; x_wconf 81' lang='lat' dir='ltr'>visa</span> <span class='ocrx_word' id='word_1_66' title='bbox 886 1085 992 1169; x_wconf 89' lang='lat' dir='ltr'>itaque</span> <span class='ocrx_word' id='word_1_67' title='bbox 1008 1109 1076 1152; x_wconf 92' lang='lat' dir='ltr'>me-</span> <span class='ocrx_word' id='word_1_68' title='bbox 1095 1103 1126 1154; x_wconf 79' lang='lat'>12</span> 
     </span>
     <span class='ocr_line' id='line_1_10' title="bbox 57 1177 1119 1266; baseline 0.005 -22"><span class='ocrx_word' id='word_1_69' title='bbox 57 1180 147 1246; x_wconf 84' lang='lat' dir='ltr'>nuria</span> <span class='ocrx_word' id='word_1_70' title='bbox 172 1201 215 1244; x_wconf 82' lang='lat' dir='ltr'>ex</span> <span class='ocrx_word' id='word_1_71' title='bbox 240 1177 406 1245; x_wconf 72' lang='lat' dir='ltr'><strong>annalibus</strong></span> <span class='ocrx_word' id='word_1_72' title='bbox 432 1178 578 1264; x_wconf 81' lang='lat' dir='ltr'>repetita,</span> <span class='ocrx_word' id='word_1_73' title='bbox 606 1177 642 1243; x_wconf 91' lang='lat' dir='ltr'>in</span> <span class='ocrx_word' id='word_1_74' title='bbox 663 1178 893 1246; x_wconf 79' lang='lat' dir='ltr'>secessionibus</span> <span class='ocrx_word' id='word_1_75' title='bbox 916 1181 1075 1266; x_wconf 85' lang='lat' dir='ltr'>quondam</span> <span class='ocrx_word' id='word_1_76' title='bbox 1114 1242 1119 1249; x_wconf 87' lang='lat'><strong>.</strong></span> 
     </span>
     <span class='ocr_line' id='line_1_11' title="bbox 57 1272 1075 1359; baseline 0.004 -21"><span class='ocrx_word' id='word_1_77' title='bbox 57 1273 149 1359; x_wconf 69' lang='lat' dir='ltr'>plebia</span> <span class='ocrx_word' id='word_1_78' title='bbox 171 1272 298 1339; x_wconf 86' lang='lat' dir='ltr'>clavum</span> <span class='ocrx_word' id='word_1_79' title='bbox 320 1273 361 1341; x_wconf 94' lang='lat' dir='ltr'>ab</span> <span class='ocrx_word' id='word_1_80' title='bbox 383 1273 533 1342; x_wconf 74' lang='lat' dir='ltr'>dictatore</span> <span class='ocrx_word' id='word_1_81' title='bbox 554 1272 654 1338; x_wconf 84' lang='lat' dir='ltr'>fixum</span> <span class='ocrx_word' id='word_1_82' title='bbox 679 1272 891 1359; x_wconf 72' lang='lat' dir='ltr'>alienatasque</span> <span class='ocrx_word' id='word_1_83' title='bbox 918 1274 1075 1342; x_wconf 88' lang='lat' dir='ltr'>discordia</span> 
     </span>
     <span class='ocr_line' id='line_1_12' title="bbox 57 1366 1075 1456; baseline 0.002 -22"><span class='ocrx_word' id='word_1_84' title='bbox 57 1378 168 1434; x_wconf 77' lang='lat' dir='ltr'>nentes</span> <span class='ocrx_word' id='word_1_85' title='bbox 190 1368 353 1435; x_wconf 90' lang='lat' dir='ltr'>hominum</span> <span class='ocrx_word' id='word_1_86' title='bbox 375 1391 413 1435; x_wconf 91' lang='lat' dir='ltr'>eo</span> <span class='ocrx_word' id='word_1_87' title='bbox 434 1366 559 1456; x_wconf 89' lang='lat' dir='ltr'>piaculo</span> <span class='ocrx_word' id='word_1_88' title='bbox 581 1377 731 1455; x_wconf 88' lang='lat' dir='ltr'>conpotes</span> <span class='ocrx_word' id='word_1_89' title='bbox 755 1368 953 1448; x_wconf 73' lang='lat' dir='ltr'>emicuisse,</span> <span class='ocrx_word' id='word_1_90' title='bbox 976 1369 1075 1437; x_wconf 89' lang='lat' dir='ltr'>dicta-</span> 
     </span>
     <span class='ocr_line' id='line_1_13' title="bbox 57 1463 1125 1551; baseline 0.002 -21"><span class='ocrx_word' id='word_1_91' title='bbox 57 1486 147 1530; x_wconf 81' lang='lat' dir='ltr'>urem</span> <span class='ocrx_word' id='word_1_92' title='bbox 177 1463 259 1530; x_wconf 88' lang='lat' dir='ltr'>clavi</span> <span class='ocrx_word' id='word_1_93' title='bbox 288 1463 406 1551; x_wconf 82' lang='lat' dir='ltr'>figendi</span> <span class='ocrx_word' id='word_1_94' title='bbox 436 1485 533 1529; x_wconf 88' lang='lat' dir='ltr'>causa</span> <span class='ocrx_word' id='word_1_95' title='bbox 563 1463 661 1529; x_wconf 76' lang='lat' dir='ltr'>meari</span> <span class='ocrx_word' id='word_1_96' title='bbox 690 1463 817 1551; x_wconf 75' lang='lat' dir='ltr'>placuit.</span> <span class='ocrx_word' id='word_1_97' title='bbox 861 1473 985 1531; x_wconf 91' lang='lat' dir='ltr'>creatus</span> <span class='ocrx_word' id='word_1_98' title='bbox 1013 1464 1072 1532; x_wconf 87' lang='lat' dir='ltr'>Cn.</span> <span class='ocrx_word' id='word_1_99' title='bbox 1094 1483 1125 1532; x_wconf 81' lang='lat'>13</span> 
     </span>
     <span class='ocr_line' id='line_1_14' title="bbox 57 1556 1120 1645; baseline 0 -21"><span class='ocrx_word' id='word_1_100' title='bbox 57 1557 237 1642; x_wconf 62' lang='lat' dir='ltr'>Quinctilius</span> <span class='ocrx_word' id='word_1_101' title='bbox 264 1558 450 1645; x_wconf 85' lang='lat' dir='ltr'>magistrum</span> <span class='ocrx_word' id='word_1_102' title='bbox 476 1557 615 1644; x_wconf 91' lang='lat' dir='ltr'>equitum</span> <span class='ocrx_word' id='word_1_103' title='bbox 642 1559 684 1623; x_wconf 89' lang='lat' dir='ltr'>L.</span> <span class='ocrx_word' id='word_1_104' title='bbox 706 1556 870 1624; x_wconf 83' lang='lat' dir='ltr'>Valerium</span> <span class='ocrx_word' id='word_1_105' title='bbox 895 1559 987 1639; x_wconf 84' lang='lat' dir='ltr'>dixit,</span> <span class='ocrx_word' id='word_1_106' title='bbox 1020 1559 1075 1644; x_wconf 90' lang='lat' dir='ltr'>qui</span> <span class='ocrx_word' id='word_1_107' title='bbox 1116 1583 1120 1588; x_wconf 89' lang='lat'>·</span> 
     </span>
     <span class='ocr_line' id='line_1_15' title="bbox 57 1652 724 1740; baseline -0.001 -22"><span class='ocrx_word' id='word_1_108' title='bbox 57 1653 108 1719; x_wconf 83' lang='lat' dir='ltr'>ixa</span> <span class='ocrx_word' id='word_1_109' title='bbox 126 1653 218 1720; x_wconf 88' lang='lat' dir='ltr'>clavo</span> <span class='ocrx_word' id='word_1_110' title='bbox 234 1652 421 1740; x_wconf 77' lang='lat' dir='ltr'>magistratu</span> <span class='ocrx_word' id='word_1_111' title='bbox 439 1675 474 1719; x_wconf 89' lang='lat' dir='ltr'>se</span> <span class='ocrx_word' id='word_1_112' title='bbox 491 1652 724 1720; x_wconf 82' lang='lat' dir='ltr'>abdicavenmt.</span> 
     </span>
    </p>

    <p class='ocr_par' dir='ltr' id='par_1_3' title="bbox 57 1746 1117 2592">
     <span class='ocr_line' id='line_1_16' title="bbox 108 1746 1106 1834; baseline 0.002 -21"><span class='ocrx_word' id='word_1_113' title='bbox 108 1747 260 1813; x_wconf 85' lang='lat' dir='ltr'><strong>XVIIII.</strong></span> <span class='ocrx_word' id='word_1_114' title='bbox 297 1746 405 1814; x_wconf 75' lang='lat' dir='ltr'>(beati</span> <span class='ocrx_word' id='word_1_115' title='bbox 422 1746 567 1814; x_wconf 89' lang='lat' dir='ltr'>consules</span> <span class='ocrx_word' id='word_1_116' title='bbox 580 1746 622 1813; x_wconf 95' lang='lat' dir='ltr'>L.</span> <span class='ocrx_word' id='word_1_117' title='bbox 633 1746 779 1834; x_wconf 81' lang='lat' dir='ltr'>Papirius</span> <span class='ocrx_word' id='word_1_118' title='bbox 795 1746 932 1814; x_wconf 78' lang='lat' dir='ltr'>Crassus</span> <span class='ocrx_word' id='word_1_119' title='bbox 949 1748 1072 1825; x_wconf 86' lang='lat' dir='ltr'>iterum,</span> <span class='ocrx_word' id='word_1_120' title='bbox 1094 1770 1106 1815; x_wconf 93' lang='lat'>1</span> 
     </span>
     <span class='ocr_line' id='line_1_17' title="bbox 57 1840 1073 1931; baseline 0 -23"><span class='ocrx_word' id='word_1_121' title='bbox 57 1843 87 1908; x_wconf 85' lang='lat' dir='ltr'>L.</span> <span class='ocrx_word' id='word_1_122' title='bbox 101 1842 248 1909; x_wconf 85' lang='lat' dir='ltr'>Plautius</span> <span class='ocrx_word' id='word_1_123' title='bbox 260 1841 384 1909; x_wconf 87' lang='lat' dir='ltr'>Venox.</span> <span class='ocrx_word' id='word_1_124' title='bbox 420 1842 510 1910; x_wconf 85' lang='lat' dir='ltr'>cuius</span> <span class='ocrx_word' id='word_1_125' title='bbox 527 1841 679 1930; x_wconf 83' lang='lat' dir='ltr'>principio</span> <span class='ocrx_word' id='word_1_126' title='bbox 697 1841 771 1908; x_wconf 89' lang='lat' dir='ltr'>anni</span> <span class='ocrx_word' id='word_1_127' title='bbox 784 1841 880 1930; x_wconf 84' lang='lat' dir='ltr'>legati</span> <span class='ocrx_word' id='word_1_128' title='bbox 893 1865 934 1907; x_wconf 84' lang='lat' dir='ltr'>ex</span> <span class='ocrx_word' id='word_1_129' title='bbox 946 1840 1073 1931; x_wconf 81' lang='lat' dir='ltr'>tiscis</span> 
     </span>
     <span class='ocr_line' id='line_1_18' title="bbox 57 1936 1074 2016; baseline 0 -14"><span class='ocrx_word' id='word_1_130' title='bbox 57 1936 231 2004; x_wconf 75' lang='lat' dir='ltr'>inbratemi</span> <span class='ocrx_word' id='word_1_131' title='bbox 245 1936 409 2004; x_wconf 87' lang='lat' dir='ltr'>etLucani</span> <span class='ocrx_word' id='word_1_132' title='bbox 416 1936 552 2004; x_wconf 84' lang='lat' dir='ltr'><strong>Romam</strong></span> <span class='ocrx_word' id='word_1_133' title='bbox 564 1945 718 2004; x_wconf 86' lang='lat' dir='ltr'>venerunt</span> <span class='ocrx_word' id='word_1_134' title='bbox 730 1946 865 2016; x_wconf 91' lang='lat' dir='ltr'>orantes,</span> <span class='ocrx_word' id='word_1_135' title='bbox 884 1945 920 2002; x_wconf 91' lang='lat' dir='ltr'>ut</span> <span class='ocrx_word' id='word_1_136' title='bbox 932 1937 966 2003; x_wconf 91' lang='lat' dir='ltr'>in</span> <span class='ocrx_word' id='word_1_137' title='bbox 978 1936 1074 2002; x_wconf 86' lang='lat' dir='ltr'>fidem</span> 
     </span>
     <span class='ocr_line' id='line_1_19' title="bbox 57 2030 1107 2119; baseline 0.004 -23"><span class='ocrx_word' id='word_1_138' title='bbox 57 2031 270 2119; x_wconf 68' lang='lat' dir='ltr'>acciperentur:</span> <span class='ocrx_word' id='word_1_139' title='bbox 288 2033 317 2099; x_wconf 83' lang='lat' dir='ltr'>si</span> <span class='ocrx_word' id='word_1_140' title='bbox 330 2056 350 2099; x_wconf 91' lang='lat' dir='ltr'>a</span> <span class='ocrx_word' id='word_1_141' title='bbox 365 2030 554 2099; x_wconf 87' lang='lat' dir='ltr'><strong>Samnitium</strong></span> <span class='ocrx_word' id='word_1_142' title='bbox 572 2033 667 2098; x_wconf 89' lang='lat' dir='ltr'>armis</span> <span class='ocrx_word' id='word_1_143' title='bbox 685 2031 809 2098; x_wconf 83' lang='lat' dir='ltr'>defensi</span> <span class='ocrx_word' id='word_1_144' title='bbox 822 2040 945 2111; x_wconf 85' lang='lat' dir='ltr'>essent,</span> <span class='ocrx_word' id='word_1_145' title='bbox 964 2054 999 2098; x_wconf 92' lang='lat' dir='ltr'>se</span> <span class='ocrx_word' id='word_1_146' title='bbox 1013 2031 1073 2100; x_wconf 92' lang='lat' dir='ltr'>sub</span> <span class='ocrx_word' id='word_1_147' title='bbox 1092 2049 1107 2099; x_wconf 78' lang='lat'>2</span> 
     </span>
     <span class='ocr_line' id='line_1_20' title="bbox 57 2125 1073 2215; baseline 0.002 -24"><span class='ocrx_word' id='word_1_148' title='bbox 57 2125 177 2213; x_wconf 83' lang='lat' dir='ltr'>mperic</span> <span class='ocrx_word' id='word_1_149' title='bbox 189 2127 299 2215; x_wconf 89' lang='lat' dir='ltr'>populi</span> <span class='ocrx_word' id='word_1_150' title='bbox 311 2126 448 2193; x_wconf 82' lang='lat' dir='ltr'>Romani</span> <span class='ocrx_word' id='word_1_151' title='bbox 460 2126 593 2192; x_wconf 90' lang='lat' dir='ltr'>fideliter</span> <span class='ocrx_word' id='word_1_152' title='bbox 610 2138 704 2211; x_wconf 88' lang='lat' dir='ltr'>atque</span> <span class='ocrx_word' id='word_1_153' title='bbox 722 2125 924 2193; x_wconf 82' lang='lat' dir='ltr'>oboedienter</span> <span class='ocrx_word' id='word_1_154' title='bbox 939 2127 1073 2194; x_wconf 81' lang='lat' dir='ltr'>futuros.</span> 
     </span>
     <span class='ocr_line' id='line_1_21' title="bbox 57 2218 1117 2308; baseline 0.002 -20"><span class='ocrx_word' id='word_1_155' title='bbox 57 2221 136 2288; x_wconf 84' lang='lat' dir='ltr'>nissi</span> <span class='ocrx_word' id='word_1_156' title='bbox 160 2231 230 2288; x_wconf 89' lang='lat' dir='ltr'>tum</span> <span class='ocrx_word' id='word_1_157' title='bbox 250 2220 291 2287; x_wconf 89' lang='lat' dir='ltr'>ab</span> <span class='ocrx_word' id='word_1_158' title='bbox 314 2233 425 2288; x_wconf 88' lang='lat' dir='ltr'>senatu</span> <span class='ocrx_word' id='word_1_159' title='bbox 445 2221 543 2308; x_wconf 83' lang='lat' dir='ltr'>legati</span> <span class='ocrx_word' id='word_1_160' title='bbox 564 2219 842 2304; x_wconf 84' lang='lat' dir='ltr'>denuntiatumque</span> <span class='ocrx_word' id='word_1_161' title='bbox 866 2218 1072 2300; x_wconf 88' lang='lat' dir='ltr'>Samnitibus,</span> <span class='ocrx_word' id='word_1_162' title='bbox 1092 2242 1117 2290; x_wconf 77' lang='lat' dir='ltr'>a·</span> 
     </span>
     <span class='ocr_line' id='line_1_22' title="bbox 57 2313 1072 2404; baseline -0.002 -22"><span class='ocrx_word' id='word_1_163' title='bbox 57 2325 81 2382; x_wconf 85' lang='lat' dir='ltr'>rt</span> <span class='ocrx_word' id='word_1_164' title='bbox 106 2338 216 2383; x_wconf 87' lang='lat' dir='ltr'>eornm</span> <span class='ocrx_word' id='word_1_165' title='bbox 241 2316 429 2404; x_wconf 84' lang='lat' dir='ltr'>populorum</span> <span class='ocrx_word' id='word_1_166' title='bbox 455 2314 571 2381; x_wconf 88' lang='lat' dir='ltr'>finibus</span> <span class='ocrx_word' id='word_1_167' title='bbox 593 2314 658 2380; x_wconf 88' lang='lat' dir='ltr'>vim</span> <span class='ocrx_word' id='word_1_168' title='bbox 680 2313 886 2380; x_wconf 84' lang='lat' dir='ltr'>abstinerent:</span> <span class='ocrx_word' id='word_1_169' title='bbox 913 2313 1072 2400; x_wconf 75' lang='lat' dir='ltr'>valuitque</span> 
     </span>
     <span class='ocr_line' id='line_1_23' title="bbox 57 2405 1074 2499; baseline -0.003 -21"><span class='ocrx_word' id='word_1_170' title='bbox 57 2411 231 2499; x_wconf 68' lang='lat' dir='ltr'>utlagatio,</span> <span class='ocrx_word' id='word_1_171' title='bbox 250 2433 314 2478; x_wconf 92' lang='lat' dir='ltr'>non</span> <span class='ocrx_word' id='word_1_172' title='bbox 331 2421 397 2477; x_wconf 85' lang='lat' dir='ltr'>tam</span> <span class='ocrx_word' id='word_1_173' title='bbox 415 2411 489 2496; x_wconf 89' lang='lat' dir='ltr'>quia</span> <span class='ocrx_word' id='word_1_174' title='bbox 505 2432 617 2496; x_wconf 89' lang='lat' dir='ltr'>pacem</span> <span class='ocrx_word' id='word_1_175' title='bbox 633 2407 782 2475; x_wconf 82' lang='lat' dir='ltr'>volebant</span> <span class='ocrx_word' id='word_1_176' title='bbox 801 2405 960 2476; x_wconf 85' lang='lat' dir='ltr'>Samnites</span> <span class='ocrx_word' id='word_1_177' title='bbox 978 2431 1074 2494; x_wconf 87' lang='lat' dir='ltr'>qnam</span> 
     </span>
     <span class='ocr_line' id='line_1_24' title="bbox 57 2504 703 2592; baseline -0.006 -20"><span class='ocrx_word' id='word_1_178' title='bbox 57 2505 119 2591; x_wconf 76' lang='lat' dir='ltr'>[uia</span> <span class='ocrx_word' id='word_1_179' title='bbox 135 2506 278 2572; x_wconf 91' lang='lat' dir='ltr'>nondum</span> <span class='ocrx_word' id='word_1_180' title='bbox 295 2506 396 2592; x_wconf 88' lang='lat' dir='ltr'>parati</span> <span class='ocrx_word' id='word_1_181' title='bbox 414 2515 502 2571; x_wconf 91' lang='lat' dir='ltr'>erant</span> <span class='ocrx_word' id='word_1_182' title='bbox 518 2506 560 2570; x_wconf 88' lang='lat' dir='ltr'>ad</span> <span class='ocrx_word' id='word_1_183' title='bbox 576 2504 703 2571; x_wconf 88' lang='lat' dir='ltr'>bellum.</span> 
     </span>
    </p>

    <p class='ocr_par' dir='ltr' id='par_1_4' title="bbox 57 2596 1108 3920">
     <span class='ocr_line' id='line_1_25' title="bbox 108 2596 1108 2675; baseline 0 -9"><span class='ocrx_word' id='word_1_184' title='bbox 108 2599 235 2666; x_wconf 84' lang='lat' dir='ltr'>Eodem</span> <span class='ocrx_word' id='word_1_185' title='bbox 263 2623 345 2666; x_wconf 90' lang='lat' dir='ltr'>anno</span> <span class='ocrx_word' id='word_1_186' title='bbox 371 2598 540 2666; x_wconf 87' lang='lat' dir='ltr'>Privernas</span> <span class='ocrx_word' id='word_1_187' title='bbox 566 2598 685 2665; x_wconf 87' lang='lat' dir='ltr'>bellum</span> <span class='ocrx_word' id='word_1_188' title='bbox 714 2597 840 2675; x_wconf 88' lang='lat' dir='ltr'>initum,</span> <span class='ocrx_word' id='word_1_189' title='bbox 876 2596 965 2662; x_wconf 87' lang='lat' dir='ltr'>cuius</span> <span class='ocrx_word' id='word_1_190' title='bbox 996 2596 1108 2666; x_wconf 71' lang='lat' dir='ltr'>sociis</span> 
     </span>
     <span class='ocr_line' id='line_1_26' title="bbox 57 2692 1074 2775; baseline -0.005 -12"><span class='ocrx_word' id='word_1_191' title='bbox 57 2695 208 2775; x_wconf 66' lang='lat' dir='ltr'>tntum,</span> <span class='ocrx_word' id='word_1_192' title='bbox 225 2697 291 2761; x_wconf 69' lang='lat' dir='ltr'>(iux</span> <span class='ocrx_word' id='word_1_193' title='bbox 308 2695 403 2761; x_wconf 88' lang='lat' dir='ltr'>etiam</span> <span class='ocrx_word' id='word_1_194' title='bbox 420 2695 480 2760; x_wconf 82' lang='lat' dir='ltr'>fuit</span> <span class='ocrx_word' id='word_1_195' title='bbox 497 2695 671 2762; x_wconf 83' lang='lat' dir='ltr'>Fundanus</span> <span class='ocrx_word' id='word_1_196' title='bbox 689 2692 853 2760; x_wconf 86' lang='lat' dir='ltr'>Vitruvius</span> <span class='ocrx_word' id='word_1_197' title='bbox 867 2692 1008 2772; x_wconf 86' lang='lat' dir='ltr'>Vaccus,</span> <span class='ocrx_word' id='word_1_198' title='bbox 1026 2693 1074 2758; x_wconf 78' lang='lat' dir='ltr'>vir</span> 
     </span>
     <span class='ocr_line' id='line_1_27' title="bbox 57 2787 1073 2869; baseline -0.003 -12"><span class='ocrx_word' id='word_1_199' title='bbox 57 2813 109 2858; x_wconf 82' lang='lat' dir='ltr'>ron</span> <span class='ocrx_word' id='word_1_200' title='bbox 130 2790 219 2856; x_wconf 83' lang='lat' dir='ltr'>domi</span> <span class='ocrx_word' id='word_1_201' title='bbox 240 2790 357 2869; x_wconf 89' lang='lat' dir='ltr'>solum,</span> <span class='ocrx_word' id='word_1_202' title='bbox 384 2790 442 2856; x_wconf 87' lang='lat' dir='ltr'>sed</span> <span class='ocrx_word' id='word_1_203' title='bbox 463 2789 559 2856; x_wconf 87' lang='lat' dir='ltr'>etiam</span> <span class='ocrx_word' id='word_1_204' title='bbox 575 2789 696 2855; x_wconf 88' lang='lat' dir='ltr'>Romae</span> <span class='ocrx_word' id='word_1_205' title='bbox 718 2788 832 2854; x_wconf 86' lang='lat' dir='ltr'>clarus.</span> <span class='ocrx_word' id='word_1_206' title='bbox 868 2789 962 2855; x_wconf 86' lang='lat' dir='ltr'>aedes</span> <span class='ocrx_word' id='word_1_207' title='bbox 985 2787 1073 2854; x_wconf 83' lang='lat' dir='ltr'>fuere</span> 
     </span>
     <span class='ocr_line' id='line_1_28' title="bbox 57 2882 1075 2970; baseline -0.004 -19"><span class='ocrx_word' id='word_1_208' title='bbox 57 2883 218 2952; x_wconf 76' lang='lat' dir='ltr'>nPalstio</span> <span class='ocrx_word' id='word_1_209' title='bbox 241 2884 323 2963; x_wconf 87' lang='lat' dir='ltr'>eius,</span> <span class='ocrx_word' id='word_1_210' title='bbox 349 2905 432 2969; x_wconf 87' lang='lat' dir='ltr'>quae</span> <span class='ocrx_word' id='word_1_211' title='bbox 449 2882 549 2950; x_wconf 87' lang='lat' dir='ltr'>Vacci</span> <span class='ocrx_word' id='word_1_212' title='bbox 569 2892 660 2970; x_wconf 89' lang='lat' dir='ltr'>prata</span> <span class='ocrx_word' id='word_1_213' title='bbox 681 2882 784 2949; x_wconf 89' lang='lat' dir='ltr'>diruto</span> <span class='ocrx_word' id='word_1_214' title='bbox 806 2882 949 2949; x_wconf 87' lang='lat' dir='ltr'>aedificio</span> <span class='ocrx_word' id='word_1_215' title='bbox 970 2882 1075 2970; x_wconf 84' lang='lat' dir='ltr'>publi-</span> 
     </span>
     <span class='ocr_line' id='line_1_29' title="bbox 57 2977 1107 3067; baseline 0 -22"><span class='ocrx_word' id='word_1_216' title='bbox 57 2988 182 3067; x_wconf 75' lang='lat' dir='ltr'>atoque</span> <span class='ocrx_word' id='word_1_217' title='bbox 201 2978 269 3046; x_wconf 80' lang='lat' dir='ltr'>s&#39;olo</span> <span class='ocrx_word' id='word_1_218' title='bbox 291 2977 456 3065; x_wconf 85' lang='lat' dir='ltr'>appellata.</span> <span class='ocrx_word' id='word_1_219' title='bbox 501 2978 653 3044; x_wconf 87' lang='lat' dir='ltr'>adversus</span> <span class='ocrx_word' id='word_1_220' title='bbox 675 2977 759 3042; x_wconf 90' lang='lat' dir='ltr'>hunc</span> <span class='ocrx_word' id='word_1_221' title='bbox 777 2987 954 3042; x_wconf 85' lang='lat' dir='ltr'>vastantem</span> <span class='ocrx_word' id='word_1_222' title='bbox 972 2977 1107 3045; x_wconf 74' lang='lat' dir='ltr'>effusae</span> 
     </span>
     <span class='ocr_line' id='line_1_30' title="bbox 57 3069 1073 3159; baseline -0.006 -18"><span class='ocrx_word' id='word_1_223' title='bbox 57 3070 193 3141; x_wconf 72' lang='lat' dir='ltr'>ietinum</span> <span class='ocrx_word' id='word_1_224' title='bbox 213 3072 461 3159; x_wconf 82' lang='lat' dir='ltr'>Norbanumque</span> <span class='ocrx_word' id='word_1_225' title='bbox 487 3082 519 3138; x_wconf 88' lang='lat' dir='ltr'>et</span> <span class='ocrx_word' id='word_1_226' title='bbox 541 3071 703 3139; x_wconf 85' lang='lat' dir='ltr'>Coranum</span> <span class='ocrx_word' id='word_1_227' title='bbox 729 3093 840 3158; x_wconf 83' lang='lat' dir='ltr'>agrum</span> <span class='ocrx_word' id='word_1_228' title='bbox 861 3072 904 3136; x_wconf 88' lang='lat' dir='ltr'>L.</span> <span class='ocrx_word' id='word_1_229' title='bbox 925 3069 1073 3156; x_wconf 89' lang='lat' dir='ltr'>Papirius</span> 
     </span>
     <span class='ocr_line' id='line_1_31' title="bbox 57 3164 1107 3255; baseline -0.001 -20"><span class='ocrx_word' id='word_1_230' title='bbox 57 3167 221 3248; x_wconf 58' lang='lat' dir='ltr'>umerum,</span> <span class='ocrx_word' id='word_1_231' title='bbox 238 3167 325 3234; x_wconf 87' lang='lat' dir='ltr'>haud</span> <span class='ocrx_word' id='word_1_232' title='bbox 337 3167 448 3255; x_wconf 82' lang='lat' dir='ltr'>procul</span> <span class='ocrx_word' id='word_1_233' title='bbox 460 3167 570 3233; x_wconf 85' lang='lat' dir='ltr'>castris</span> <span class='ocrx_word' id='word_1_234' title='bbox 588 3168 656 3233; x_wconf 90' lang='lat' dir='ltr'>eius</span> <span class='ocrx_word' id='word_1_235' title='bbox 670 3165 821 3233; x_wconf 84' lang='lat' dir='ltr'>consedit.</span> <span class='ocrx_word' id='word_1_236' title='bbox 851 3164 997 3231; x_wconf 81' lang='lat' dir='ltr'>Vitruvio</span> <span class='ocrx_word' id='word_1_237' title='bbox 1014 3185 1074 3232; x_wconf 86' lang='lat' dir='ltr'>nec</span> <span class='ocrx_word' id='word_1_238' title='bbox 1092 3184 1107 3234; x_wconf 82' lang='lat'>6</span> 
     </span>
     <span class='ocr_line' id='line_1_32' title="bbox 57 3261 1074 3332; baseline -0.006 -1"><span class='ocrx_word' id='word_1_239' title='bbox 57 3262 181 3332; x_wconf 71' lang='lat' dir='ltr'>avallo</span> <span class='ocrx_word' id='word_1_240' title='bbox 200 3286 236 3331; x_wconf 82' lang='lat' dir='ltr'>aa</span> <span class='ocrx_word' id='word_1_241' title='bbox 252 3271 373 3330; x_wconf 84' lang='lat' dir='ltr'>teneret</span> <span class='ocrx_word' id='word_1_242' title='bbox 389 3264 540 3330; x_wconf 89' lang='lat' dir='ltr'>adversus</span> <span class='ocrx_word' id='word_1_243' title='bbox 558 3262 742 3329; x_wconf 87' lang='lat' dir='ltr'>validiorem</span> <span class='ocrx_word' id='word_1_244' title='bbox 758 3261 881 3328; x_wconf 85' lang='lat' dir='ltr'>hostem</span> <span class='ocrx_word' id='word_1_245' title='bbox 900 3282 977 3326; x_wconf 89' lang='lat' dir='ltr'>sana</span> <span class='ocrx_word' id='word_1_246' title='bbox 999 3281 1074 3326; x_wconf 88' lang='lat' dir='ltr'>con-</span> 
     </span>
     <span class='ocr_line' id='line_1_33' title="bbox 57 3353 1075 3445; baseline -0.004 -19"><span class='ocrx_word' id='word_1_247' title='bbox 57 3367 129 3426; x_wconf 61' lang='grc' dir='ltr'>διο</span> <span class='ocrx_word' id='word_1_248' title='bbox 145 3380 237 3424; x_wconf 88' lang='lat' dir='ltr'>mens</span> <span class='ocrx_word' id='word_1_249' title='bbox 254 3378 314 3424; x_wconf 86' lang='lat' dir='ltr'>nec</span> <span class='ocrx_word' id='word_1_250' title='bbox 330 3367 367 3424; x_wconf 89' lang='lat' dir='ltr'>ut</span> <span class='ocrx_word' id='word_1_251' title='bbox 382 3357 508 3445; x_wconf 81' lang='lat' dir='ltr'>longius</span> <span class='ocrx_word' id='word_1_252' title='bbox 526 3381 546 3423; x_wconf 88' lang='lat' dir='ltr'>a</span> <span class='ocrx_word' id='word_1_253' title='bbox 563 3357 673 3424; x_wconf 85' lang='lat' dir='ltr'>castris</span> <span class='ocrx_word' id='word_1_254' title='bbox 687 3356 849 3422; x_wconf 86' lang='lat' dir='ltr'>dimicaret</span> <span class='ocrx_word' id='word_1_255' title='bbox 861 3355 985 3422; x_wconf 88' lang='lat' dir='ltr'>animus</span> <span class='ocrx_word' id='word_1_256' title='bbox 998 3353 1075 3423; x_wconf 87' lang='lat' dir='ltr'>sub·</span> 
     </span>
     <span class='ocr_line' id='line_1_34' title="bbox 57 3449 1107 3540; baseline -0.003 -19"><span class='ocrx_word' id='word_1_257' title='bbox 57 3461 163 3521; x_wconf 72' lang='lat' dir='ltr'>ntma</span> <span class='ocrx_word' id='word_1_258' title='bbox 206 3452 263 3519; x_wconf 78' lang='lat' dir='ltr'>uix</span> <span class='ocrx_word' id='word_1_259' title='bbox 284 3461 353 3518; x_wconf 87' lang='lat' dir='ltr'>tota</span> <span class='ocrx_word' id='word_1_260' title='bbox 372 3461 461 3519; x_wconf 86' lang='lat' dir='ltr'>extra</span> <span class='ocrx_word' id='word_1_261' title='bbox 481 3461 605 3540; x_wconf 88' lang='lat' dir='ltr'>portam</span> <span class='ocrx_word' id='word_1_262' title='bbox 627 3460 800 3528; x_wconf 81' lang='lat' dir='ltr'>castrorum</span> <span class='ocrx_word' id='word_1_263' title='bbox 823 3449 979 3538; x_wconf 87' lang='lat' dir='ltr'>explicata</span> <span class='ocrx_word' id='word_1_264' title='bbox 995 3449 1107 3529; x_wconf 71' lang='lat' dir='ltr'>aciat</span> 
     </span>
     <span class='ocr_line' id='line_1_35' title="bbox 57 3547 1074 3638; baseline -0.003 -23"><span class='ocrx_word' id='word_1_265' title='bbox 57 3549 157 3638; x_wconf 76' lang='lat' dir='ltr'>trgum</span> <span class='ocrx_word' id='word_1_266' title='bbox 178 3547 282 3636; x_wconf 83' lang='lat' dir='ltr'>magia</span> <span class='ocrx_word' id='word_1_267' title='bbox 302 3556 386 3615; x_wconf 81' lang='lat' dir='ltr'>retro</span> <span class='ocrx_word' id='word_1_268' title='bbox 409 3570 504 3633; x_wconf 87' lang='lat' dir='ltr'>quam</span> <span class='ocrx_word' id='word_1_269' title='bbox 525 3547 678 3635; x_wconf 85' lang='lat' dir='ltr'>proelium</span> <span class='ocrx_word' id='word_1_270' title='bbox 700 3557 755 3613; x_wconf 89' lang='lat' dir='ltr'>aut</span> <span class='ocrx_word' id='word_1_271' title='bbox 771 3547 895 3612; x_wconf 91' lang='lat' dir='ltr'>hostem</span> <span class='ocrx_word' id='word_1_272' title='bbox 912 3555 1074 3634; x_wconf 88' lang='lat' dir='ltr'>spectante</span> 
     </span>
     <span class='ocr_line' id='line_1_36' title="bbox 57 3639 1107 3729; baseline -0.001 -20"><span class='ocrx_word' id='word_1_273' title='bbox 57 3642 159 3722; x_wconf 71' lang='lat' dir='ltr'>ciliis,</span> <span class='ocrx_word' id='word_1_274' title='bbox 185 3640 420 3721; x_wconf 78' lang='lat' dir='ltr'>sine&#39;eonsilio‚</span> <span class='ocrx_word' id='word_1_275' title='bbox 444 3643 512 3708; x_wconf 89' lang='lat' dir='ltr'>sine</span> <span class='ocrx_word' id='word_1_276' title='bbox 534 3641 665 3708; x_wconf 87' lang='lat' dir='ltr'>audacia</span> <span class='ocrx_word' id='word_1_277' title='bbox 687 3642 856 3729; x_wconf 83' lang='lat' dir='ltr'>depugnat.</span> <span class='ocrx_word' id='word_1_278' title='bbox 900 3649 937 3706; x_wconf 88' lang='lat' dir='ltr'>ut</span> <span class='ocrx_word' id='word_1_279' title='bbox 958 3649 989 3706; x_wconf 86' lang='lat' dir='ltr'>et</span> <span class='ocrx_word' id='word_1_280' title='bbox 1009 3639 1107 3708; x_wconf 73' lang='lat' dir='ltr'>levis</span> 
     </span>
     <span class='ocr_line' id='line_1_37' title="bbox 57 3732 1073 3824; baseline -0.008 -19"><span class='ocrx_word' id='word_1_281' title='bbox 57 3742 207 3805; x_wconf 72' lang='lat' dir='ltr'>amento</span> <span class='ocrx_word' id='word_1_282' title='bbox 226 3758 288 3803; x_wconf 85' lang='lat' dir='ltr'>nec</span> <span class='ocrx_word' id='word_1_283' title='bbox 307 3735 456 3824; x_wconf 83' lang='lat' dir='ltr'>ambigue</span> <span class='ocrx_word' id='word_1_284' title='bbox 478 3745 527 3802; x_wconf 87' lang='lat' dir='ltr'>est</span> <span class='ocrx_word' id='word_1_285' title='bbox 548 3735 664 3814; x_wconf 90' lang='lat' dir='ltr'>victus,</span> <span class='ocrx_word' id='word_1_286' title='bbox 690 3735 735 3800; x_wconf 91' lang='lat' dir='ltr'>ita</span> <span class='ocrx_word' id='word_1_287' title='bbox 755 3735 908 3801; x_wconf 82' lang='lat' dir='ltr'>brevitate</span> <span class='ocrx_word' id='word_1_288' title='bbox 925 3735 996 3820; x_wconf 90' lang='lat' dir='ltr'>ipsa</span> <span class='ocrx_word' id='word_1_289' title='bbox 1011 3732 1073 3799; x_wconf 85' lang='lat' dir='ltr'>loci</span> 
     </span>
     <span class='ocr_line' id='line_1_38' title="bbox 57 3827 1074 3920; baseline -0.009 -19"><span class='ocrx_word' id='word_1_290' title='bbox 57 3832 195 3920; x_wconf 66' lang='lat' dir='ltr'>mitique</span> <span class='ocrx_word' id='word_1_291' title='bbox 210 3843 340 3920; x_wconf 84' lang='lat' dir='ltr'>receptu</span> <span class='ocrx_word' id='word_1_292' title='bbox 355 3833 390 3899; x_wconf 92' lang='lat' dir='ltr'>in</span> <span class='ocrx_word' id='word_1_293' title='bbox 406 3842 472 3899; x_wconf 90' lang='lat' dir='ltr'>tam</span> <span class='ocrx_word' id='word_1_294' title='bbox 489 3833 666 3920; x_wconf 88' lang='lat' dir='ltr'>propinqua</span> <span class='ocrx_word' id='word_1_295' title='bbox 681 3841 785 3898; x_wconf 86' lang='lat' dir='ltr'>castra</span> <span class='ocrx_word' id='word_1_296' title='bbox 801 3832 888 3902; x_wconf 87' lang='lat' dir='ltr'>haud</span> <span class='ocrx_word' id='word_1_297' title='bbox 904 3852 998 3917; x_wconf 81' lang='lat' dir='ltr'>aegre</span> <span class='ocrx_word' id='word_1_298' title='bbox 1015 3827 1074 3892; x_wconf 90' lang='lat' dir='ltr'>mi·</span> 
     </span>
    </p>
   </div>
   <div class='ocr_carea' id='block_1_3' title="bbox 57 3922 1232 4014">
    <p class='ocr_par' dir='ltr' id='par_1_5' title="bbox 57 3922 1232 4014">
     <span class='ocr_line' id='line_1_39' title="bbox 57 3922 1232 4014; baseline -0.006 -19"><span class='ocrx_word' id='word_1_299' title='bbox 57 3926 134 3995; x_wconf 78' lang='lat' dir='ltr'>itam</span> <span class='ocrx_word' id='word_1_300' title='bbox 145 3950 169 3994; x_wconf 85' lang='lat' dir='ltr'>a</span> <span class='ocrx_word' id='word_1_301' title='bbox 180 3927 280 3995; x_wconf 82' lang='lat' dir='ltr'>muita</span> <span class='ocrx_word' id='word_1_302' title='bbox 291 3928 388 3995; x_wconf 86' lang='lat' dir='ltr'>caede</span> <span class='ocrx_word' id='word_1_303' title='bbox 401 3938 450 3994; x_wconf 91' lang='lat' dir='ltr'>est</span> <span class='ocrx_word' id='word_1_304' title='bbox 462 3938 582 3994; x_wconf 86' lang='lat' dir='ltr'>tutatus</span> <span class='ocrx_word' id='word_1_305' title='bbox 586 3953 596 4008; x_wconf 84' lang='lat'><em>3</em></span> <span class='ocrx_word' id='word_1_306' title='bbox 614 3949 673 3994; x_wconf 87' lang='lat' dir='ltr'>nac</span> <span class='ocrx_word' id='word_1_307' title='bbox 686 3927 753 3994; x_wconf 85' lang='lat' dir='ltr'>fere</span> <span class='ocrx_word' id='word_1_308' title='bbox 770 3927 936 4012; x_wconf 87' lang='lat' dir='ltr'>quisquam</span> <span class='ocrx_word' id='word_1_309' title='bbox 953 3925 986 3989; x_wconf 89' lang='lat' dir='ltr'>in</span> <span class='ocrx_word' id='word_1_310' title='bbox 1003 3922 1073 4008; x_wconf 86' lang='lat' dir='ltr'>ipsc</span> <span class='ocrx_word' id='word_1_311' title='bbox 1091 3940 1106 3988; x_wconf 86' lang='lat'><strong>9</strong></span> <span class='ocrx_word' id='word_1_312' title='bbox 1230 4011 1232 4014; x_wconf 9' lang='lat' dir='ltr'>y</span> 
     </span>
    </p>
   </div>
   <div class='ocr_carea' id='block_1_4' title="bbox 57 4017 1075 4187">
    <p class='ocr_par' dir='ltr' id='par_1_6' title="bbox 57 4017 1075 4187">
     <span class='ocr_line' id='line_1_40' title="bbox 57 4017 1075 4110; baseline -0.01 -19"><span class='ocrx_word' id='word_1_313' title='bbox 57 4021 231 4102; x_wconf 57' lang='lat' dir='ltr'>ertanina</span> <span class='ocrx_word' id='word_1_314' title='bbox 257 4022 352 4110; x_wconf 86' lang='lat' dir='ltr'>pauci</span> <span class='ocrx_word' id='word_1_315' title='bbox 371 4023 406 4088; x_wconf 87' lang='lat' dir='ltr'>in</span> <span class='ocrx_word' id='word_1_316' title='bbox 429 4021 521 4089; x_wconf 87' lang='lat' dir='ltr'>turba</span> <span class='ocrx_word' id='word_1_317' title='bbox 541 4022 639 4110; x_wconf 78' lang='lat' dir='ltr'>fugae</span> <span class='ocrx_word' id='word_1_318' title='bbox 656 4031 813 4087; x_wconf 85' lang='lat' dir='ltr'>extremae</span> <span class='ocrx_word' id='word_1_319' title='bbox 832 4041 904 4085; x_wconf 86' lang='lat' dir='ltr'>cum</span> <span class='ocrx_word' id='word_1_320' title='bbox 920 4017 955 4082; x_wconf 90' lang='lat' dir='ltr'>in</span> <span class='ocrx_word' id='word_1_321' title='bbox 972 4024 1075 4107; x_wconf 85' lang='lat' dir='ltr'>castra</span> 
     </span>
     <span class='ocr_line' id='line_1_41' title="bbox 96 4117 902 4187; baseline -0.017 0"><span class='ocrx_word' id='word_1_322' title='bbox 96 4140 151 4187; x_wconf 78' lang='lat' dir='ltr'>Liri</span> <span class='ocrx_word' id='word_1_323' title='bbox 164 4141 206 4187; x_wconf 83' lang='lat' dir='ltr'>acl.</span> <span class='ocrx_word' id='word_1_324' title='bbox 216 4139 234 4186; x_wconf 83' lang='grc'>1.</span> <span class='ocrx_word' id='word_1_325' title='bbox 868 4117 902 4174; x_wconf 66' lang='grc' dir='ltr'><strong><em>Ἦ</em></strong></span> 
     </span>
    </p>
   </div>
   <div class='ocr_carea' id='block_1_5' title="bbox 0 0 1288 4524">
    <p class='ocr_par' dir='ltr' id='par_1_7' title="bbox 0 0 1288 4524">
     <span class='ocr_line' id='line_1_42' title="bbox 0 0 1288 4524; baseline 0 0"><span class='ocrx_word' id='word_1_326' title='bbox 0 0 1288 4524; x_wconf 95' lang='lat' dir='ltr'> </span> 
     </span>
    </p>
   </div>
  </div>
 </body>
</html>
