2566 4524
334 283 453 337 amna
470 282 514 353 11,
532 282 574 336 55.
588 281 630 338 aa.
651 285 688 352 [a.
699 282 730 337 c.
739 282 891 350 473-471]
1066 275 1129 342 117
1245 245 1247 249 ’

90 444 317 514 conticiscente
335 441 449 506 deinde
465 440 616 519 tumultu,
635 462 707 507 cum
724 441 759 507 in
776 452 921 508 senatum
939 445 1046 511 vocari
1062 444 1128 514 ius·
1147 468 1181 520 lo

90 542 224 617 sissent,
242 545 416 623 queumtur
428 535 557 602 iniurias
572 559 661 614 suas,
679 535 744 600 vim
757 536 874 622 plebis,
888 535 1056 607 Voleronis
1071 565 1127 607 au-

90 636 227 702 daciam.
259 632 367 698 multis
385 631 532 697 ferociter
548 631 640 697 dictis
658 632 834 712 sententiis,
853 634 957 699 vicere
975 636 1126 715 seniores,

93 728 208 813 quibus
227 729 277 794 ira
292 736 418 814 patrum
435 727 587 792 adversus
606 725 812 792 temeritatem
824 726 926 813 plebis
940 731 1051 795 certari
1064 753 1129 797 non

93 824 221 910 placuit.

104 916 108 921 ’
152 917 249 984 LVI.
277 915 469 983 Voleronem
482 915 628 1002 amplexa
640 915 748 981 favore
761 915 852 1002 plebs
864 918 1016 1004 proximis
1030 919 1128 986 comi-
1147 942 1159 990 1

92 1015 140 1080 tiis
160 1010 326 1078 tribunum
342 1011 428 1097 plebi
446 1020 532 1077 creat
547 1010 581 1076 in
598 1033 671 1075 eum
689 1035 821 1090 annum,
844 1013 900 1096 qui
915 1012 1055 1079 Lucium
1072 1015 1130 1080 Pi-

93 1109 230 1184 narium,
249 1104 400 1171 Publium
412 1104 545 1171 Furium
563 1104 708 1171 consules
725 1104 845 1170 habuit.
872 1117 1042 1192 contraque
1061 1130 1161 1177 σαι-2

92 1203 179 1268 nium
196 1201 391 1286 opinionem,
410 1200 552 1284 quicum
564 1201 717 1266 vexandis
730 1201 842 1287 prioris
857 1203 931 1266 anni
944 1204 1127 1271 consulibus

93 1297 321 1384 permissurum
335 1293 527 1360 tribunatum
541 1295 718 1373 credebant,
737 1305 810 1381 post
823 1295 983 1382 publicam
997 1320 1128 1364 causam

91 1392 214 1478 privato
228 1389 337 1455 dolore
349 1388 471 1467 habito,
490 1411 531 1454 ne
543 1387 640 1455 verbo
654 1390 782 1473 quidem
794 1389 919 1456 violatis
933 1392 1126 1472 consulibus,

92 1486 289 1572 rogationem
302 1483 373 1548 tulit
385 1484 427 1549 ad
439 1484 602 1570 populum,
620 1494 655 1548 ut
667 1483 772 1570 plebei
784 1485 988 1571 magistratus
1003 1485 1126 1553 tributis

94 1580 228 1645 comitiis
251 1578 371 1644 fierent.
411 1579 489 1643 haut
509 1600 608 1665 parva
629 1601 679 1643 res
703 1578 763 1644 sub
785 1579 876 1644 titulo
897 1581 1000 1666 prima
1022 1581 1160 1667 species

91 1673 221 1738 minime
235 1673 334 1738 atroci
345 1671 514 1751 ferebatur,
533 1673 589 1737 sed
603 1695 683 1758 quae
696 1673 835 1758 patrimis
850 1697 975 1739 omnem
987 1685 1128 1760 potesta-

92 1778 154 1833 tem
176 1790 237 1854 per
258 1766 418 1832 clientium
439 1766 591 1854 suffragia
609 1767 736 1832 creandi
753 1790 833 1851 quos
852 1768 967 1833 vellent
984 1769 1126 1835 tribunos

91 1863 239 1928 auferret.
276 1859 352 1925 huic
373 1860 490 1926 actioni
509 1861 707 1948 gratissimae
732 1861 818 1948 plebi
845 1884 918 1927 cum
945 1884 1069 1927 summa
1091 1863 1161 1930 'via

90 1957 274 2022 resisterent
282 1964 387 2041 patres
395 1976 508 2040 neque,
520 1952 630 2043 [quae]
641 1956 761 2021 unavis
771 1957 813 2022 ad
825 1957 1035 2022 resistendum
1049 1967 1125 2035 erat,

93 2059 130 2115 ut
144 2050 350 2115 intercederet
367 2049 479 2132 aliquis
497 2071 538 2113 ex
551 2049 683 2136 collegio
697 2051 880 2116 auctoritate
895 2062 949 2116 aut
961 2051 1128 2117 consulum

95 2153 150 2210 aut
165 2144 343 2232 principum
360 2143 475 2209 adduci
494 2153 617 2229 posset,
644 2167 694 2210 res
718 2154 838 2224 tamen,
865 2169 923 2211 suo
944 2146 1016 2232 ipsa
1037 2145 1128 2211 moli-

92 2238 176 2305 mine
193 2239 316 2326 gravis,
335 2236 556 2304 certaminibus
574 2239 607 2303 in
625 2261 743 2303 annum
760 2239 941 2304 extrahitur.

153 2333 256 2400 Plebs
269 2331 461 2400 Voleronem
478 2334 639 2400 tribunum
653 2333 761 2399 reficit.
787 2344 907 2420 patres,
926 2335 967 2399 ad
980 2334 1125 2399 ultimum
1144 2355 1161 2403 5

93 2427 303 2496 dimicationis
315 2429 375 2494 rati
386 2444 454 2494 re'm
462 2439 636 2506 venturam,
650 2427 715 2514 Ap.
727 2426 905 2506 Claudium,
920 2427 1008 2513 Appi
1016 2429 1125 2507 filium,

92 2523 155 2589 iam
165 2522 244 2588 inde
257 2521 422 2608 apaternis
432 2521 654 2588 certaminibus
663 2521 800 2586 invisum
809 2521 1021 2606 infestumque
1029 2521 1126 2608 plebi,

94 2618 257 2685 consulem
270 2616 399 2683 faciunt.
427 2614 549 2704 collega
562 2617 592 2682 ei
606 2617 698 2685 Titus
713 2614 880 2700 Quinctius
895 2617 996 2681 datur.

153 2710 320 2798 Principio
337 2711 442 2777 statim
460 2711 534 2777 anni
550 2711 628 2776 nihil
644 2711 733 2798 prius
751 2734 847 2795 quam
865 2711 904 2775 de
921 2709 992 2798 lege
1010 2710 1125 2798 ageba·
1144 2732 1160 2780 6

93 2816 151 2873 tur.
188 2806 247 2872 sed
268 2814 304 2870 ut
323 2805 469 2871 inventor
489 2806 570 2893 legis
588 2804 718 2884 Volero,
742 2805 788 2871 sic
805 2804 975 2871 Laetorius
1002 2804 1125 2891 collega

93 2901 160 2967 eius
173 2908 285 2966 auctor
297 2921 370 2966 cum
381 2901 535 2967 recentior
547 2910 614 2965 tum
628 2901 728 2965 acrior
741 2909 816 2965 erat.
838 2900 977 2966 ferocem
989 2900 1127 2966 faciebat
1144 2923 1159 2969 7

92 2997 167 3064 belli
184 2996 285 3084 gloria
301 2997 428 3084 ingens,
445 2997 532 3082 quod
545 2997 656 3062 aetatis
670 2997 737 3062 eius
750 2996 829 3061 haut
845 2997 1013 3081 quisquam
1030 3019 1128 3061 manu

92 3091 267 3177 promptior
284 3102 359 3175 erat.
386 3091 428 3168 is,
447 3113 519 3156 cum
533 3089 649 3157 Volero
666 3090 745 3155 nihil
761 3100 980 3176 praeterquam
998 3090 1037 3154 de
1054 3090 1127 3174 lege

90 3185 281 3271 loqueretur,
298 3184 504 3252 insectatione
517 3184 678 3251 abstinens
697 3183 878 3263 consulum,
895 3184 964 3270 ipse
983 3184 1016 3248 in
1034 3205 1128 3248 accu-

92 3280 248 3348 sationem
259 3277 350 3365 Appi
361 3278 561 3364 familiaeque
575 3278 818 3366 superbissimae
836 3300 874 3344 ac
891 3276 1127 3343 crudelissimae

89 3374 125 3441 in
139 3374 271 3462 plebem
282 3373 461 3442 Romanam
478 3396 623 3453 exorsus,
643 3397 716 3440 cum
733 3398 752 3439 a
769 3372 911 3459 patribus
928 3395 994 3438 non
1012 3394 1127 3438 consu·
1144 3388 1160 3438 8

88 3469 168 3550 lem,
196 3469 257 3536 sed
278 3470 458 3537 carnificem
477 3469 520 3535 ad
539 3469 715 3536 vexandam
737 3478 769 3534 et
785 3469 984 3535 lacerandam
1001 3467 1128 3556 plebem

89 3575 235 3632 meatum
251 3586 323 3632 esse
340 3564 554 3642 contenderet,
576 3564 664 3629 rudis
682 3565 715 3629 in
732 3563 858 3628 militari
875 3563 1002 3628 homine
1019 3563 1129 3649 lingua

88 3683 155 3728 uon
172 3658 364 3747 suppetebat
379 3657 516 3725 libertati
532 3659 708 3743 animoque.
745 3658 851 3742 itaque
874 3657 1037 3723 deficiente
1060 3679 1129 3721 ora·
1147 3672 1161 3721 a

88 3757 177 3824 tione
195 3756 339 3841 ‘quando
356 3755 484 3841 quidem
501 3777 567 3820 non
583 3754 676 3820 facile
692 3753 823 3838 loquor‚'
841 3753 942 3837 inquit
961 3750 1128 3835 ‘Quirites

89 3873 189 3937 quam
206 3850 295 3935 quod
309 3849 435 3916 locutus
453 3872 525 3916 sum
541 3859 681 3935 praesto,
700 3847 836 3913 crastino
854 3848 904 3912 die
923 3848 1040 3912 adeste.
1068 3865 1128 3928 ego

90 3943 146 4010 hic
162 3954 219 4013 aut
235 3945 270 4010 in
288 3953 459 4032 conspectu
476 3953 583 4011 vestro
600 3943 716 4008 moriar
733 3954 788 4008 aut
804 3942 962 4030 perferam
978 3933 1102 4025 legem!

160 4035 374 4128 Occupabant
399 4038 520 4106 tribuni
546 4038 697 4126 templum
723 4047 850 4124 postero
880 4037 946 4114 die;
982 4028 1126 4098 consules
1147 4045 1179 4095 ιο

1095 4164 1247 4256 Γ·
