2566 4524
334 243 452 304 amna
467 243 639 315 v1,39.40.
660 248 696 314 [a.
708 243 809 314 caea
1021 234 1087 302 345

79 407 199 496 perfecta
219 413 352 489 utraque
373 424 424 469 res
447 411 543 481 esset,
570 401 603 466 ni
625 401 741 468 tribuni
764 426 798 468 se
819 403 853 468 in
871 404 976 470 omnia
993 404 1087 472 siinul

77 503 221 570 ansdere
243 499 373 586 plebem.
390 497 552 563 dixissent.
595 495 633 562 P.
656 496 796 563 Manlius
820 498 932 564 deinde
954 499 1121 572 dictatore

77 621 128 664 rem
143 598 176 662 in
193 616 323 660 causam
343 590 445 679 plebis
466 591 628 657 inelinavit
646 589 683 657 O.
702 593 842 671 Licinio,
865 593 921 677 qui
942 593 1085 661 tribunus

77 692 193 761 militum
210 691 326 766 tuerat,
344 689 503 775 magistro·
513 687 653 772 equitum
667 689 706 753 de
719 688 812 774 plebe
825 691 918 756 dicto.
945 692 979 756 id
992 715 1085 780 aegre
1103 714 1120 762 4

77 799 164 873 utres
172 782 418 872 passosaacipio
423 806 433 861 3
451 781 634 847 dictatorern
642 784 820 868 propinqua
833 786 1020 873 cognatione
1027 786 1086 851 Li-

77 881 120 946 ini
134 902 169 946 se
184 879 268 965 apud
276 886 382 964 patres
395 897 547 944 excusare
561 875 698 955 solitum,
717 877 810 942 simul
823 888 1000 965 negantem,
1019 903 1087 946 ma·

77 975 149 1062 gistri
158 974 300 1059 equitum
308 972 410 1039 maius
419 992 514 1057 quam
522 970 639 1037 tribuni
647 972 818 1038 consularis
828 974 995 1060 imperium
1005 996 1085 1041 esse.
1151 1036 1153 1039 ,

122 1068 268 1134 Licinius
288 1065 493 1151 Sextiusque,
519 1088 592 1131 eum
614 1066 809 1132 tribunorum
829 1066 915 1152 plebi
937 1069 1121 1138 creando-o

77 1188 129 1230 um
153 1163 272 1229 indicta
298 1161 425 1227 comitia
449 1169 569 1240 essent,
596 1161 641 1226 ita
663 1183 697 1226 se
719 1184 841 1248 gerere,
869 1171 905 1226 ut
929 1164 1085 1250 negando,
1204 1178 1208 1184 '

77 1282 126 1325 am
142 1257 201 1324 sibi
222 1257 302 1323 velle
325 1254 498 1322 continuari
519 1255 682 1335 honorem,
709 1257 859 1322 acerrime
881 1259 1091 1324 accenderent

77 1355 103 1419 ai
125 1354 172 1432 id,
200 1353 285 1437 quod
310 1351 537 1419 dissimulando
563 1350 712 1438 petebant
735 1350 876 1438 plebemt
905 1374 1025 1419 nonum
1051 1375 1121 1422 see

77 1472 177 1514 unum
201 1447 265 1512 iam
291 1446 431 1515 velutin
452 1445 552 1512 aciem
574 1446 725 1512 adversus
749 1448 927 1532 optumates
949 1448 1086 1515 maximo

77 1543 205 1608 rivatim
226 1539 381 1627 periculo,
400 1539 487 1605 nullo
504 1538 630 1627 publice
651 1540 862 1606 emolumento
885 1550 976 1609 stare.
1013 1565 1087 1609 con-

77 1637 202 1704 enuisse
232 1636 295 1701 iam
327 1656 434 1700 secum
461 1643 493 1699 et
517 1634 697 1721 rogationes
722 1636 937 1724 promulgatas
964 1647 995 1703 et
1021 1639 1086 1704 vim

77 1751 186 1797 mnem
208 1729 389 1795 tribuniciae
411 1730 584 1814 potestatis.
619 1729 721 1815 primo
742 1730 966 1798 intercessione
993 1733 1119 1800 colle-r

77 1847 170 1904 nrum
187 1824 220 1888 in
237 1824 324 1910 leges
347 1845 420 1891 suas
442 1833 617 1911 pugnatum
640 1845 725 1902 esse,
753 1824 866 1890 deinde
888 1825 1085 1913 ablegatione

77 1919 228 1986 aventutis
255 1919 295 1983 ad
320 1916 517 1984 Veliternum
542 1917 674 1997 bellum,
701 1928 861 2004 postremo
888 1920 1086 1986 dictatorium

77 2015 180 2080 ulmen
196 2014 229 2077 in
242 2035 281 2078 se
297 2013 493 2078 intentatum.
519 2012 583 2077 iam
596 2034 656 2078 nec
669 2013 806 2101 collegas
818 2037 878 2080 nee
890 2014 1010 2081 bellurn
1026 2039 1085 2082 nec
1104 2036 1122 2086 a

77 2110 242 2184 lietatorem
259 2108 397 2187 obstare,
415 2107 532 2197 quippe
545 2107 600 2192 qui
614 2108 708 2173 etiam
722 2130 814 2174 omen
826 2109 950 2196 plebeio
964 2112 1086 2178 consuli

77 2205 211 2292 nagistro
230 2203 369 2286 equitum
386 2202 536 2289 explebe
553 2202 686 2268 dicendo
700 2203 829 2269 dederit.
857 2228 891 2271 se
904 2207 1007 2291 ipsam
1020 2207 1087 2293 ple-

77 2321 132 2363 ·em
154 2308 187 2364 et
205 2297 370 2363 commoda
387 2297 501 2363 morari
519 2319 591 2376 sua3
613 2297 744 2363 liberam
762 2297 873 2364 urbem
890 2323 927 2364 ac
945 2300 1049 2365 forum
1067 2325 1086 2366 a
1104 2323 1119 2371 9

77 2392 278 2471 reditoribus,
304 2391 419 2458 liberos
441 2415 535 2480 agros
558 2391 599 2457 ab
620 2391 745 2457 iniustis
767 2393 1004 2477 possessoribus
1031 2416 1086 2459 ex-

77 2487 191 2575 emplo,
210 2487 239 2552 si
250 2485 338 2564 velit,
356 2485 472 2552 habere
488 2508 594 2572 posse.
626 2507 707 2569 quae
725 2509 855 2552 munera
872 2488 999 2572 quando
1017 2497 1087 2555 tan·
1105 2512 1138 2560 10

77 2583 131 2647 lem
148 2582 227 2647 satis
244 2591 333 2669 grato
351 2581 456 2648 animo
478 2581 710 2659 aestimaturos,
738 2581 766 2646 si
786 2581 868 2647 inter
889 2580 1086 2669 accipiendas

77 2677 98 2742 le
112 2677 179 2742 suis
193 2677 365 2744 commodis
378 2677 556 2766 rogationes
571 2697 660 2762 spem
674 2675 801 2742 honoris
813 2677 965 2744 latoribus
979 2700 1087 2744 earum

77 2771 218 2837 noidant?
234 2793 298 2836 non
310 2793 380 2837 esse
393 2771 566 2837 modestiae
578 2770 688 2857 populi
701 2770 852 2850 Romani,
870 2772 904 2837 id
916 2773 1086 2860 postulare,

77 2876 93 2931 .t
110 2866 182 2952 ipse
200 2864 326 2930 faenore
343 2864 465 2931 levetur
486 2876 517 2931 et
537 2865 572 2930 in
594 2888 707 2954 agrum
728 2865 841 2932 iniuria
861 2889 1045 2953 possessum
1068 2892 1088 2934 a

77 2959 241 3026 utentibus
263 2960 440 3040 inducatur,
466 2983 524 3047 per
545 2982 630 3045 ques·
648 2982 686 3026 ea
707 2971 894 3028 consecutus
913 2962 966 3042 sit,
995 2986 1086 3030 senes

77 3055 244 3122 ribunicios
266 3078 330 3120 non
353 3055 419 3121 sine
441 3055 560 3121 honore
582 3065 716 3133 tantum,
745 3056 801 3121 sed
824 3058 918 3122 etiam
940 3058 1008 3124 sine
1031 3081 1087 3146 spe

77 3149 187 3214 toneris
214 3148 377 3234 relinquat.
412 3150 543 3236 proinde
568 3150 630 3236 ipsi
651 3149 787 3236 primum
810 3159 982 3217 statuerent
1003 3153 1088 3240 apud
1106 3176 1137 3224 11

77 3244 197 3321 nimos,
222 3245 299 3328 quid
315 3243 443 3322 vellent,
467 3244 580 3309 deinde
598 3244 732 3310 comitiis
754 3244 926 3310 tribuniciis
949 3246 1088 3312 declara-

77 3349 128 3406 ent
155 3338 357 3407 voluntatem.
402 3339 430 3404 si
455 3338 619 3404 coniuncte
645 3339 719 3403 ferri
745 3338 785 3404 ab
812 3362 847 3404 se
872 3341 1087 3429 promulgatas

77 3433 239 3522 ogationes
256 3432 385 3512 vellent,
409 3455 492 3512 esse,
516 3434 601 3517 qued
623 3433 750 3498 eosdem
767 3434 929 3500 reficerent
946 3435 1087 3502 tribunos

77 3528 176 3606 labis,
203 3528 377 3615 perlaturos
395 3529 478 3593 enim
500 3550 581 3612 quae
603 3528 884 3616 promulgaverint3
912 3531 974 3610 sin,
1002 3531 1087 3616 quod
1107 3550 1139 3598 12

77 3624 174 3708 uique
191 3623 337 3713 privatim
354 3645 434 3710 opus
453 3623 506 3701 sit,
523 3622 557 3687 id
569 3623 663 3688 modo
676 3624 776 3710 accipi
790 3625 900 3703 velint,
920 3649 1001 3712 opus
1017 3647 1087 3690 esse

77 3718 137 3782 ihil
158 3716 315 3782 invidiosa
337 3717 569 3783 continuatione
589 3715 731 3783 honoris:
757 3740 816 3785 nec
839 3742 873 3785 se
895 3719 1089 3785 tribunatum

79 3835 117 3880 ec
135 3812 211 3877 illos
226 3834 277 3890 ea,
296 3834 377 3897 quae
393 3811 592 3899 promulgata
609 3813 685 3892 sint,
704 3813 876 3880 habituros.

122 3905 283 3972 XXXX.
317 3906 483 3972 Adversus
499 3915 571 3974 tam
593 3906 782 3974 obstinatam
800 3909 971 3974 orationem
990 3905 1088 3969 tribu·
1107 3929 1120 3976 1

77 4025 172 4068 emm
200 4023 270 4067 cum
296 4024 371 4089 prae
397 4003 582 4090 indignitate
608 4026 712 4069 rerum
735 4014 844 4090 stupor
867 4001 1088 4086 silentiumque
