2566 4524
150 258 212 323 150
408 266 527 322 LIBER
543 265 601 332 III,
620 266 661 320 26.
676 265 718 319 27.
739 269 776 335 [a.
786 282 813 320 u.
824 265 920 336 case]

147 429 226 517 perii
243 426 352 513 populi
368 424 518 502 Romani,
541 424 583 488 L.
604 422 785 505 Quinctius,
809 432 895 487 trans
914 421 1058 489 Tiberim
1076 433 1169 489 eontra

147 547 221 590 eum
237 523 343 608 ipsum
359 521 480 597 locum,
499 517 553 583 ubi
571 541 654 582 nuno
671 519 804 583 Navalia
822 526 908 595 sunt,
927 528 1078 602 quattuor
1094 519 1168 605 iuge

113 640 130 688 a
148 642 219 685 rum
236 616 359 681 colebat
377 637 503 700 agrum,
522 635 602 696 quae
619 624 710 699 prata
724 612 872 695 Quinctia
889 622 1053 677 vocantur.
1080 612 1168 679 ibiab

146 712 274 798 legatis,
294 732 350 774 seu
368 709 489 774 fossam
506 707 629 771 fodiens
647 708 738 793 palae
755 707 882 771 innixus
901 729 1053 773 seucum
1069 716 1166 785 araret,
1192 776 1195 781 ,

147 807 234 892 operi
253 815 350 881 certe,
372 805 406 867 id
423 803 508 886 quod
527 813 663 880 constat,
682 803 800 889 agresti
815 803 969 879 intentus,
989 802 1093 867 salute
1107 803 1167 868 dala
1193 832 1195 847 ¹

146 903 282 966 invicem
304 900 487 982 redditaque
508 907 652 983 rogatus,
676 908 724 975 ut,
752 898 838 982 quod
860 897 940 961 bene
962 908 1100 962 verteret
1118 897 1166 982 ipsi

146 997 254 1079 reique
268 994 426 1080 publicae,
445 1004 571 1079 togatus
585 993 734 1056 mandata
748 1002 876 1057 senatus
889 991 1029 1070 audiret,
1048 992 1166 1057 admira·

148 1100 199 1155 tus
222 1091 425 1176 rogitansque
455 1089 550 1152 ‘satin
573 1087 690 1152 salve?'
725 1100 833 1173 togam
859 1109 993 1173 propere
1017 1109 1036 1152 e
1057 1086 1165 1174 tugur‘a

97 1208 130 1255 10
147 1185 287 1274 proferre
309 1206 439 1248 uxorem
457 1183 611 1247 Raciliam
632 1182 728 1247 iubet.
761 1204 829 1265 qua
851 1181 945 1247 simul
967 1181 1096 1247 abterso
1110 1180 1164 1267 pnl-

146 1302 221 1345 vere
247 1302 285 1344 ac
307 1280 422 1344 sudore
443 1278 566 1342 velatus
589 1278 755 1363 prooessit,
782 1278 967 1342 dictatorem
990 1299 1065 1341 eum
1086 1273 1163 1362 legati

146 1375 339 1462 gratulantes
359 1373 569 1450 consalutant,
588 1374 621 1436 in
634 1372 745 1437 urbem
759 1382 886 1448 vocant,
905 1371 960 1454 qui
974 1381 1076 1437 terror
1092 1369 1161 1436 sitin

97 1491 128 1536 11
148 1471 300 1545 exercitu,
328 1479 498 1552 exponunt.
538 1468 628 1532 navis
659 1466 806 1549 Quinctio
832 1465 959 1551 publice
985 1477 1097 1552 parata
1117 1462 1161 1529 fnit

147 1574 421 1644 transvectumque
444 1573 506 1626 tres
530 1562 656 1626 obviarn
679 1562 799 1648 egressi
823 1561 880 1624 fiffi
906 1561 1082 1646 excipiunt,
1105 1558 1159 1624 inda

144 1657 201 1722 alii
222 1657 388 1742 propinqui
410 1666 504 1739 atque
526 1657 633 1733 amici,
661 1667 728 1720 tum
750 1665 875 1741 patrum
896 1655 999 1719 maior
1024 1678 1104 1742 para
1130 1673 1158 1716 eu

146 1751 324 1835 frequentia
347 1751 479 1836 stipatus
503 1750 760 1814 antecedentibus
779 1749 940 1815 lictoribus
959 1749 1110 1815 deductus
1123 1752 1156 1811 el

146 1847 285 1910 domum.
322 1855 353 1908 et
370 1844 472 1929 plebis
495 1867 665 1909 concursus
688 1844 799 1930 ingens
822 1844 897 1921 fuit3
923 1843 982 1908 sed
1004 1866 1044 1909 ea
1063 1862 1156 1926 nequa·

96 1962 127 2008 12
141 1963 242 2023 quam
264 1950 327 2002 tam
350 1939 433 2002 laeta
456 1936 640 2019 Quinctium
665 1939 757 2016 vidit,
785 1948 816 2003 et
841 1938 965 2023 imperii
990 1938 1153 2003 nimiumd

145 2035 248 2097 virum
267 2033 327 2115 (in)
345 2033 414 2117 ipso
433 2033 562 2117 imperio
581 2034 845 2098 vehementiorem
862 2044 939 2098 rata.

210 2128 255 2191 Et
276 2127 330 2190 illa
346 2127 478 2210 quidem
500 2137 591 2192 nocte
613 2129 690 2193 nihil
712 2139 929 2214 praeterquam
948 2128 1106 2216 vigilatum
1120 2133 1151 2189 e!

145 2222 180 2286 in
198 2222 284 2286 urbe.
1192 2258 1195 2265 ·

113 2339 126 2384 1
209 2316 359 2380 XXVII.
395 2316 529 2381 Postero
552 2317 602 2380 die
624 2317 757 2382 dictator
778 2340 851 2382 cum
868 2328 940 2381 ante
958 2317 1063 2382 lucem
1078 2310 1150 2381 iata
1191 2368 1195 2373 .

144 2434 215 2474 rum
241 2412 392 2488 venisset,
424 2412 610 2497 magistrum
637 2413 776 2495 equitum
803 2412 879 2477 dicit
903 2412 945 2476 L.
969 2409 1148 2496 Tarquitium,

143 2506 292 2590 patriciae
314 2507 431 2591 gentis,
461 2508 517 2571 sed
539 2507 607 2588 qui,
636 2529 707 2570 cum
727 2506 883 2591 stipendia
899 2506 1035 2591 pedibus
1053 2514 1149 2591 propte
1193 2562 1195 2567 .

143 2612 360 2685 paupertatem
378 2600 520 2677 fecisset,
539 2600 621 2664 bello
640 2611 745 2664 tamen
763 2602 882 2685 primus
900 2599 997 2686 longe
1015 2600 1148 2665 Romus

110 2717 125 2762 a
144 2693 314 2757 iuventutis
338 2693 463 2759 habitus
487 2706 579 2759 esset.
616 2718 687 2759 cum
711 2696 861 2780 magistro
885 2696 1027 2777 equitum
1048 2697 1079 2759 in
1097 2708 1148 2757 eurr

144 2788 261 2851 tionem
280 2789 380 2865 venit,
407 2788 560 2853 iustitium
582 2790 689 2866 edicit,
717 2790 820 2855 claudi
843 2790 990 2855 tabernas
1013 2801 1078 2855 tota
1094 2782 1147 2851 nt·
1189 2848 1195 2859 .

111 2903 125 2949 3
144 2880 245 2956 iubet,
264 2892 349 2945 vetat
363 2905 552 2966 quemquam
570 2885 710 2969 privatae
729 2885 897 2968 quiequam
913 2885 961 2949 rei
978 2906 1081 2971 agere,
1103 2892 1147 2944 Μ
1192 2912 1195 2917 ·

143 2977 333 3061 quicumque
351 2989 451 3044 aetate
475 2980 600 3044 militari
621 2992 740 3058 essent,
769 2982 879 3046 armati
902 3003 975 3045 cum
999 2972 1147 3047 cibaria&

143 3072 211 3136 dies
229 3074 367 3157 quinque
386 3075 482 3140 coctis
500 3076 653 3159 vallisque
672 3076 824 3140 duodenis
843 3086 915 3140 aute
934 3076 1011 3141 solis
1029 3084 1145 3141 new

108 3165 259 3232 tMartio
281 3169 314 3232 in
337 3192 447 3255 campo
471 3171 632 3248 adessent;
660 3171 774 3254 quibus
798 3183 884 3237 aetas
911 3172 954 3236 ad
979 3167 1145 3236 militanda·

141 3263 267 3347 gramm
284 3274 381 3342 esset,
405 3265 508 3329 vicino
526 3265 630 3342 militi,
654 3266 729 3328 dum
747 3265 775 3331 is
793 3290 879 3330 arma
897 3278 1024 3352 pararet
1045 3262 1100 3330 vall

109 3376 204 3438 aque
222 3367 354 3441 peteret,
378 3358 495 3423 cibaria
512 3381 646 3442 coquere
663 3360 764 3424 iussit.
801 3361 847 3425 sic
863 3361 1013 3426 iuventus
1032 3346 1146 3425 danii
1175 3434 1195 3447 .

142 3450 183 3513 ad
206 3451 322 3514 vallum
344 3455 523 3537 petendum.
558 3476 736 3539 sumpsere,
759 3455 842 3519 unde
860 3456 976 3539 cuique
997 3454 1110 3543 proxim
1178 3532 1192 3541 q

141 3543 217 3622 fuit,
244 3546 419 3630 prohibitus
442 3571 535 3613 nemo
558 3559 606 3614 est
627 3549 811 3636 inpigreque
839 3572 950 3617 omnes
977 3551 1021 3616 ad
1037 3548 1085 3616 edi

109 3638 302 3705 edictatoris
324 3653 449 3727 praesto
472 3644 569 3709 fuere.
605 3644 678 3707 inde
700 3645 863 3731 conposito
890 3646 1018 3732 agmine
1043 3664 1099 3710 nou

142 3733 210 3797 neri
227 3735 328 3821 magis
348 3738 413 3822 apti
431 3761 525 3822 quam
543 3739 675 3824 proelio,
700 3740 727 3804 si
744 3762 795 3805 res
812 3741 857 3805 ita
874 3740 1014 3819 tulisset,
1031 3736 1146 3826 legion!

140 3826 210 3914 ipse
236 3830 381 3910 dictator,
410 3834 560 3917 magister
586 3835 726 3917 equitum
754 3858 827 3901 suos
855 3836 977 3920 equites
1004 3834 1093 3899 duait
1119 3820 1143 3887 ἶ*
1174 3840 1190 3851 ’

141 3933 273 4010 utroque
286 3929 412 4014 agmine
426 3951 504 4012 quas
518 3940 642 4015 tempus
657 3931 760 4016 ipsum
774 3932 927 4017 poscebat
940 3926 1141 3997 adhortatio*
1174 4008 1180 4015 Ι

33 4040 40 4049 ·
108 4033 242 4086 terant:
261 4021 411 4087 adderent
427 4025 576 4111 gradum3
595 4036 748 4091 maturato
767 4049 847 4112 opus
866 4050 951 4107 esse,
970 4036 1006 4091 ut
1021 4004 1141 4091 noarrl
1173 4086 1187 4099 f
