2566 4524
144 236 209 304 338
394 245 514 302 arnna
530 214 586 315 v'r,
603 244 646 300 aa.
665 248 740 314 [aa
751 242 836 299 asu
846 243 934 320 (usu

145 409 245 475 cicres
264 406 305 471 ad
322 402 588 492 perseverandum
604 401 638 466 in
651 400 734 467 bello
752 400 880 467 faceret.
907 401 982 469 finis
999 403 1143 470 certaminis

144 503 218 581 mit,
244 509 412 587 postquam
429 497 571 581 utrisque
588 497 747 582 apparuit,
773 496 852 560 nihil
873 518 933 583 per
952 495 1062 565 alteros
1077 507 1145 578 stara

111 617 208 682 equo
225 595 329 659 minus
347 593 473 677 incepta
493 598 763 678 persequerentur.
798 589 909 656 Latini
930 591 1061 678 profecti
1078 617 1096 659 a
1112 615 1146 659 so

145 692 257 758 cietate
274 687 376 775 pacis,
403 697 439 751 ut
455 684 617 764 rebantur,
639 684 825 751 inhonestae
843 706 914 752 sese
931 686 1148 767 vindicaverunt,

144 785 293 851 Antiates
313 779 521 846 incommodis
545 778 670 845 arbitris
693 778 877 845 salutarium
903 781 1097 848 consiliorum
1115 805 1149 848 rc

110 901 127 948 4
145 879 238 944 motis
256 875 368 943 urbem
385 895 542 961 agrosque
554 874 708 940 Romanis
727 874 854 940 dedunt.
881 875 930 942 ira
947 885 979 942 et
995 877 1090 944 rabies
1099 872 1151 944 La·

144 972 295 1050 tinorum,
322 968 398 1054 quia
413 989 473 1034 nec
489 967 651 1033 Romanos
668 966 751 1034 bello
768 967 892 1034 laedere
915 991 977 1036 nec
993 969 1151 1038 Volscosin

145 1066 241 1133 armis
257 1063 391 1130 retinere
408 1070 588 1149 potuerant,
615 1083 654 1128 eo
676 1062 792 1149 erupit,
819 1071 855 1127 ut
873 1059 1036 1130 Satricum
1055 1064 1150 1143 urben,

144 1182 226 1246 quae
247 1155 479 1245 receptaculum
501 1155 638 1243 primum
664 1155 710 1222 eis
737 1157 889 1222 adversae
917 1178 1045 1246 pugnae
1064 1159 1151 1236 fuerat,

145 1255 213 1344 igni
230 1259 478 1330 concremarent;
501 1272 560 1317 nec
578 1249 664 1315 aliud
681 1258 799 1316 tectum
817 1251 884 1316 eius
908 1253 1064 1340 superfuit
1078 1252 1151 1330 urbis,
1190 1252 1192 1325 Ῑ

145 1372 218 1416 cum
235 1348 322 1414 faces
339 1346 455 1434 pariter
473 1345 570 1411 sacris
588 1343 792 1431 profanisque
808 1345 973 1425 inicerent,
1000 1369 1092 1433 quam
1105 1370 1152 1413 ma
1189 1350 1192 1427 j

110 1443 201 1514 atris
218 1441 363 1507 Matutae
381 1439 542 1527 templum.
581 1438 655 1505 inde
677 1460 733 1505 eos
755 1461 815 1506 nec
832 1461 890 1505 sua
912 1439 1025 1528 religio
1046 1463 1100 1508 nec
1114 1463 1153 1506 ro
1189 1440 1192 1449 '

144 1537 294 1604 recundia
315 1536 411 1600 deum
432 1534 571 1600 arcuisse
593 1533 720 1612 dicitnr,
747 1534 805 1599 sed
826 1557 890 1600 vox
914 1533 1071 1602 horrenda
1093 1534 1154 1601 editt

146 1630 264 1716 templo
283 1652 355 1695 cum
373 1628 515 1695 tristibus
534 1628 642 1707 minis,
665 1628 699 1693 ni
715 1627 871 1695 nefandos
887 1629 980 1717 ignes
999 1631 1104 1717 prooul
1115 1629 1152 1694 de

112 1723 244 1796 clubris
267 1723 468 1790 amovissent.
507 1722 654 1788 incensos
676 1743 715 1788 ea
735 1721 822 1788 rabie
842 1722 982 1809 impetus
1005 1723 1153 1791 Tusculum
1187 1752 1192 1779 τ

146 1820 217 1886 tulit
233 1817 275 1886 ob
293 1818 386 1896 iram,
414 1817 500 1902 quod
517 1816 642 1883 deserto
660 1816 820 1882 communi
841 1818 974 1884 coneilio
992 1820 1152 1886 Latinam
1187 1820 1192 1854 ·‘

145 1937 209 1980 non
229 1914 263 1978 in
286 1913 467 1978 societatem
489 1911 584 1976 modo
600 1911 793 1989 Romanam,
821 1912 997 1978 sedetiam
1017 1914 1051 1979 in
1071 1911 1153 1979 civita
1189 1986 1192 1993 ‚

113 2032 127 2079 r
146 2017 210 2073 tem
233 2029 268 2073 se
291 2006 462 2071 dedissent.
501 2005 682 2091 patentibus
704 2006 803 2092 portis
826 2028 898 2071 cum
919 2007 1080 2094 inproviso
1097 2004 1153 2072 inci
1188 2018 1192 2067 ἱ

146 2102 280 2178 dissent,
307 2099 409 2187 primo
431 2098 566 2164 clamore
594 2099 745 2185 oppidum
769 2109 894 2186 praeter
919 2123 1028 2168 arcem
1052 2110 1152 2188 captur
1186 2108 1192 2163 ἶ

147 2206 205 2262 est
239 2195 274 2260 in
291 2217 395 2260 arcem
413 2193 562 2281 oppidani
578 2195 724 2281 refugere
742 2217 814 2260 cum
836 2195 1032 2284 coniugibus
1048 2218 1085 2263 ac
1097 2194 1153 2262 libe
1187 2208 1192 2281 j

145 2292 202 2371 ris,
229 2291 418 2374 nuntiosque
439 2290 590 2369 Romam,
617 2290 672 2375 qui
694 2291 858 2357 certiorem
878 2290 919 2358 de
946 2314 1006 2359 suo
1032 2313 1104 2359 casu
1119 2309 1153 2355 so·
1190 2366 1192 2373 Α

112 2407 128 2456 8
146 2396 254 2452 natum
278 2385 430 2464 facerent,
458 2384 581 2450 misere.
618 2383 704 2450 haud
727 2387 854 2473 segnius
872 2406 968 2470 quam
991 2385 1055 2452 fide
1069 2379 1153 2473 popuii
1190 2380 1192 2426 ἕ

145 2479 282 2548 Romani
290 2480 422 2568 dignum
430 2479 491 2544 fuit
504 2478 659 2545 exercitus
669 2478 845 2545 Tusculum
859 2479 983 2547 ductus.
1007 2480 1050 2547 L.
1060 2479 1155 2563 Quinc

113 2577 208 2647 arius
235 2585 267 2641 et
295 2574 363 2640 Ser.
389 2572 548 2660 Sulpicius
576 2573 692 2640 tribuni
717 2574 851 2640 militum
878 2574 1009 2641 duxere.
1056 2575 1154 2640 clausu
1187 2574 1192 2651 ]

146 2679 252 2756 portas
266 2669 399 2735 Tusculi
411 2669 609 2752 Latinosque
628 2668 722 2733 simul
739 2667 951 2734 obsidentium
963 2678 1060 2755 atque
1071 2667 1156 2734 obses
1187 2671 1192 2743 Ξ

148 2787 253 2830 sorum
272 2764 376 2828 animo
393 2763 467 2827 hinc
484 2763 609 2828 moenia
627 2762 759 2828 Tusculi
781 2764 862 2829 tueri
882 2763 1007 2843 vident,
1029 2763 1110 2828 illinc
1123 2780 1156 2825 ar·
1188 2764 1191 2773 '

97 2878 130 2927 10
148 2879 218 2922 cem
236 2879 433 2943 oppugnare,
461 2867 574 2923 terrere
592 2881 656 2923 una
673 2880 710 2923 ac
727 2880 852 2944 pavere.
889 2859 1047 2926 adventus
1064 2859 1156 2925 Roma

147 2973 260 3017 norum
277 2960 451 3017 mutaverat
469 2953 746 3039 utriusquepartis
765 2954 901 3019 animos:
921 2953 1116 3021 Tusculanos
1130 2969 1156 3014 er

147 3045 268 3133 ingenti
288 3055 374 3111 metu
395 3046 428 3111 in
451 3070 607 3112 summam
629 3047 835 3126 alacritatem,
861 3048 999 3114 Latinos
1022 3072 1063 3116 ex
1082 3064 1156 3136 prope

148 3148 232 3206 certa
248 3139 365 3205 fiducia
381 3163 457 3206 mox
474 3141 644 3227 capiendae
667 3142 762 3220 arcis,
790 3142 940 3226 quoniam
961 3144 1080 3230 oppido
1098 3138 1157 3229 pofir

98 3255 129 3305 11
149 3245 271 3315 rentur,
292 3236 327 3300 in
344 3236 493 3323 exiguam
510 3236 549 3301 de
568 3258 602 3301 se
619 3237 697 3322 ipsis
717 3259 805 3323 spem
817 3234 970 3304 ‘berterat
1007 3239 1118 3304 tollitur
1129 3252 1157 3297 er

148 3352 218 3395 arce
237 3330 354 3396 clamor
372 3330 412 3396 ab
430 3330 619 3396 Tusculanis
625 3355 635 3410 ;
654 3331 809 3418 excipitur
826 3331 987 3416 aliquanto
1005 3324 1157 3399 maiore-b

149 3423 287 3488 exercitu
303 3424 458 3490 Romano.
489 3425 645 3509 utrimque
663 3435 815 3512 urgentur
826 3427 950 3492 Latini:
969 3449 1030 3493 neo
1046 3427 1157 3512 immid

149 3515 401 3583 Tusculanorum
423 3519 652 3584 decurrentium
678 3542 718 3585 ex
745 3520 904 3605 superiore
930 3520 1002 3587 loco
1030 3519 1158 3587 sustinent

148 3632 208 3675 nec
224 3609 387 3676 Romanos
406 3611 576 3679 subeuntes
594 3613 719 3679 moenia
735 3615 964 3699 molientesque
986 3614 1091 3682 obices
1105 3630 1157 3698 por·

99 3712 252 3775 ratarum
274 3727 379 3772 arcere
404 3716 547 3793 possunt.
593 3708 685 3774 scalis
711 3709 799 3795 prius
825 3709 952 3774 moenia
976 3718 1082 3796 capta,
1103 3701 1156 3771 inde

150 3799 279 3866 effracta
301 3801 437 3868 claustra
461 3812 631 3889 portarum.
676 3814 708 3870 et
734 3826 807 3870 cum
834 3825 952 3891 anceps
977 3804 1077 3871 hostis
1100 3808 1155 3866 ett

150 3894 252 3960 fronte
270 3904 301 3960 et
318 3918 338 3960 a
355 3906 443 3982 tergo
462 3907 609 3983 urgueret
625 3919 685 3964 nec
702 3897 743 3962 ad
760 3921 902 3986 pugnam
918 3898 985 3964 ulla
1002 3899 1050 3964 vis
1067 3885 1156 3961 neottl

150 3989 260 4077 fugam
277 3990 338 4055 loci
356 3993 524 4076 quicquam
543 4002 730 4078 superesset,
748 3993 781 4057 in
802 3993 907 4060 medio
925 3993 1010 4060 oaesi
1027 3992 1067 4058 ad
1081 4001 1154 4054 unum
