2566 4524
135 230 177 295 86
400 242 517 296 LIBER
534 242 576 312 H,
595 240 637 294 24.
652 240 693 295 25.
714 245 789 309 [au.
799 240 896 311 erae]

135 410 214 478 erat,
242 422 345 478 orare,
372 409 408 464 ut
430 398 524 464 tantis
548 399 794 464 circumventam
815 396 987 465 terroribus
1005 398 1159 485 expediret

133 518 201 561 rem
217 495 386 580 publicam.

99 611 117 657 4
198 590 282 655 Tum
310 589 420 655 consul
446 590 543 654 misso
570 598 682 654 senatu
707 587 941 653 incentionem
967 587 1084 673 prodit.
1119 586 1157 652 ibi

134 707 226 750 curae
245 706 315 748 esse
332 682 475 768 patribus
494 684 639 760 ostendit,
659 691 694 746 ut
712 681 893 747 consulatur
909 680 1007 767 plebi,
1026 692 1156 747 ceterum

134 778 349 843 deliberationi
363 778 402 841 de
420 779 558 842 maxima
572 778 698 860 quidem
712 777 775 853 illa,
792 778 849 842 sed
862 786 970 841 tamen
985 785 1077 865 parte
1090 775 1158 841 civi·

100 873 207 940 atatis
236 881 355 937 metum
380 895 437 957 pro
464 873 610 938 universa
636 895 669 937 re
696 871 824 957 publica
848 871 1069 936 intervenisse.
1106 891 1157 935 nec

133 989 238 1052 posse,
258 989 330 1032 cum
347 967 455 1033 hostes
473 990 571 1053 prope
590 967 631 1030 ad
647 976 754 1050 portas
773 975 887 1043 essent,
906 964 992 1030 bello
1009 962 1156 1050 praeverti

133 1061 311 1146 quicquam,
329 1083 397 1138 nec,
417 1061 444 1126 si
458 1061 498 1125 sit
510 1061 679 1125 laxamenti
693 1059 821 1143 aliquid,
836 1067 891 1123 aut
902 1057 989 1144 plebi
998 1058 1156 1123 honestum
1188 1144 1192 1149 Ι

134 1178 218 1234 esse,
242 1156 304 1219 nisi
325 1156 468 1220 mercede
485 1156 572 1240 prius
591 1165 719 1240 accepta
737 1178 824 1219 arma
840 1176 897 1240 pro
915 1154 1018 1237 patria
1034 1177 1100 1221 non
1113 1174 1157 1217 ce·
1190 1176 1192 1185 ·

132 1250 231 1336 pisse,
258 1272 361 1333 neque
383 1250 523 1335 patribus
548 1250 623 1314 satis
648 1250 809 1327 decorum,
837 1271 893 1334 per
914 1257 1036 1312 metum
1062 1248 1154 1334 potius

133 1365 227 1427 quam
241 1344 406 1429 postmodo
421 1345 580 1408 voluntate
599 1344 730 1409 adflictis
749 1343 864 1408 civium
882 1364 1014 1407 suorum
1032 1341 1154 1409 fortunis

133 1438 339 1503 consuluisse.
1189 1466 1192 1475 ·

100 1553 114 1597 c
200 1531 348 1596 Contioni
365 1533 478 1596 deinde
497 1534 598 1597 edicto
622 1533 741 1597 addidit
762 1533 872 1610 fidem,
899 1554 962 1615 quo
986 1531 1097 1610 edixit,
1121 1552 1154 1595 ne
1188 1516 1192 1583 l

134 1627 205 1712 quis
224 1627 325 1691 civem
342 1626 523 1690 Romanum
540 1628 681 1692 vinctum
699 1636 752 1691 aut
775 1627 917 1690 clausum
940 1634 1075 1704 teneret,
1100 1645 1152 1709 quo

132 1721 237 1785 minus
252 1721 281 1785 ei
294 1720 428 1786 nominis
443 1721 556 1785 edendi
570 1721 655 1807 apud
668 1721 812 1785 consules
825 1729 966 1806 potestas
981 1719 1085 1798 fieret,
1101 1738 1152 1783 neu

132 1814 203 1898 quis
225 1814 346 1892 militis,
374 1816 474 1880 donec
496 1816 530 1879 in
552 1816 662 1880 castris
685 1827 781 1891 esset,
808 1813 892 1880 bona
912 1814 1090 1899 possideret
1108 1820 1152 1876 eut

100 1928 114 1974 7
132 1910 294 1986 venderet,
313 1910 429 1975 liberos
446 1920 618 1995 nepotesve
637 1910 704 1974 eius
718 1906 900 1974 mor'aretur.
927 1908 989 1973 hoc
1003 1906 1151 1994 proposito

133 2003 235 2067 edicto
263 2014 294 2068 et
321 2005 375 2087 qui
398 2004 529 2068 aderant
549 2005 623 2069 nexi
644 2003 784 2090 profiteri
805 2002 962 2089 extemplo
982 2003 1151 2068 nominaet

132 2096 271 2179 undique
298 2119 338 2160 ex
364 2106 429 2161 tota
451 2097 529 2162 urbe
551 2098 786 2184 proripientium
808 2121 842 2163 se
865 2121 905 2163 ex
925 2096 1064 2182 privato,
1089 2114 1150 2160 cum

132 2191 286 2255 retinendi
307 2192 357 2256 ius
381 2191 524 2257 creditori
541 2216 605 2257 non
623 2203 721 2270 esset,
748 2215 918 2259 concursus
935 2191 970 2255 in
987 2190 1104 2267 forum,
1123 2198 1149 2251 ut

98 2303 114 2351 8
134 2295 329 2350 sacramento
352 2286 503 2364 dicerent,
530 2287 607 2352 fieri.
644 2311 761 2373 magna
783 2310 821 2352 ea
842 2309 954 2351 manus
977 2284 1039 2350 fuit
1059 2301 1147 2367 nequo

132 2378 264 2444 aliorum
286 2380 387 2467 magis
409 2381 442 2445 in
459 2379 577 2446 Volsco
599 2380 681 2445 bello
699 2381 799 2445 virtus
817 2390 910 2465 atque
928 2401 1026 2465 opera
1043 2374 1146 2443 enituit

132 2473 242 2537 consul
261 2475 366 2560 copias
385 2484 493 2539 contra
506 2475 630 2540 hostem
644 2475 761 2554 educit,
780 2497 877 2562 parvo
891 2473 1056 2539 dirimente
1067 2474 1147 2537 inter·

131 2566 214 2632 vallo
233 2578 335 2632 castra
352 2569 450 2654 ponit.

99 2683 111 2727 1
195 2660 311 2726 XXV.
340 2661 490 2726 Proxima
507 2663 581 2727 inde
598 2671 690 2726 nocte
704 2661 828 2739 Volsci,
847 2661 1004 2726 discordia
1017 2660 1145 2727 Romam

131 2755 217 2830 freti,
254 2755 282 2818 si
312 2775 374 2837 qua
404 2764 557 2820 nocturna
584 2757 723 2820 transitio
748 2756 922 2842 proditiove
947 2755 1017 2820 fieri
1043 2758 1144 2842 posset,

131 2856 284 2933 temptant
298 2858 408 2913 castra.
438 2871 563 2913 sensere
577 2850 698 2936 vigiles,
719 2850 870 2915 excitatus
885 2851 1052 2928 exercitus,
1070 2849 1144 2933 signo

131 2941 204 3005 dato
232 2963 419 3006 concursum
447 2951 495 3007 est
521 2944 561 3008 ad
587 2967 683 3008 arma.
728 2944 771 3008 ita
797 2944 915 3009 frustra
940 2943 975 3007 id
1001 2943 1144 3029 inceptum

97 3055 113 3102 2
131 3031 258 3100 Volscis
279 3035 353 3113 fuit,
376 3036 506 3101 relicum
526 3038 628 3103 noctis
652 3037 807 3121 utrimque
830 3037 928 3122 quieti
949 3037 1069 3103 datum.
1100 3054 1144 3121 po-

130 3139 213 3195 stero
228 3130 278 3195 die
291 3130 393 3216 prima
405 3130 475 3196 luce
489 3131 599 3198 Volsci
612 3132 706 3197 fossis
720 3132 846 3217 repletis
861 3132 979 3197 vallum
997 3132 1144 3197 invadunt

96 3244 112 3294 3
129 3224 254 3309 iamque
268 3225 308 3290 ab
323 3227 407 3290 omni
421 3237 508 3312 parte
522 3226 716 3291 munimenta
729 3225 933 3304 vellebantur,
952 3248 1026 3291 cum
1039 3220 1145 3297 consul

130 3341 321 3402 quamquam
335 3322 439 3385 cuncti
453 3321 605 3405 undique,
625 3331 656 3384 et
668 3321 742 3385 nexi
755 3331 827 3384 ante
841 3342 965 3398 omncs,
984 3330 1020 3385 ut
1034 3321 1147 3407 signum

130 3413 219 3476 daret
236 3412 427 3492 clamabant,
447 3416 628 3501 experiendi
641 3416 761 3481 animos
776 3415 911 3480 militum
924 3438 1022 3481 causa
1033 3434 1148 3502 parun-

130 3527 187 3591 per
204 3517 357 3585 moratus,
376 3519 543 3593 postquam
562 3509 637 3575 satis
655 3509 825 3595 apparebat
838 3509 950 3595 ingens
965 3510 1067 3588 ardor,
1086 3509 1149 3573 dato

130 3599 258 3665 tandem
275 3601 317 3664 ad
335 3602 561 3689 erumpendum
579 3603 670 3690 signo
688 3603 819 3668 militem
837 3603 966 3667 avidum
980 3598 1150 3668 certaminis

95 3722 112 3768 4
130 3693 251 3758 emittit.
269 3694 370 3780 primo
383 3695 487 3761 statim
500 3697 627 3762 incursu
635 3697 719 3784 pulsi
727 3697 849 3775 hostes3
864 3697 1069 3784 fugientibus,
1082 3716 1152 3781 quo-

130 3787 171 3852 ad
183 3787 308 3871 insequi
319 3788 416 3875 pedes
429 3790 539 3876 potuit,
557 3802 647 3879 terga
661 3815 762 3870 caesa,
782 3814 877 3876 eques
891 3814 993 3876 usque
1006 3793 1153 3857 adcastra

128 3882 261 3968 pavidos
276 3884 349 3970 egit,
371 3907 446 3949 mox
459 3884 529 3971 ipsa
543 3897 646 3952 castra
658 3886 835 3973 legionibus
851 3887 1065 3964 circumdatis,
1084 3904 1152 3953 cum

128 3974 263 4043 Volscos
282 3978 354 4042 inde
372 3979 466 4045 etiam
482 4003 581 4067 pavor
598 3982 783 4068 expulisset,
803 3992 895 4068 capta
912 3982 1105 4068 direptaque.
