2566 4524
112 279 120 300 ,
215 220 447 283 rumosam
460 219 760 282 nmuoauroxuu
773 221 948 281 xmuxu
1050 206 1116 278 547
1208 183 1211 194 ’

375 468 583 532 PERIOOHA
602 469 711 530 LIBRI
730 469 820 531 XIII.

131 619 268 679 Valerius
281 616 429 674 Laevinus
444 615 545 673 consul
557 632 658 686 parum
670 631 808 687 prospere
821 616 960 675 adversus
972 615 1117 688 Pyrrhum

87 697 233 769 pugnavit,
253 694 473 766 elephantorum
485 691 605 748 maxime
617 690 756 749 inusitata
765 691 840 749 isole
853 691 960 750 territis
968 692 1116 751 militibus.

86 780 145 844 post
160 774 192 828 id
204 771 352 844 proelium
370 786 433 825 cum
451 785 573 840 corpora
584 769 791 840 Romanorum,
810 767 860 842 qui
876 769 908 826 in
924 770 986 827 acie
1004 769 1116 828 cecide-

86 856 153 922 rant,
172 848 308 921 Pyrrhus
321 847 489 918 inspiceret,
508 845 603 901 omnia
615 861 699 901 versa
710 845 742 900 in
755 844 868 902 hostem
886 846 1007 920 invenit,
1024 865 1115 919 popu·

84 927 285 998 labundusque
296 925 335 981 ad
342 924 443 979 urbem
451 921 609 978 Romanam
622 921 771 992 processit
807 919 838 978 (ὶ
846 923 1000 981 Fabricius
1012 924 1116 981 missus

82 1006 113 1060 ad
122 1023 189 1061 eum
198 1021 218 1059 a
228 1007 347 1074 senatu,
364 1006 397 1055 ut
406 1001 442 1056 de
454 999 626 1055 redimendis
636 998 757 1068 captivis
765 1005 878 1070 ageret,
897 999 1007 1058 flustra
1019 1008 1054 1058 ut
1065 1020 1116 1074 pa-

81 1082 158 1139 triam
167 1083 428 1149 desereretarege
441 1081 595 1148 temptatus
609 1081 665 1133 est.
701 1075 809 1148 captivi
823 1076 884 1133 sine
897 1078 991 1150 prelio
1005 1080 1117 1135 remissi

79 1167 149 1216 sunt
187 1153 567 1228 CineaslcgatusaPyrrho
581 1153 764 1209 adsecutum
777 1152 881 1209 missus
894 1155 990 1227 petiit,
1009 1161 1116 1214 utcon-

77 1237 233 1308 ponendae
249 1231 333 1305 pacis
346 1248 433 1288 causa
447 1246 497 1287 rex
510 1229 540 1285 in
553 1229 653 1286 urbem
668 1229 851 1302 reciperetur.
887 1234 923 1289 de
938 1250 995 1307 qua
1007 1250 1039 1290 re
1053 1250 1118 1290 cum
1182 1284 1185 1290 .

77 1315 108 1369 sd
126 1309 363 1384 frequentiorem
381 1313 511 1363 senatum
528 1307 629 1366 referri
645 1307 816 1378 placuisset,
839 1307 952 1381 Appius
970 1307 1116 1382 Claudius,

77 1391 119 1463 pui
137 1392 269 1461 propter
285 1385 472 1441 solitudinem
490 1385 637 1440 oculorum
654 1384 710 1438 iam
729 1384 779 1439 diu
797 1385 925 1441 consiliis
942 1387 1066 1457 publicis
1085 1404 1117 1444 se

77 1467 278 1533 obstinuerat‚
296 1461 376 1517 venit
387 1461 417 1516 in
431 1461 538 1518 curiam
546 1465 577 1516 et
585 1460 727 1516 sententia
734 1477 787 1516 sua
795 1463 903 1534 tenuit,
920 1469 954 1518 ut
966 1462 997 1517 id
1006 1464 1117 1534 Pyrrho

77 1547 246 1617 legaretur.
283 1535 335 1594 (ln.
346 1537 491 1593 Domitius
510 1551 611 1593 censor
628 1535 735 1607 primus
754 1538 892 1610 explebe
911 1540 1032 1594 lustrum
1049 1535 1126 1596 con?

77 1620 161 1678 lidit:
183 1633 278 1675 censs
292 1621 359 1671 sunt
371 1614 474 1671 civium
493 1613 588 1685 capita
606 1614 731 1669 ducenta
748 1615 899 1687 octoginta
916 1622 1026 1689 septem
1039 1617 1118 1674 milia

77 1701 206 1756 lucente
228 1692 334 1767 viginti
356 1693 423 1748 duo.
459 1692 560 1747 iterum
581 1691 719 1746 adversus
736 1691 880 1762 Pyrrhum
901 1693 989 1750 dubio
1013 1701 1118 1750 eventu

77 1775 305 1847 augustumest.
342 1785 405 1825 cum
414 1767 700 1839 Carthaginiensibus
715 1774 818 1839 quarto
832 1769 938 1827 foedus
949 1777 1118 1827 renovatum

80 1861 121 1910 st.
163 1867 235 1906 cum
245 1850 277 1904 O.
285 1848 420 1904 Fabricio
432 1846 543 1902 consuli
551 1847 589 1915 is,
609 1846 657 1916 qui
671 1845 708 1901 ad
722 1861 787 1900 eum
800 1847 940 1918 aPyrrho
954 1848 1117 1921 transfuge-

77 1938 128 2000 at,
148 1927 362 2001 polliceretur,
379 1940 520 1981 venenum
534 1939 565 1978 se
577 1923 641 1994 regi
654 1923 799 1991 daturum,
817 1940 881 1979 cum
894 1917 1001 1982 indicio
1020 1927 1061 1983 ad
1071 1944 1117 1984 re-

77 2025 136 2076 :em
160 2003 307 2060 remissus
325 2007 378 2058 est.
416 2017 463 2056 res
484 2005 635 2069 praetereo
657 2005 758 2056 contra
772 2000 909 2058 Lucanos
932 2009 963 2060 et
978 2003 1116 2077 Bruttios,

77 2082 226 2142 lamnites
242 2083 274 2135 et
286 2078 425 2133 Etruscos
438 2092 575 2148 prospere
590 2082 687 2146 gestas
704 2076 841 2134 continet
961 2084 964 2095 '

374 2321 576 2383 PERIOOHA
597 2321 706 2381 LIBRI
725 2321 830 2382 XIIII.

120 2473 264 2549 Pyrrhus
277 2469 309 2526 in
324 2468 449 2526 Siciliam
463 2466 582 2523 traiecit
617 2482 680 2521 cum
694 2467 769 2523 inter
782 2467 840 2523 alia
852 2470 988 2543 prodigia
998 2471 1117 2532 fulmine

77 2555 226 2613 leiectum
245 2551 325 2606 esset
341 2546 371 2600 in
385 2544 527 2616 Capitolio
540 2542 618 2598 Iovis
637 2543 761 2615 signum,
781 2551 868 2616 caput
884 2546 946 2602 eius
963 2566 1016 2620 per
1031 2552 1118 2607 ham.

77 2632 172 2706 pioes
192 2627 344 2682 inventum
362 2628 417 2678 est.
457 2619 559 2676 Curius
574 2619 719 2675 Dentatus
743 2636 806 2675 cum
828 2621 965 2678 dilectum
985 2626 1117 2700 haberet,

77 2712 150 2780 ius,
171 2704 228 2776 qui
246 2701 355 2758 citatus
371 2715 431 2754 non
447 2697 649 2769 responderat,
669 2697 747 2753 bona
762 2697 871 2768 primus
888 2701 1032 2774 vendidit,
1049 2704 1120 2761 item

77 2785 225 2860 ›ynhum
243 2796 280 2835 sx
297 2777 397 2834 Sicilia
412 2776 444 2831 in
460 2773 574 2830 Italiam
594 2789 738 2830 reversum
760 2774 829 2830 vicit
849 2779 880 2832 et
895 2774 983 2835 Italia
1000 2783 1119 2853 expulit,

77 2858 234 2921 'sabricius
244 2853 389 2913 censorP.
399 2849 561 2908 Cornelium
570 2848 703 2904 Rufinum
713 2852 891 2908 consularem
905 2861 1007 2912 senatu
1019 2859 1118 2932 movit,

80 2939 154 2997 uod
170 2937 199 2990 is
215 2934 317 2990 decem
330 2928 442 3003 argenti
455 2927 553 2999 pondo
567 2925 637 2981 facti
645 2923 774 2984 haberet.
810 2929 901 2985 lustro
916 2947 935 2986 a
948 2936 1117 2992 00n50fibu3

77 3007 199 3076 ondito
211 3025 301 3066 censa
310 3013 378 3062 sunt
387 3005 483 3077 capita
491 3003 593 3058 civium
603 3003 728 3058 ducenta
741 3004 925 3075 septuaginta
937 3022 1025 3065 unum
1038 3012 1118 3069 mffia

77 3087 339 3158 ‚urentatriginta
347 3088 493 3156 quattuor.
528 3097 591 3136 cum
599 3080 766 3136 Ptolemaeo
774 3079 899 3153 Aegypti
912 3099 982 3154 rege
992 3089 1117 3144 societas

77 3176 181 3232 uncta
195 3169 252 3223 est.
287 3160 409 3218 Sextilia
422 3160 504 3232 virgo
518 3157 643 3215 Vestalis
656 3158 790 3215 damnata
802 3159 907 3214 incesti
919 3160 987 3218 viva
999 3164 1117 3221 defossa

78 3256 126 3307 st,
166 3241 304 3299 coloniae
323 3238 466 3294 deductae
483 3240 550 3289 sunt
562 3233 720 3290 Posidonia
737 3241 768 3291 et
779 3231 863 3292 Oosa.
899 3235 1116 3310 Carthaginien.

77 3329 149 3383 ium
161 3318 268 3376 classis
277 3313 384 3373 auxilio
394 3309 557 3369 Tarentinis
566 3309 658 3382 venit,
677 3327 734 3383 quo
743 3312 822 3368 facto
832 3311 870 3369 ah
883 3311 928 3367 his
942 3313 1046 3371 foedus
1056 3317 1115 3372 vio-

77 3409 165 3460 atum
182 3401 238 3452 est
273 3411 321 3451 res
334 3395 485 3463 praeterea
499 3392 599 3444 contra
607 3387 741 3443 Lucanos
756 3394 786 3443 et
793 3387 921 3444 Bruttios
936 3397 966 3446 et
974 3390 1116 3449 Samnites

77 3476 207 3537 elicitsr
215 3475 316 3545 gestas
326 3475 356 3525 et
364 3467 468 3539 Pyrrhi
476 3464 554 3536 regis
562 3469 681 3520 mortem
691 3465 826 3521 eontinet.

391 3720 593 3783 PERIOOHA
612 3718 722 3780 LIBRI
741 3719 811 3781 XV.

119 3874 228 3939 Victis
245 3870 411 3931 Tarentinis
429 3884 486 3940 pax
503 3871 533 3922 et
548 3823 667 3923 libertas
685 3865 753 3922 data
769 3871 822 3924 est.
862 3866 940 3939 leglo
959 3865 1114 3942 Campana,

77 3973 149 4038 prae
169 3949 299 4026 Regium
316 3947 521 4019 occupaverat,
544 3944 664 4000 obsessa
682 3941 826 4001 deditione
843 3943 922 3999 facta
940 3944 1032 4000 securi
1049 3961 1115 4015 per·

897 4026 1003 4084 ar·-
