2566 4524
279 273 399 330 urana
415 272 500 344 vnr,
519 271 617 327 14.15.
636 272 856 346 [aoaaaaar]
1018 265 1084 333 413
1144 247 1148 255 ’

67 413 252 510 stalneretur,
285 432 312 495 si
338 430 377 495 de
404 429 536 516 singulis
562 429 746 495 nominatim
771 433 923 499 referrent
948 437 1081 521 populis.

67 530 187 596 relatum
208 528 305 615 igitur
327 526 367 590 de
388 524 521 611 singulis
544 524 775 611 decretumque.
809 528 987 594 Lanuvinis
1006 531 1080 594 civi·
1099 553 1115 599 2

67 646 105 688 :as
121 623 196 688 data
213 642 366 705 sacraque
384 642 443 686 sua
459 619 581 684 reddita
597 641 670 685 cum
688 643 741 699 eo,
764 631 799 686 ut
816 623 910 689 aedes
928 624 1080 709 lucusque

67 716 204 805 iospitae
225 714 356 783 Iunonis
379 715 554 780 communis
576 715 753 781 Lanuvinis
775 717 985 804 municipibus
1008 742 1080 783 eum

67 811 173 899 >opulo
189 811 335 876 Romano
357 819 450 876 esset.
494 808 616 874 Aricini
637 809 888 896 Nomentanique
910 823 941 878 et
957 813 1080 878 Pedani
1099 836 1113 884 a

67 906 166 972 rodem
182 905 252 970 iure
269 926 332 989 quo
349 903 512 970 Lanuvini
528 904 562 968 in
579 903 737 970 civitatem
756 906 885 991 accepti.
925 906 1080 973 Tuscula·
1098 929 1116 976 4

67 1001 102 1067 ris
121 1009 247 1066 servata
264 999 373 1064 civitas
391 1020 487 1082 quam
505 997 676 1076 habebant,
700 999 879 1084 crimenque
899 1000 1079 1067 rebellionis

67 1093 219 1181 lpnblica
234 1092 346 1157 fraude
363 1092 396 1157 in
413 1114 532 1177 paucos
554 1101 696 1158 auctores
719 1114 855 1158 versum.
895 1095 929 1159 in
946 1093 1081 1161 Veliter-
1099 1117 1114 1164 5

67 1211 126 1267 ros,
152 1198 276 1252 veteres
302 1188 387 1252 cives
409 1187 585 1263 Romanos,
612 1187 698 1269 quod
724 1188 837 1254 totiens
864 1188 1077 1267 rebellassent,

67 1281 191 1366 graviter
203 1281 370 1346 saevitum:
390 1290 421 1345 et
434 1282 515 1346 muri
530 1281 641 1345 deiecti
655 1290 686 1346 et
699 1290 825 1347 senatus
838 1282 912 1347 inde
924 1284 1079 1349 abductus

67 1374 195 1460 ussique
211 1384 297 1440 trans
316 1375 458 1440 Tiberim
475 1374 629 1453 habitare,
648 1384 684 1440 ut
701 1376 782 1453 eius,
801 1377 856 1460 qui
874 1378 919 1443 cis
937 1378 1078 1443 Tiberim
1097 1399 1112 1446 6

67 1469 268 1556 leprehensus
287 1479 384 1548 esset,
407 1492 508 1554 usque
526 1471 566 1535 ad
583 1470 668 1534 mille
685 1472 790 1556 pondo
812 1471 973 1559 clarigatio
995 1481 1080 1539 esset

67 1564 212 1651 rec'prius
225 1586 321 1648 quam
334 1586 405 1630 aere
418 1564 577 1650 persoluto
590 1565 618 1630 is
632 1565 686 1648 qui
700 1566 835 1651 cepisset
849 1576 937 1632 extra
953 1568 1079 1632 vincula

67 1667 181 1745 raptum
193 1657 332 1724 haberet.
358 1659 392 1723 in
404 1682 516 1746 agrum
529 1670 708 1724 senatorum
721 1661 824 1726 coloni
840 1662 945 1740 missi,
963 1662 1078 1745 quibus
1097 1683 1112 1729 a

67 1753 218 1839 adscriptis
233 1753 369 1839 speciem
383 1754 528 1837 autiquae
537 1753 729 1838 frequentiae
737 1753 876 1820 Velitrae
885 1766 1078 1841 receperunt.

67 1856 87 1912 rt
98 1847 232 1913 Antium
249 1870 332 1913 nova
350 1847 472 1913 colonia
489 1848 587 1913 missa
604 1871 676 1914 cum
694 1870 746 1928 eo,
764 1859 800 1914 ut
813 1845 996 1915 Antiatibus
1009 1872 1079 1936 per·
1096 1869 1113 1918 8

67 1943 241 2021 nitteretun
269 1944 296 2008 si
318 1953 348 2008 et
369 1944 431 2029 ipsi
453 1943 589 2009 adscribi
611 1944 713 2011 coloni
730 1944 859 2024 vellent3
886 1966 983 2012 naves
1004 1946 1078 2011 inde

67 2058 167 2124 ,ongae
184 2037 329 2116 abactae,
347 2037 608 2123 interdictumque
620 2040 700 2104 mari
712 2037 835 2105 Antiati
847 2041 964 2126 populo
983 2049 1080 2106 estet

67 2130 164 2198 rivitas
183 2132 266 2197 data.
303 2131 451 2197 Tiburtes
464 2132 723 2217 Praenestinique
741 2157 818 2222 agro
834 2135 959 2200 multati
975 2156 1078 2220 neque
1097 2156 1112 2205 9

67 2224 98 2292 rb
117 2247 227 2292 recens
249 2235 371 2291 tantum
392 2226 571 2292 rebellionis
593 2249 758 2293 commune
776 2250 849 2293 cum
866 2229 935 2293 aliis
952 2229 1078 2294 Latinis

67 2321 186 2400 riman,
205 2321 261 2387 sed
276 2321 360 2405 quod
372 2321 475 2387 taedio
487 2322 610 2407 imperii
618 2321 755 2387 Romani
768 2344 840 2387 cum
851 2319 966 2399 Gallis,
985 2331 1079 2409 gente

67 2415 195 2494 sfferata,
214 2438 302 2481 arma
314 2416 473 2500 quondam
486 2415 728 2482 consociassent.
760 2415 870 2481 ceteris
883 2415 1009 2481 Latinis
1022 2438 1080 2502 po-
1098 2436 1131 2483 10

67 2509 135 2575 ›nlis
149 2509 285 2576 conubia
298 2510 545 2595 commerciaque
560 2518 591 2575 et
604 2510 735 2576 concilia
746 2509 828 2575 inter
841 2531 876 2574 se
886 2511 1078 2596 ademerunt.

67 2597 241 2690 Campanis,
265 2606 405 2688 equitum
426 2605 552 2671 honoris
574 2627 684 2684 causa,
706 2605 781 2689 quia
798 2626 870 2669 cum
887 2605 1013 2670 Latinis
1030 2627 1080 2669 re-

67 2697 170 2765 ›ellare
193 2699 380 2778 noluissent,
403 2700 626 2785 Fundanisque
649 2708 680 2765 et
697 2698 889 2778 Formianis,
916 2700 1003 2784 quod
1023 2722 1080 2786 per
1158 2733 1164 2749 ·

67 2788 125 2860 inis
143 2816 252 2860 eorum
269 2804 337 2860 tuta
353 2806 525 2881 pacataque
541 2818 664 2882 semper
675 2794 790 2870 fuisset
801 2796 867 2874 via,
886 2795 997 2861 civitas
1011 2795 1078 2860 sine

67 2888 208 2976 uffiagio
229 2890 310 2955 data
357 2889 517 2956 Cumanos
538 2888 812 2975 Suessulanosque
834 2889 977 2956 eiusdem
999 2889 1077 2954 iuris
1097 2910 1127 2957 11

67 2983 322 3068 ondicionisque,
344 2984 433 3049 ouius
454 2983 611 3070 Capuam,
634 3006 704 3051 esse
721 2984 849 3070 placuit.
893 3005 990 3049 naves
1008 2983 1079 3048 An-
1097 3002 1130 3051 12

67 3073 175 3143 latium
200 3079 316 3164 partim
340 3077 373 3141 in
398 3078 523 3143 navalia
547 3078 668 3146 Romae
695 3077 868 3144 subductae
893 3077 1007 3162 partim
1032 3077 1080 3140 in-

67 3164 178 3252 tensae,
193 3174 499 3257 rostrisqueearum
525 3184 711 3261 suggestum
736 3174 770 3238 in
795 3173 864 3239 foro
886 3179 1080 3237 exstrudum

67 3267 199 3335 domari
215 3268 347 3355 placuit,
365 3278 527 3353 rostraque
544 3269 579 3333 id
595 3268 748 3354 templum
765 3267 965 3354 appellatum.

113 3361 197 3431 XV.
241 3359 281 3430 0.
301 3361 442 3450 Sulpicio
458 3364 589 3450 Longo,
612 3363 649 3427 P.
668 3361 762 3428 Aelio
779 3362 879 3428 Paeto
896 3359 1079 3429 consulibus
1099 3382 1112 3428 1

67 3481 124 3527 um
137 3457 246 3525 omnia
257 3480 321 3524 non
333 3479 409 3544 opes
423 3458 526 3544 magis
535 3458 697 3523 Romanae
711 3478 806 3541 quam
819 3455 980 3523 beneficiis
988 3466 1080 3544 parta

67 3553 154 3623 ratis
174 3551 260 3620 bona
279 3575 359 3639 pace
380 3553 546 3632 obtineret,
572 3553 653 3618 inter
670 3549 829 3619 Sidicinos
845 3550 1080 3637 Auruncosque

67 3651 170 3719 ellum
188 3658 300 3716 ortum.
334 3648 480 3717 Aurunci
497 3649 536 3716 T.
554 3647 676 3716 Manlio
693 3648 872 3715 consulein
889 3649 1079 3716 deditionem
1097 3664 1111 3711 2

67 3744 174 3831 ccepti
190 3743 268 3810 nibil
285 3743 358 3811 inde
374 3754 551 3812 moverant:
578 3765 616 3810 eo
632 3743 761 3831 petendi
777 3744 886 3810 anxilii
903 3742 944 3811 ab
961 3743 1079 3810 Roma·

67 3842 95 3906 is
120 3860 222 3905 cansa
241 3838 353 3906 iustior
372 3838 442 3905 fuit
479 3839 536 3906 sed
556 3839 740 3925 priusquam
762 3838 907 3906 oonnrles
933 3837 974 3904 ab
998 3834 1111 3901 urbes
1216 3872 1219 3878 ι

67 3972 88 3985 -
110 3933 253 4000 iusserat
269 3932 354 4000 enim
371 3942 499 4000 senatus
516 3933 645 4001 defendi
660 3936 830 4001 Auruncos
847 3971 890 3983 -
907 3927 1078 3997 exercitum

67 4029 235 4106 lucerent,
258 4026 345 4095 fama
361 4028 510 4107 adfertur,
530 4027 697 4097 Auruncos
715 4037 802 4094 metu
818 4024 969 4114 oppidum
985 4019 1079 4086 dese-
1094 4039 1112 4086 4
