2566 4524
360 266 762 338 transmissura]
1024 262 1089 329 263

77 436 235 518 idiamque
253 432 304 498 die
322 431 406 496 dicta
423 440 576 497 avertunt
603 431 718 515 quibus
737 431 883 509 dilectus,
901 431 1017 516 quibus
1035 434 1088 498 111-
1107 454 1123 503 5

76 542 175 607 utum,
184 525 303 612 quibus
312 527 433 593 diutina
441 527 552 592 militia
559 527 835 613 longinquitasque
843 527 918 593 belli
927 528 1088 614 sitgravis‚

77 625 105 688 ui
119 623 212 688 clade
225 632 355 708 accepta
368 620 516 687 adVeios
531 621 670 700 doleant,
685 623 740 706 qui
752 621 877 687 amissis
891 622 1011 701 liberis,
1026 624 1089 688 fra-

77 718 168 795 ibus,
187 716 387 803 propinquis,
406 715 561 781 adfinibus
575 715 726 802 lugubres
740 717 851 782 domos
869 715 1020 795 habeant,
1038 717 1089 782 his

77 812 172 878 ublici
186 812 363 920 privatique
377 811 492 877 doloris
507 811 699 895 exsequendi
716 811 765 876 ius
783 822 1032 898 potestatemque
1050 835 1091 877 ex

77 906 180 972 uobus
199 906 303 971 noxiis
321 904 476 992 capitibus
494 906 601 971 datam
619 905 658 971 ab
677 929 711 971 sc
728 915 912 971 memorant.
948 907 1089 972 omnium
1108 928 1123 975 c

77 1023 193 1100 amque
211 1000 392 1065 malorum
383 1024 417 1064 1n
431 998 545 1086 Sergio
560 999 774 1087 Verginioque
792 1023 905 1065 causas
924 1023 1008 1081 essc;
1030 1024 1090 1066 nec

77 1097 85 1160 l
102 1104 234 1161 accusa
234 1117 321 1159 orem
339 1094 441 1181 magis
460 1116 591 1181 arguere
610 1117 704 1178 quam
722 1094 814 1159 fateri
832 1117 917 1173 reos,
937 1095 991 1178 qui
1003 1095 1091 1159 noxii

77 1189 162 1267 mbo,
191 1188 236 1252 alt
224 1198 271 1252 ter
292 1188 325 1252 in
347 1188 390 1252 al
378 1200 479 1253 erum
506 1210 634 1254 oausam
660 1188 835 1267 conferant,
810 1189 974 1275 tfugam
997 1187 1091 1275 Sergi

77 1282 242 1368 erginius,
264 1280 395 1369 Sergius
413 1283 647 1368 proditionem
638 1305 803 1369 increpans
822 1237 975 1370 Verginii.
1012 1305 1091 1366 quo·
1110 1306 1124 1352 7

77 1400 127 1440 um
144 1377 225 1441 adeo
243 1376 457 1441 incredibilem
475 1377 643 1443 amentiam
660 1376 775 1455 fuisse,
794 1387 830 1441 ut
847 1377 946 1443 multo
964 1377 1030 1441 veri
1049 1377 1091 1441 si·

77 1471 161 1536 cilius
181 1470 235 1548 sit,
256 1481 406 1556 conpecto
424 1493 494 1535 eam
511 1494 579 1536 rem
597 1482 628 1536 et
646 1472 805 1536 communi
822 1471 933 1537 fraude
946 1471 1092 1556 patricio-

77 1587 131 1629 um
151 1573 267 1630 actam.
303 1564 343 1629 ab
366 1565 415 1629 his
438 1576 469 1629 et
489 1566 577 1651 prius
596 1565 705 1630 datum
722 1565 828 1630 locum
845 1565 1032 1631 Veientibus
1051 1566 1093 1631 ad
1109 1585 1126 1634 8

77 1659 257 1724 ucendenda
279 1681 374 1743 opera
395 1658 469 1723 belli
491 1659 634 1724 trahendi
656 1682 753 1724 causa
775 1670 806 1726 et
826 1683 911 1725 nunc
932 1661 1092 1745 proditum

77 1753 242 1831 exercitum,
262 1752 375 1817 tradita
388 1751 521 1818 Faliscis
536 1753 681 1818 Romana
699 1764 810 1818 castra.
835 1754 940 1818 omnia
956 1754 1037 1830 fieri,
1057 1763 1092 1817 ut
1110 1774 1124 1820 a

78 1856 266 1913 consenescat
288 1847 328 1911 ad
345 1845 444 1912 Veios
466 1847 613 1912 iuventus
634 1870 693 1912 nec
710 1849 750 1912 de
773 1848 857 1934 agris
879 1869 939 1912 nec
960 1847 1000 1911 de
1022 1846 1091 1912 aliis

81 1942 233 2007 commodis
252 1941 354 2027 plebis
372 1942 453 2006 ferre
471 1942 512 2006 ad
528 1942 681 2027 populum
699 1942 829 2020 tribuni,
848 1941 1024 2025 frequentia
1040 1964 1094 2006 ur-

82 2031 146 2102 bana
165 2036 323 2102 celebrare
341 2036 479 2101 actiones
498 2045 529 2100 et
546 2036 690 2102 resistere
708 2037 931 2123 conspirationi
948 2037 1094 2121 patricio-

84 2150 136 2194 mm
147 2131 277 2216 possint.
309 2130 536 2216 praeiudicium
548 2131 610 2195 iam
630 2131 669 2194 de
687 2132 748 2198 reis
768 2142 798 2197 et
816 2131 856 2195 ab
875 2140 986 2196 senatu
1004 2140 1035 2195 et
1053 2131 1092 2196 ab
1114 2151 1145 2198 10

85 2227 180 2310 populo
197 2225 343 2290 Romano
361 2234 392 2290 et
410 2224 450 2290 ab
467 2225 608 2310 ipsorum
626 2225 755 2311 collegis
774 2224 894 2288 factum
912 2246 995 2289 esse:
1017 2248 1093 2289 nam
1114 2249 1144 2294 11

87 2327 110 2381 11
123 2328 241 2384 senatus
261 2319 403 2384 consulto
422 2341 476 2384 eos
494 2318 535 2383 ab
552 2341 586 2382 re
603 2318 731 2404 publica
748 2329 884 2382 remotos
903 2338 973 2381 esse
992 2326 1023 2381 11
1044 2340 1094 2383 11-

87 2424 210 2479 ouantes
228 2413 375 2479 abdicare
389 2435 423 2477 se
436 2414 622 2500 magistratu
636 2412 795 2477 dictatoris
809 2421 895 2477 metu
909 2411 949 2476 ab
964 2412 1093 2498 collegis

88 2508 214 2573 coercitos
232 2530 304 2574 esse
322 2517 353 2573 et
369 2507 521 2594 populum
534 2507 714 2572 Romanum
727 2507 869 2573 tribunos
883 2528 1020 2583 creasse,
1040 2507 1095 2590 qui

89 2621 137 2664 non
145 2603 250 2668 Idibus
264 2602 512 2681 Decembribus,
532 2603 582 2668 die
601 2603 758 2680 sollemni,
778 2603 835 2666 sed
848 2601 1005 2686 extemplo
1018 2601 1093 2665 Kal.

90 2689 258 2763 Octobribus
276 2697 497 2784 magistratum
515 2697 705 2783 occiperent,
724 2696 799 2780 quia
817 2706 899 2761 stare
913 2696 1030 2761 diutius
1044 2718 1094 2761 res

89 2789 193 2873 publica
204 2794 254 2858 1111
268 2784 466 2858 manentibus
480 2793 514 2856 in
527 2793 713 2879 magistratu
726 2815 790 2857 non
802 2801 918 2877 posset.
946 2802 977 2856 et
989 2801 1095 2856 tamen
1114 2809 1143 2857 12

91 2902 132 2950 111
139 2896 180 2952 tot
186 2887 310 2953 iudiciis
320 2887 485 2952 confossos
498 2888 802 2973 praedamnatosque
815 2887 921 2952 venire
935 2887 976 2951 ad
987 2885 1098 2972 populi

90 2973 218 3046 indicium
237 2993 269 3047 et
286 2981 479 3059 existimare,
499 2982 664 3047 defunctos
683 3004 718 3046 se
735 3003 806 3047 esse
825 2981 963 3065 satisque
981 3003 1098 3066 poena

91 3076 284 3155 mndedisse,
303 3077 388 3161 quod
400 3075 523 3141 duobus
538 3076 699 3141 mensibus
714 3074 805 3139 citius
813 3074 927 3160 privati
935 3074 1011 3138 facti
1025 3074 1096 3151 sint,

94 3175 174 3250 neque
183 3171 372 3256 intellegere,
386 3170 520 3235 nocendi
534 3168 594 3234 sibi
608 3170 724 3233 diutius
737 3180 803 3232 tum
812 3177 1000 3254 potestatem
1009 3188 1098 3250 ercp·
1117 3184 1148 3230 13

92 3265 234 3344 11111111,
253 3287 317 3329 non
333 3286 469 3350 poenam
481 3264 669 3350 inrogatam:
688 3263 804 3348 quippe
819 3271 849 3326 et
862 3259 991 3345 collegis
1006 3257 1097 3323 abro-

93 3361 360 3462 gctcmimperium,
370 3359 425 3442 qui
434 3369 516 3423 certe
525 3358 603 3422 nihil
612 3358 825 3440 deliquissent.
843 3356 914 3420 illos
923 3361 1099 3440 repeterent
1117 3370 1150 3418 14

94 3448 190 3518 animos
200 3453 350 3537 Quirites,
364 3475 444 3536 quos
453 3463 558 3518 recent
546 3453 667 3517 ticlade
676 3462 805 3537 accepta
818 3449 1011 3528 habuissent,
1026 3471 1099 3514 cum

95 3537 322 3646 lugauep1dum‚
336 3547 464 3633 plenum
473 3546 637 3612 volnerum
645 3569 683 3611 ac
695 3568 812 3632 pavore
825 3544 963 3608 incident
951 3553 1014 3608 tem
1026 3564 1100 3628 por-

96 3631 296 3708 ltexercitum
304 3642 439 3707 viderint
426 3652 515 3707 non
524 3643 751 3707 fortunam
697 3652 751 3706 aut
759 3662 949 3725 quemquam
958 3639 1098 3717 deorum,

98 3731 139 3795 1111
151 3734 204 3804 111
221 3739 318 3803 duces
337 3748 546 3804 accusantem.
577 3760 634 3822 pro
648 3746 732 3802 certo
746 3757 780 3801 se
793 3734 923 3813 habere,
942 3733 1099 3798 neminem
1119 3751 1151 3799 15

98 3839 122 3884 n
134 3833 265 3898 contione
283 3841 380 3911 stare,
398 3855 453 3916 qm
443 3832 520 3897 illo
534 3831 584 3896 die
596 3854 660 3896 non
675 3839 782 3916 caput,
756 3831 930 3895 tdomum
943 3827 1101 3892 fortunas-

100 3923 189 3994 11111.
203 3926 348 4014 Verginii
365 3949 402 3991 ac
415 3925 471 3991 Μ’.
487 3924 581 4013 Sergi
611 3926 651 3989 sit
677 3935 799 3989 execrat
801 3948 837 3990 us
788 3925 909 3988 ttde
897 3931 989 3988 testat
989 3941 1099 4004 usquc.

99 4012 200 4090 milline
218 4024 398 4104 convenire,
417 4022 554 4108 quibus'
545 4045 592 4088 rra
592 4031 640 4087 tos
654 4021 788 4106 quisque
802 4021 878 4086 deos
891 4027 1036 4104 precatus
1049 4015 1100 4094 sit,
1121 4035 1153 4085 11
