2566 4524
340 281 458 337 Lissa
475 282 511 354 v,
528 280 571 336 ιο.
584 281 627 337 41.
647 285 684 351 [ι.
695 282 799 352 csso]
1023 273 1085 338 291

76 440 134 505 ihil
152 440 238 524 quod
254 439 400 505 humanis
418 448 597 526 superesset
614 440 705 505 malis
718 440 943 526 relinquebant
971 464 1120 531 magnae

76 559 129 599 ars
147 545 255 600 tamen
272 557 380 600 earum
396 534 429 600 in
447 557 551 599 arcem
569 557 644 599 suos
661 546 843 620 persecutae
858 546 931 601 sunt
943 559 1003 602 nec
1014 560 1087 624 pro-

76 629 183 693 ibente
210 628 275 694 ullo
300 651 360 694 nec
385 638 530 706 vocante,
557 629 645 712 quia,
673 630 758 714 quod
779 629 855 694 utile
881 630 1019 697 obsessis
1046 633 1087 697 ad
1121 652 1124 657 ’

76 723 259 788 ninuendam
284 721 431 787 inbellem
456 722 701 802 multitudinem,
726 723 760 788 id
781 747 893 811 pamm
914 725 1087 791 humanum

76 813 141 881 erat(
170 817 232 882 alia
257 816 393 881 maxime
418 815 520 902 plebis
547 816 651 894 turba,
679 839 775 900 quam
800 841 859 884 nec
886 841 997 906 capere
1023 832 1120 888 tame

76 911 192 998 exiguus
212 910 300 975 collis
318 933 377 975 nec
395 909 477 974 alere
494 909 527 973 in
549 919 636 974 tanta
657 910 763 997 inopia
784 911 932 977 frumenti
953 925 1085 999 poterat,

76 1027 103 1069 rx
126 1004 202 1071 urbe
229 1005 332 1069 effusa
356 1004 442 1069 velut
468 1004 593 1089 agmine
619 1005 682 1068 iam
704 1028 767 1069 uno
788 1007 878 1091 petiit
899 1007 1085 1072 Ianiculum.

76 1099 131 1163 inde
145 1122 218 1185 pars
238 1123 294 1184 per
315 1122 408 1186 agros
431 1099 557 1184 dilapsi,
583 1122 656 1185 pars
680 1098 774 1164 urbes
796 1111 907 1186 petunt
927 1102 1084 1181 finitimas,
1105 1125 1119 1172 a

77 1193 127 1258 sine
150 1194 214 1258 nllo
241 1194 321 1258 duce
347 1204 401 1258 aut
427 1216 596 1271 consensu,
624 1217 714 1258 suam
740 1194 872 1278 quisque
898 1218 1001 1281 spem,
1029 1219 1087 1262 sua

79 1288 186 1353 consilia
213 1287 431 1353 communibus
458 1289 627 1375 deploratis
650 1299 867 1372 exsequentes.
903 1289 1017 1354 flamen
1038 1292 1118 1357 ιιι-7

78 1383 146 1446 terim
157 1382 329 1465 Quirinalis
340 1382 542 1469 virginesque
549 1382 696 1447 Vestales
710 1382 828 1448 omissa
840 1406 943 1448 rerum
958 1408 1086 1450 suarum

78 1495 147 1553 cura,
165 1499 247 1560 quae
266 1499 425 1541 sacrorum
443 1499 551 1541 secum
568 1476 712 1555 ferenda,
735 1499 829 1561 quae,
853 1478 927 1562 quia
944 1478 1027 1544 vires
1045 1480 1086 1544 ad

78 1572 162 1635 onnia
187 1570 317 1635 ferenda
343 1572 485 1647 deerant,
511 1570 716 1654 relinquenda
741 1581 847 1637 essent
873 1572 1085 1638 consultantes

78 1664 167 1744 quisve
182 1687 218 1728 ea
232 1664 320 1729 locus
334 1665 419 1729 fideli
432 1666 653 1729 adservaturus
668 1665 811 1730 custodia
824 1676 917 1743 esset,
932 1668 1085 1752 optimum
1103 1685 1119 1733 8

78 1755 174 1822 ducunt
191 1760 317 1823 condita
333 1760 366 1823 in
379 1758 502 1823 doliolis
516 1759 631 1824 sacello
644 1759 788 1844 proximo
802 1759 934 1824 aedibus
948 1760 1083 1824 flaminis

79 1847 243 1931 Quirinalis,
266 1853 321 1918 ubi
343 1875 426 1917 nunc
449 1853 559 1939 despui
581 1853 691 1940 religio
709 1861 771 1932 est,
794 1852 954 1932 defodere3
982 1864 1086 1919 cetera

79 1942 139 2010 inter
154 1970 187 2012 se
206 1969 299 2012 onere
316 1947 430 2033 partito
398 1948 553 2011 ttferun
540 1948 630 2025 tria,
649 1969 729 2031 quae
744 1947 876 2012 sublicio
890 1957 967 2033 pont
968 1971 985 2011 e
956 1947 1085 2012 tducit

80 2038 369 2106 edlaniculum.1n
392 2064 429 2106 eo
448 2041 528 2106 clivo
547 2064 600 2106 eas
619 2064 691 2105 cum
708 2041 750 2104 L.
768 2039 917 2106 Albinius
936 2042 975 2106 de
993 2042 1117 2128 plebea

78 2127 201 2200 Romana
217 2137 312 2200 homo
331 2134 561 2220 conspexisset,
579 2135 719 2222 plaustro
737 2136 903 2222 coniugem
917 2160 954 2201 ac
966 2136 1082 2202 liberos

78 2221 189 2309 babens,
209 2231 290 2295 inter
307 2241 442 2296 ceteram
460 2231 597 2308 turbam,
617 2253 697 2314 quae
710 2230 828 2294 inutilis
844 2230 925 2294 bello
938 2230 1015 2296 urbe
1030 2254 1085 2295 ex·

78 2323 200 2402 cedebat,
225 2324 366 2391 salvet
336 2326 430 2391 etiam
453 2335 519 2389 tum
543 2325 720 2390 discrimine
739 2324 912 2388 divinarum
931 2323 1084 2390 humana—
1103 2345 1135 2392 ιο

77 2433 185 2500 rumque
216 2441 320 2483 rerum
349 2418 563 2505 inreligiosum
594 2429 695 2496 ratus,
732 2418 908 2483 sacerdotes
939 2419 1083 2504 publicos

78 2528 206 2612 ucraque
223 2513 331 2598 populi
349 2513 485 2578 Romani
502 2513 663 2599 pedibus
654 2535 699 2577 1re
717 2512 866 2596 ferrique,
891 2534 925 2577 se
948 2534 985 2577 ac
1008 2535 1083 2578 suos

78 2621 102 2664 1¹1
113 2607 250 2672 vehiculo
269 2608 420 2717 conspici,
440 2608 629 2672 descendere
648 2629 778 2672 uxorem
796 2629 833 2671 ac
849 2629 964 2692 pueros
981 2606 1082 2685 iussit,

78 2694 192 2786 uigines
212 2724 362 2785 sacraque
380 2702 413 2765 in
429 2702 631 2787 plaustrum
621 2701 761 2788 mposuit
775 2710 806 2766 et
816 2700 930 2780 Caere,
949 2723 1011 2785 quo
1024 2701 1083 2765 iter

80 2797 272 2862 sacerdotibus
292 2807 371 2874 erat,
389 2796 541 2882 pervexit

124 2889 297 2956 XXXXI.
324 2891 446 2956 Romae
459 2890 584 2955 interim
599 2889 674 2956 satis
687 2891 751 2955 iam
765 2889 911 2955 omnibus
929 2899 964 2954 ut
980 2888 1013 2954 in
1030 2889 1085 2954 tali
1103 2910 1116 2956 1

78 2999 103 3046 rt
118 2988 154 3053 ad
173 2989 323 3054 tuendam
345 3011 449 3053 arcem
472 2986 688 3074 compositist
675 2986 767 3052 turba
789 2986 946 3050 seniorum
973 2984 1083 3050 domos

79 3093 199 3164 Ngtessa
221 3084 391 3148 adventum
412 3082 550 3147 hostium
573 3081 730 3146 obstinato
752 3080 793 3144 ad
819 3087 951 3143 mortem
978 3079 1083 3142 animo

80 3177 267 3272 pensabat
296 3176 351 3261 qui
364 3198 472 3241 eorum
490 3175 614 3240 curules
632 3183 796 3262 gesserant
813 3171 915 3258 magis
916 3181 1029 3246 t,ratus
1048 3182 1083 3233 ut
1101 3187 1115 3233 a

78 3256 103 3326 ln
121 3269 256 3336 fortunae
278 3270 427 3356 pristinae
448 3271 665 3380 honorumque
686 3277 740 3334 aut
761 3265 884 3330 virtutis
906 3262 1082 3349 insignibus

78 3373 254 3441 murentur,
274 3387 356 3449 quae
370 3388 470 3451 augus
472 3365 594 3430 tissima
606 3363 704 3428 vestis
718 3372 767 3427 est
780 3370 885 3425 tensas
896 3357 1082 3423 ducentibus

78 3451 372 3546 ffiumphantibusva
395 3482 434 3525 ea
450 3470 520 3524 vest
508 3459 556 3523 titi
573 3458 677 3522 medio
699 3456 824 3521 aedium
848 3453 975 3519 eburnis
998 3453 1082 3519 sellis

78 3548 173 3620 suere.
210 3564 283 3620 sunt
309 3555 364 3638 qui
384 3552 432 3618 M.
455 3552 557 3619 Fabio
584 3551 731 3638 pontifice
757 3549 895 3615 maximo
921 3547 1115 3634 praefantes

78 3654 178 3713 otemen
196 3649 364 3714 devovisse
383 3671 436 3714 eos
455 3670 489 3713 se
502 3670 560 3758 pro
572 3647 673 3733 patria
684 3644 920 3728 Qumubusque
929 3640 1083 3707 Romanis

78 3733 185 3808 bant.
231 3741 330 3822 Galli,
358 3754 389 3808 et
415 3743 489 3828 quia
512 3741 697 3828 interposita
721 3753 813 3805 nocte
840 3763 859 3804 a
885 3738 1114 3802 contentiones

78 3837 178 3917 Pugnae
203 3838 387 3904 remiserant
413 3838 533 3902 animos
560 3847 592 3901 et
617 3836 703 3922 quod
727 3856 787 3899 nec
811 3832 845 3897 in
866 3831 932 3897 acie
951 3827 1082 3939 ancipiti

78 3928 187 4013 ¹¹⁸qu
210 3942 403 3999 certaverant
419 3931 542 4043 proelio
560 3953 619 3996 nec
636 3940 704 3995 tum
720 3929 804 4014 impe
806 3938 840 3992 tu
858 3936 912 3992 aut
929 3925 961 3988 vi
978 3921 1080 4007 capie-

159 4025 283 4106 urbem,
320 4028 387 4094 sine
418 4028 478 4106 ira,
516 4027 583 4091 sine
609 4025 720 4091 ardore
747 4022 921 4086 animorum
945 4013 1080 4103 ingressi
1130 4068 1133 4073 ,

857 4118 909 4172 19*
