2566 4524
145 253 211 321 382
398 260 516 317 ursus
532 259 718 330 11113111.
737 256 923 368 ponatur]

146 424 259 513 dignos
277 429 384 488 censet
402 426 544 496 senatus,
563 416 677 483 sedita
689 414 856 482 vobiscum
869 415 1042 483 amicitiam
1056 416 1159 482 institui

145 540 203 606 par
224 526 286 596 est,
299 538 353 581 ne
375 536 439 600 qua
463 511 617 579 vetustior
642 510 779 578 amicitia
804 532 842 577 ao
869 510 1006 579 souietas
1030 511 1158 578 violetur.

148 610 307 679 Samnites
333 608 500 676 nobiseum
530 606 657 673 foedere
685 606 786 672 innoti
815 615 899 673 sunt
943 607 1053 693 itaque
1080 628 1161 685 arura,

147 707 224 773 deos
249 704 338 792 prius
360 724 456 788 quam
477 700 621 767 homines
644 698 812 778 violeturne,
839 700 996 767 adversus
1019 698 1162 768 sanutus

112 798 237 871 svobis
255 818 424 885 negamus:
451 796 588 884 legatos,
617 796 699 861 siout
717 794 771 861 fas
790 795 906 881 iusque
928 804 993 875 est,
1016 796 1060 863 ad
1076 795 1163 863 sodon

147 903 241 977 atque
259 891 378 958 amieos
395 900 557 978 precatum
578 889 753 970 mittemus,
779 912 820 956 ne
842 912 906 975 qua
925 890 1022 957 vobis
1040 890 1087 957 uis
1100 888 1165 955 dat'

147 988 189 1054 ad
214 1010 253 1054 ea
277 987 423 1074 princeps
448 984 615 1073 legationis
638 1023 680 1034 —
703 984 750 1051 siu
771 984 855 1050 enim
877 985 977 1051 domo
996 984 1163 1052 mandatnm

148 1080 314 1149 attulerant
332 1119 374 1130 -
393 1078 532 1165 ‘quando
551 1077 694 1165 quidem’
709 1078 811 1164 inquit
829 1083 954 1145 ‘nostra
971 1078 1055 1146 tueri
1071 1078 1165 1145 adun·

112 1181 670 1354 odileridildiiquilablilinpibbffi
686 1172 1166 1355 Sagirinbllmhiirbveinsiqiiemae
1199 1288 1201 1297 ·

148 1386 259 1451 puam,
278 1384 385 1452 agros,
404 1361 536 1428 delubra
552 1362 661 1440 deum,
680 1361 787 1427 <divina
802 1360 1006 1446 humanaque
1023 1360 1166 1427 omniain

147 1468 298 1537 vestram,
325 1466 431 1544 patres
458 1455 640 1542 conscripti,
671 1456 842 1544 populique
864 1455 1005 1522 Romani
1031 1454 1165 1523 ditionem

148 1552 307 1630 dedimus,
334 1550 486 1636 quidquid
507 1550 621 1616 deiude
642 1551 799 1637 patiemur
817 1550 961 1617 dediticii
981 1550 1082 1617 uestri
1104 1570 1165 1637 pen·

114 1668 129 1716 5
148 1644 232 1712 suri!
259 1644 318 1710 sub
335 1644 415 1710 haee
432 1644 516 1710 diota
533 1666 642 1710 omnes
659 1666 772 1711 uranus
790 1644 831 1710 ad
849 1644 995 1711 eonsules
1014 1645 1164 1712 tendentes

115 1762 129 1810 o
149 1738 235 1827 pleni
251 1738 450 1804 lacrimarum
467 1739 500 1803 in
516 1738 673 1804 vestibulo
691 1739 796 1804 euriae
812 1738 1061 1826 procubuerunt.
1094 1760 1164 1806 uon·

148 1833 226 1899 moti
241 1840 347 1920 patres
365 1833 434 1898 vioe
451 1832 648 1898 fonunamm
668 1831 892 1911 humanarum,
920 1833 949 1898 si
971 1832 1027 1899 ille
1046 1852 1163 1921 praepo·

148 1938 218 1993 tens
241 1926 354 2012 oprbus
376 1927 527 2013 populus,
554 1927 679 1993 luxuria
701 1926 909 2014 superbisque
931 1927 1054 2008 danus,
1076 1942 1165 2015 aque

148 2020 244 2107 paulo
267 2030 340 2086 ante
358 2020 509 2085 auxilium
527 2020 650 2086 finitimi
666 2022 834 2109 petissent,
856 2022 938 2089 adeo
954 2020 1108 2090 mfiaoto's
1120 2038 1164 2111 ge·

148 2122 231 2180 reret
251 2112 388 2192 animos,
415 2123 451 2178 ut
471 2115 592 2200 seipse
613 2136 735 2201 suaque
753 2116 858 2182 omnia
872 2118 1045 2203 potestatis
1061 2116 1164 2183 suma

115 2230 129 2277 1
148 2209 274 2275 faceret.
318 2216 385 2273 tum
407 2207 470 2273 iam
487 2208 566 2273 fides
584 2209 637 2296 agi
653 2210 737 2290 visa,
757 2210 885 2277 deditos
905 2230 974 2276 non
993 2211 1100 2298 prodi,
1117 2218 1164 2275 net

149 2303 307 2369 facturum
324 2320 426 2388 aequa
440 2299 629 2368 Samnitium
645 2304 798 2391 populum
816 2303 1002 2383 censebant,
1023 2305 1054 2371 si
1069 2314 1163 2392 agrum

146 2396 320 2482 urbemque
336 2418 393 2484 per
409 2396 599 2462 deditionem
616 2397 733 2463 saetam
746 2398 854 2486 populi
863 2398 1002 2464 Romani
1012 2416 1162 2487 oppugno·

113 2500 224 2562 arent.
259 2490 380 2578 legatos
397 2490 505 2576 itaque
521 2491 680 2578 extemplo
702 2492 784 2557 mitti
805 2492 846 2558 ad
864 2489 1029 2559 Samnites
1051 2490 1160 2580 platan

148 2588 222 2652 duta
235 2587 397 2664 mandata,
416 2596 451 2651 ut
463 2606 572 2672 preces
583 2585 828 2674 Campanorum,
845 2608 1041 2674 responsum
1051 2596 1162 2656 senatur
1200 2650 1201 2655 ,

148 2682 304 2748 amicitiae
319 2679 509 2747 Samnitium
526 2702 655 2761 memor,
674 2682 863 2749 deditionem
880 2690 1046 2769 postremo
1063 2684 1161 2750 iaetu

114 2797 128 2846 9
149 2774 345 2842 Samnitibus
360 2785 560 2861 exponerent,
578 2786 720 2863 peterent
731 2798 789 2865 pro
803 2777 954 2856 sotietate
968 2779 1161 2863 amicitiaque

148 2878 183 2933 ut
201 2869 355 2934 deditiffis
374 2870 1030 2961 suisparoereutnerpreineumagrum,
1051 2874 1161 2959 quipe·

97 2984 130 3032 ro
146 2963 213 3049 puli
226 2962 362 3029 Romani
379 2963 483 3031 faetus
500 2974 599 3045 esset,
616 2965 743 3033 hostffia
761 2988 847 3034 arma
862 2966 1030 3034 inferrent
1059 2962 1160 3036 sileni·

147 3067 195 3123 ter
219 3059 343 3146 agendo
367 3078 480 3146 panum
505 3060 706 3147 profluerent,
732 3060 953 3127 denuntiarent
981 3059 1159 3128 ammata

146 3154 255 3240 populi
272 3154 410 3220 Romani
429 3163 621 3240 senatusque
644 3155 764 3235 verbis,
789 3165 827 3221 ut
849 3153 965 3241 oopus
981 3152 1160 3223 1111011
1198 3210 1201 3224 .

97 3269 127 3315 11
146 3268 293 3334 paruoque
310 3268 387 3336 agro
404 3247 606 3314 abstinerent.
636 3249 716 3315 baeu
732 3249 845 3339 legatis
863 3246 1038 3339 agentibus
1055 3250 1089 3316 in
1100 3264 1158 3315 out·

147 3342 218 3406 cilio
246 3339 436 3407 Samnitium
466 3342 546 3408 adeo
572 3350 621 3409 est
646 3340 793 3409 ferociter
817 3358 1025 3429 responsum,
1054 3352 1092 3409 ut
1111 3348 1158 3406 m

149 3432 251 3499 solum
268 3443 413 3521 gesturos
432 3458 466 3502 se
484 3457 555 3503 esse
569 3436 711 3504 dioesent
728 3436 764 3501 id
778 3435 910 3514 bellum,
936 3436 996 3502 sed
1013 3432 1156 3527 maguae

98 3548 129 3596 12
148 3535 199 3592 lus
226 3549 335 3594 eorum
354 3552 374 3595 e
396 3532 483 3597 ouria
503 3532 637 3620 egressi,
665 3530 820 3598 stantibus
842 3528 973 3621 legatis,
994 3528 1155 3620 'praestolet
1196 3610 1201 3621 Ι

149 3621 324 3690 cohortium
342 3635 489 3692 vetarent
505 3627 608 3712 iisque
619 3626 799 3693 elarauuee
814 3626 1024 3714 imperarent,
1039 3634 1155 3713 etp*
1196 3628 1199 3635 '

146 3716 254 3783 datum
270 3719 304 3784 in
322 3742 433 3808 agrum
452 3719 652 3811 Oampauum
668 3721 826 3808 extemplo
842 3719 1120 3808 pmfieise'erentn·
1199 3724 1201 3777 ἶ

115 3833 127 3878 1
210 3809 366 3880 XXXH.
406 3814 479 3881 Hae
500 3815 657 3904 legatione
677 3815 817 3881 Romam
835 3814 949 3895 relata,
976 3814 1088 3903 positis
1101 3822 1153 3877 11·

146 3907 233 3974 mum
253 3908 386 3976 alianum
407 3928 511 3976 rerum
533 3912 617 3978 omis
638 3920 758 3998 patros,
779 3908 944 3979 latialibus
961 3910 1005 3980 ad
1016 3930 1071 3978 uss
1083 3916 1153 3993 sept·

146 4002 256 4070 tendas
279 4003 387 4072 missis
412 4003 572 4092 tetroque,
600 4007 674 4092 quia
693 4026 760 4073 uon
782 4006 1007 4089 redderentur,
1030 3990 1153 4075 affl
1199 4080 1201 4085 ,
