2566 4524
141 262 143 266 ’
166 254 232 320 402
450 262 568 319 LIBER
585 260 671 332 VIII,
690 261 714 316 6.
734 264 773 331 [a
783 277 810 316 u
821 258 919 332 aare]

134 447 153 496 4
171 427 352 511 Torquatus
375 423 492 489 missus
515 420 555 488 ab
579 429 691 486 senatu
708 419 750 486 ad
765 418 971 488 dimittendos
988 421 1111 510 legatos
1127 443 1188 489 cum

168 522 323 588 iacentem
340 518 484 585 Annium
500 515 645 594 vidisset,
668 514 837 594 exclamat,
855 513 901 581 ita
917 524 954 580 ut
970 516 1092 604 populo
1107 517 1188 605 paui·

169 616 294 701 busque
311 614 419 680 audita
435 634 499 679 vox
515 611 632 699 pariter
649 609 704 676 sit:
727 607 822 675 ‘bene
838 608 949 691 habet3
968 611 1013 677 dii
1030 612 1119 700 pium
1133 634 1188 678 mo·

134 731 243 782 overe
268 708 396 776 bellum.
441 716 490 773 est
515 705 650 772 caeleste
675 726 807 784 numen,
837 725 872 771 es
898 727 1016 794 magne
1042 706 1187 795 Iuppiter:

170 806 247 871 haut
259 803 377 869 frustra
390 810 421 868 te
433 809 556 888 patrem
569 801 664 867 deum
681 797 907 885 hominumque
924 800 987 867 hao
1005 801 1085 868 sede
1101 823 1188 870 sacra·
1227 880 1229 889 Ι

136 900 285 969 evimus.
329 897 406 982 quid
427 895 573 974 cessatis,
596 893 736 978 Quirites
752 916 875 981 vosque
891 903 1000 982 patres
1025 896 1186 982 conscripti,

171 989 260 1061 arma
277 1013 388 1081 capere
406 991 474 1058 deis
488 989 642 1058 ducibus?
663 989 710 1055 sie
726 998 841 1056 stratas
853 989 997 1078 legiones
1013 991 1186 1059 Latinorum

139 1089 270 1168 adabo,
306 1085 572 1173 quemadmodum
602 1084 743 1172 legatum
771 1084 927 1151 iacentem
962 1085 1101 1154 videtis?
1142 1085 1187 1151 ad·

173 1206 269 1253 sensu
289 1181 399 1270 populi
420 1189 552 1268 excepta
575 1202 636 1247 vox
653 1178 792 1247 consulis
809 1188 931 1246 tantum
949 1181 1074 1249 ardoris
1090 1179 1185 1248 animis

170 1279 261 1359 fecit,
284 1286 320 1342 nt
335 1277 458 1364 legatos
475 1273 711 1363 proficiscentes
728 1296 805 1341 cura
825 1276 1070 1363 magistratuum
1090 1274 1186 1362 magis,

171 1373 227 1461 qui
248 1373 339 1439 iussu
360 1370 498 1439 consulis
520 1368 799 1456 prosequebantur,
821 1368 985 1456 quamius
1002 1367 1186 1459 gentiumab

171 1470 219 1536 ira
235 1469 418 1554 impetuque
435 1466 598 1533 hominum
614 1475 745 1553 tegeret.

112 1570 115 1575 ’
137 1585 155 1637 s
238 1563 408 1631 Consensit
395 1572 453 1629 tet
466 1571 593 1628 senatus
601 1559 729 1638 bellum
744 1559 953 1647 consulesque
966 1560 1093 1628 duobus
1106 1559 1186 1645 scrip

172 1659 214 1725 tis
232 1656 419 1724 exercitibus
436 1679 494 1744 per
510 1654 637 1722 Marsos
650 1654 884 1743 Paelignosque
901 1654 1039 1742 profecti
1056 1655 1186 1722 adiuncto

109 1785 113 1791 ·
175 1750 365 1821 Samnitium
383 1750 500 1818 exercit
500 1774 522 1815 ιι
487 1751 581 1817 tad
594 1747 754 1837 Capuam,
772 1771 836 1836 quo
852 1749 917 1815 iam
933 1749 1048 1816 Latini
1065 1749 1186 1833 sociique

140 1854 397 1924 econvenerant‚
421 1855 525 1912 castra
540 1844 654 1911 locant.
698 1843 744 1910 ibi
765 1843 921 1931 inquiete
936 1844 1065 1931 utrique
1083 1839 1185 1911 consuli

171 1942 283 2008 eadem
300 1939 413 2006 dicitur
432 1939 503 2006 risa
520 1940 641 2026 species
659 1939 719 2005 viri
734 1938 862 2005 maioris
879 1961 975 2025 quam
993 1961 1054 2026 pro
1066 1940 1187 2005 humano

123 2056 156 2105 10
173 2035 262 2100 habit
250 2045 284 2099 tu
301 2033 568 2122 augustiorisque,
586 2033 733 2112 dicentis,
752 2055 793 2099 ex
809 2055 874 2099 una
890 2033 958 2100 acie
970 2033 1186 2122 imperatorem,

174 2145 214 2195 ex
228 2128 325 2194 altera
342 2127 512 2195 exercitum
531 2127 598 2193 deis
611 2125 764 2194 Manibus
781 2128 935 2214 matrique
948 2127 1070 2197 Terrae
1086 2126 1185 2195 deberi

172 2223 274 2289 utrius
297 2223 450 2289 exercitus
467 2222 640 2310 imperator
655 2220 797 2310 legiones
815 2222 954 2290 hostium
972 2245 1129 2311 superque
1143 2240 1186 2288 aar

123 2340 154 2387 11
175 2341 209 2384 se
227 2318 421 2396 devovisset,
444 2317 511 2383 eius
528 2316 639 2404 populi
655 2317 816 2404 partisque
832 2317 997 2384 victoriam
1020 2319 1101 2385 fore.
1139 2315 1186 2382 hos
1228 2382 1229 2388 ,

172 2413 229 2478 ubi
245 2422 414 2479 nocturnos
431 2412 521 2478 visus
538 2412 620 2478 inter
636 2435 671 2478 se
690 2412 835 2480 consules
853 2413 1068 2493 contulerrmt,
1086 2409 1186 2501 placuit
1227 2470 1229 2482 .

173 2510 426 2576 averruncandae
458 2509 552 2575 deum
578 2508 644 2574 irae
668 2509 813 2575 victimas
828 2509 943 2590 caedi,
976 2510 1072 2575 simul
1097 2518 1143 2587 ut,
1168 2503 1187 2571 si
1226 2568 1229 2577 ι

174 2605 254 2672 extis
277 2604 401 2682 eadem,
427 2626 509 2690 quae
533 2603 655 2670 somnio
676 2603 746 2670 visa
768 2605 906 2685 fuerant,
932 2604 1187 2690 portenderentur,
1226 2632 1229 2670 ι

123 2719 156 2768 12
175 2700 323 2766 alteruter
353 2698 518 2765 consulum
548 2698 615 2765 fata
648 2699 790 2786 inpleret.
834 2697 890 2765 ubi
922 2720 1079 2785 responsa
1111 2698 1188 2763 ham·

175 2794 298 2880 spicum
319 2792 467 2858 insidenti
483 2793 548 2858 iam
565 2793 671 2859 animo
688 2793 801 2859 tacitae
818 2792 964 2881 religioni
981 2797 1187 2882 congruerunt,
1225 2818 1229 2858 ι

175 2897 243 2952 tum
268 2885 415 2953 adhibitis
441 2885 554 2975 legatis
580 2887 777 2973 triburiisque
800 2897 832 2954 et
851 2887 992 2975 imperiis
1016 2889 1112 2954 deum
1131 2905 1187 2974 pro

174 2982 280 3072 palam
303 2981 468 3070 expositis,
494 3005 536 3049 ne
557 3006 642 3051 mors
663 2983 839 3051 voluntaria
865 2984 1005 3050 consulis
1034 2983 1187 3050 exercitum
1226 3010 1229 3050 ι

103 3109 104 3113 ’
124 3099 157 3149 1³
174 3079 209 3144 in
230 3078 297 3144 acie
320 3087 462 3159 terreret,
485 3087 658 3165 conparant
677 3079 759 3144 inter
776 3100 825 3158 se,
847 3087 883 3143 ut
900 3077 940 3144 ab
958 3087 1033 3144 utra
1049 3088 1136 3167 parte
1151 3095 1188 3142 ce

174 3175 248 3240 dere
265 3175 429 3241 Romanus
450 3173 606 3240 exercitus
629 3173 799 3260 coepisset,
825 3173 901 3239 inde
922 3195 958 3239 se
980 3174 1095 3241 oonsul
1111 3173 1188 3238 devo
1227 3198 1229 3234 ι

124 3288 157 3338 14
174 3279 261 3335 veret
278 3292 335 3357 pro
353 3268 470 3356 populo
487 3268 633 3334 Romano
652 3266 900 3352 Quiritibusque.
937 3268 1095 3356 agitatum
1112 3267 1187 3334 etiam
1226 3291 1229 3332 :

173 3363 208 3427 in
229 3363 360 3429 consilio
382 3373 444 3442 est,
470 3371 507 3428 ut
528 3362 557 3428 si
579 3363 705 3448 quando
726 3384 876 3448 umquam
899 3383 1013 3428 severo
1030 3361 1152 3429 ullum
1143 3381 1187 3425 mr
1227 3388 1229 3426 ι

173 3456 261 3542 perio
278 3456 397 3522 bellum
415 3457 666 3524 administratum
684 3468 782 3536 esset,
805 3466 880 3522 tunc
897 3456 945 3522 uti
962 3457 1129 3546 disciplina
1144 3452 1182 3519 mi

124 3570 157 3620 15
174 3550 272 3616 litaris
290 3551 331 3616 ad
347 3551 468 3638 priscos
486 3552 680 3640 redigeretur
692 3574 805 3618 mores
832 3573 942 3617 curam
956 3552 1103 3631 acuebat,
1120 3542 1187 3636 qnod
1227 3575 1229 3616 ε

174 3644 326 3712 adversus
339 3646 475 3713 Latinos
488 3646 670 3713 bellandum
688 3655 767 3725 erat,
785 3646 908 3734 lingua,
926 3646 1088 3727 moribus,
1106 3663 1187 3712 armo
1227 3670 1229 3708 τ

173 3764 245 3808 rum
262 3765 392 3830 genere,
409 3741 560 3809 institutis
574 3751 646 3853 apte
660 3742 767 3808 omnia
777 3740 967 3853 militaribus
981 3749 1187 3855 congruentes·
1227 3765 1229 3803 z

173 3931 223 3996 nis
251 3953 402 4017 conpares
428 3931 630 4018 collegaeque
654 3932 758 3999 isdem
778 3930 961 4019 praesidiis,
989 3953 1086 4019 saepe
1104 3928 1186 3996 isdem
1228 3970 1229 3975 ι

123 4043 156 4097 lo
173 4027 343 4114 manipulis
356 4026 503 4114 permixti
516 4027 649 4094 fuerant
675 4049 733 4115 per
745 4027 823 4093 haec
836 4047 877 4093 ne
890 4049 956 4112 quo
969 4048 1075 4095 errore
1092 4023 1186 4093 militet
