2566 4524
297 268 841 341 masnvm‚a4.[ac.341.340]
1023 260 1089 329 399

66 429 180 498 ulibus
204 427 350 496 abdicare
374 449 408 495 se
429 429 629 517 magistratu,
657 431 720 514 quo
742 428 895 497 maturius
917 431 993 498 novi
1014 452 1088 498 con·

65 527 142 594 nles
173 525 329 591 adversus
360 533 480 591 tantam
510 525 627 590 molem
651 523 727 591 belli
753 533 946 607 crearentur,
975 527 1087 617 religio

65 621 200 700 acessit,
223 619 263 687 ab
283 619 343 698 eis,
366 640 499 704 quornm
520 619 710 685 inminutum
726 619 892 707 imperium
913 631 1012 702 esset,
1035 643 1089 688 co-

65 717 145 783 litia
161 714 284 781 haberi.
324 715 430 799 itaque
447 714 661 802 interregnum
677 715 799 781 initum.
835 716 898 782 duo
915 717 1123 805 interregem

65 820 188 880 uerunt
217 809 266 876 M.
289 808 436 875 Valerius
467 831 505 876 ac
534 808 583 875 M.
608 809 747 877 Fabius:
781 808 939 901 [Fabius]
971 813 1089 880 creavit

65 905 205 974 unsnles
231 904 271 970 Τ.
297 903 456 971 Manlium
482 903 678 990 Torquatum
708 906 847 985 tertium,
886 905 925 972 P.
946 905 1086 974 Decium

65 1002 196 1069 iurem.

111 1095 171 1162 Eo
191 1116 273 1161 anno
291 1093 509 1160 Alexandrum
526 1093 618 1182 Epiri
634 1117 743 1183 regem
758 1095 793 1160 in
808 1094 935 1161 Italiam
952 1094 1086 1163 classem
1106 1117 1122 1164 c

65 1189 219 1280 ppulissc
240 1199 376 1267 constat,
403 1188 489 1275 quod
511 1189 641 1269 bellum,
670 1191 699 1256 si
717 1189 820 1278 prima
842 1190 919 1258 satia
935 1211 1088 1279 prospera

65 1290 207 1364 sissent,
237 1285 444 1352 hauddubie
471 1286 512 1351 ad
537 1286 698 1353 Romanos
728 1287 933 1374 pervenisset.
977 1287 1122 1353 eademr

65 1393 144 1449 etas
170 1401 278 1447 rerum
303 1380 412 1468 magni
433 1379 609 1447 Alexandri
634 1390 696 1461 est,
728 1403 837 1466 quem,
865 1403 971 1448 sorore
993 1381 1087 1447 huius

65 1488 175 1555 m,
194 1475 229 1540 in
246 1474 308 1542 alio
321 1485 422 1541 tractu
435 1475 520 1541 orbis
533 1476 685 1541 invictum
697 1475 789 1542 bellis
802 1476 950 1543 iuvenem
962 1475 1088 1542 fortuna

65 1571 167 1640 sorbo
186 1570 329 1637 extinxit.

118 1665 275 1733 Ceterum
292 1665 442 1744 Romani,
469 1665 530 1731 etsi
551 1664 685 1731 defectio
708 1667 866 1733 sociorum
887 1667 1086 1752 nominisque
1105 1683 1123 1731 8

65 1760 166 1829 ratini
182 1759 271 1826 haud
288 1758 384 1826 (lubia
401 1770 480 1839 erat,
499 1769 619 1838 tamen,
642 1769 803 1845 tamquam
821 1761 861 1827 de
879 1757 1086 1839 Samnitibus,

65 1881 115 1926 cn
145 1856 188 1922 de
215 1877 250 1923 se
275 1877 383 1922 curam
408 1866 550 1944 agerent,
582 1856 692 1921 decem
716 1855 873 1943 principes
898 1855 1089 1922 Latinorum

65 1954 197 2020 tomam
227 1959 450 2029 evocaverunt,
485 1948 601 2035 quibus
630 1951 821 2037 imperarent
850 1972 931 2035 quae
961 1948 1086 2016 vellent.

65 2053 219 2115 ractores
236 2053 304 2110 tum
322 2044 402 2111 duos
415 2044 548 2111 Latium
563 2044 714 2124 habebat,
732 2043 775 2111 L.
784 2043 928 2112 Annium
943 2042 1088 2112 Setinum
1106 2062 1122 2111 a

65 2150 81 2209 t
98 2140 148 2209 L.
162 2137 346 2206 Numisium
364 2138 599 2218 Oerceiensem,
618 2138 713 2206 ambo
729 2160 770 2205 ex
787 2139 907 2207 colonis
924 2139 1087 2208 Romanis.
1214 2146 1226 2157 “

65 2256 109 2302 er
131 2256 217 2320 quos
238 2242 363 2321 praeter
385 2232 530 2323 Signiam
547 2232 760 2318 Velitrasque,
788 2244 819 2300 et
839 2234 926 2321 ipsas
949 2234 1088 2300 colonias

65 2330 236 2407 tomara,
254 2327 366 2395 Volsci
383 2329 477 2395 etiam
496 2329 590 2395 exciti
607 2329 649 2395 ad
665 2350 752 2394 arma
769 2337 866 2393 erant.
911 2348 966 2393 eos
987 2328 1089 2393 nomi-

65 2425 157 2493 atim
173 2423 301 2489 evocari
317 2423 444 2509 placuit.
483 2425 561 2490 hant
577 2424 724 2508 cuiquam
741 2421 873 2489 dubium
890 2430 971 2502 erat,
994 2443 1089 2509 super
1107 2440 1141 2489 ιο

65 2542 120 2604 pra
141 2540 178 2584 re
201 2517 384 2584 accirentur.
419 2520 525 2604 itaque
547 2518 678 2585 concilio
699 2518 786 2605 prius
804 2516 912 2584 habita
928 2525 1087 2604 praetores

65 2634 156 2698 [uam
171 2612 310 2678 Romam
326 2613 606 2700 proficiscerentur,
629 2621 774 2680 evocatos
794 2634 828 2678 se
845 2611 886 2679 ab
904 2620 1015 2677 senatu
1032 2609 1089 2675 do-

65 2717 130 2777 ant
146 2707 297 2774 Romanu
314 2718 346 2775 ct
362 2728 444 2794 quae
460 2717 566 2775 actum
582 2707 622 2774 iri
643 2728 752 2775 secum
774 2707 914 2787 credant,
936 2705 1088 2792 quidnam

65 2804 95 2870 d
114 2827 157 2870 ea
173 2801 358 2889 responderi
374 2803 497 2889 placcat
513 2801 661 2869 referunt.

119 2897 208 2964 1111.
243 2895 328 2964 Cum
346 2897 431 2963 aliud
448 2896 501 2963 alii
519 2904 695 2976 censerent,
714 2906 782 2962 tum
798 2895 940 2962 Annius:
964 2901 1088 2982 ‘quam
1108 2915 1121 2962 1

65 3010 156 3077 [uam
181 2992 252 3078 ipse
277 3014 339 3080 ego
359 2991 478 3071 rettuli,
505 2992 582 3077 quid
601 2991 785 3079 responderi
805 2990 956 3076 placeret,
983 3001 1091 3056 tamen

65 3087 165 3175 uagis
191 3087 233 3152 ad
259 3107 416 3153 summam
440 3108 546 3153 rerum
571 3096 748 3153 nostrarum
769 3083 925 3170 pertinere
946 3083 1088 3162 arbitror,

65 3181 140 3264 [uid
165 3181 323 3269 agendum
347 3180 439 3248 nobis
464 3202 560 3266 quam
586 3181 663 3266 quid
687 3177 880 3264 loquendum
902 3177 952 3245 sit.
996 3177 1089 3243 facile

65 3277 116 3346 uit
140 3275 305 3364 explicatis
327 3275 465 3343 consiliis
487 3275 723 3344 accommodare
744 3273 839 3341 rebus
865 3271 971 3339 verba.
1014 3287 1123 3338 nama

65 3368 208 3439 letiam
228 3391 314 3436 nunc
336 3369 395 3437 sub
418 3369 531 3437 umbra
551 3371 688 3437 foederis
710 3369 803 3455 aequi
825 3367 1007 3434 servitutem
1022 3367 1090 3455 pati

65 3465 236 3546 ursimus,
259 3465 337 3551 quid
354 3464 457 3545 abest,
479 3465 555 3550 quin
572 3465 702 3552 proditis
722 3462 870 3532 Sidicinis
892 3484 956 3529 nou
971 3461 1091 3529 Ruma-

65 3583 173 3633 lurum
201 3559 318 3641 solum,
350 3560 408 3628 sed
434 3557 625 3628 Samnitium
650 3581 776 3645 quoque
806 3558 891 3625 dicto
920 3579 1088 3644 pareamus

65 3654 373 3745 sapcndeamusque
389 3655 556 3732 Romanis,
578 3677 651 3733 nos,
669 3652 726 3720 ubi
741 3651 912 3732 innuerint,
929 3651 1088 3741 posituros

65 3749 168 3820 rma?
196 3749 247 3815 sin
267 3759 374 3816 antem
394 3749 522 3817 taudem
543 3747 694 3816 libertatis
717 3747 908 3815 desiderium
932 3747 1089 3814 remordet
1107 3766 1123 3812 a

65 3849 198 3925 annos,
223 3844 380 3915 sifoedus
398 3856 459 3925 eet,
482 3845 511 3912 si
533 3845 680 3924 societas,
707 3843 853 3929 aequatio
873 3841 950 3908 iuris
972 3851 1034 3918 est,
1062 3840 1090 3904 si

65 3941 315 4030 unnnguineos
332 3963 391 4009 nos
408 3941 624 4009 Romanorum
641 3961 726 4020 esse,
744 3939 830 4027 quod
847 3937 923 4005 olim
938 3933 1087 4022 pudebat,

65 4059 142 4109 unc
164 4035 297 4126 gloriari
318 4035 405 4118 licet,
434 4037 462 4103 si
484 4035 607 4103 socialis
629 4035 691 4102 illis
713 4035 869 4102 exercitus
886 4031 914 4096 is
937 4039 998 4110 est,
1025 4051 1088 4114 quo
