2566 4524
410 282 529 338 nmna
541 282 644 354 11,12.
665 282 818 352 [assos]
1089 272 1129 336 75

90 442 247 520 obsideri,
276 463 410 526 quorum
432 462 527 526 saepe
550 439 705 505 exercitus
728 440 857 517 fuderit,
884 441 989 524 itaque
1012 462 1163 530 magnos

92 537 269 621 audacique
287 535 393 618 aliquo
411 533 551 598 facinore
574 555 645 599 eam
665 533 885 620 indignitatem
906 536 1129 602 vindicandam

91 642 194 709 ratus,
217 630 321 716 primo
340 651 398 692 sua
416 636 528 714 sponte
545 634 708 713 penetrare
725 628 759 690 in
776 627 916 693 hostium
934 638 1038 694 castra
1055 650 1129 696 con-

95 725 207 802 stituit,
227 724 302 789 dein
334 733 492 800 metuens,
510 744 564 799 ne,
589 721 617 786 si
635 721 800 787 consulum
817 722 940 787 iniussu
958 733 990 788 et
1005 724 1125 811 ignaris
1145 746 1162 792 4

91 817 242 883 omnibus
259 818 327 894 iret,
347 816 428 880 forte
446 815 660 902 deprehensus
679 839 699 880 a
712 816 895 882 custodibus
909 817 1062 884 Romanis
1080 837 1129 884 rc-

89 913 269 978 traheretur
285 921 321 975 ut
342 910 521 997 transfuga,
548 909 675 974 fortuna
696 919 764 974 tum
785 909 872 975 urbis
896 912 1011 977 crimen
1036 913 1129 978 adfir-

88 1016 214 1084 mante,
239 1013 382 1069 senatum
404 1004 479 1069 adit
517 1003 663 1068 ‘transire
681 1003 846 1082 Tiberim,’
872 1005 974 1088 inquit
997 1013 1125 1092 ‘patrea
1146 1030 1162 1078 5

88 1112 121 1166 et
137 1102 267 1176 intrare,
288 1099 315 1162 si
331 1099 462 1184 possim,
482 1107 586 1163 castra
601 1097 741 1163 hostium
758 1098 841 1176 volo,
860 1120 924 1163 non
938 1101 1055 1186 praedo
1069 1119 1128 1167 nec

88 1193 334 1280 populationum
347 1193 483 1257 invicem
495 1192 592 1269 ultor3
609 1192 722 1269 maius,
743 1191 770 1256 si
787 1192 819 1256 di
837 1193 956 1271 iuvant,
975 1194 1008 1260 in
1021 1195 1127 1260 animo

91 1297 144 1352 est
160 1287 303 1350 facinus?
339 1285 514 1372 adprobant
529 1295 650 1372 patres,
678 1285 784 1350 abdito
802 1286 884 1350 intra
905 1297 1027 1352 vestem
1043 1288 1127 1355 ferro

92 1379 310 1468 proficiscitur.
347 1380 402 1447 ubi
425 1402 462 1445 eo
484 1381 584 1458 venit,
611 1380 645 1444 in
668 1379 898 1446 confertissima
915 1380 1008 1446 turba
1028 1398 1127 1470 prope
1146 1406 1160 1454 6

93 1476 217 1561 regium
238 1473 375 1540 tribunal
401 1474 548 1540 constitit.
588 1472 634 1538 ibi
660 1496 732 1538 cum
759 1474 950 1560 stipendium
975 1476 1161 1546 mihtibusc

91 1570 174 1635 sorte
197 1570 324 1634 daretur
346 1579 377 1633 et
400 1568 504 1634 scriba
526 1591 599 1634 cum
616 1591 691 1655 rege
710 1569 823 1634 sedens
840 1570 909 1654 pari
931 1570 997 1635 fere
1015 1582 1127 1637 ornatu

89 1665 191 1730 multa
208 1675 326 1751 ageret,
345 1687 418 1728 eum
435 1662 550 1727 milites
568 1663 663 1749 volgo
682 1663 811 1741 adirent,
830 1665 944 1729 timens
964 1666 1124 1744 sciscitari,

91 1768 159 1824 uter
177 1758 314 1823 Porsina
332 1767 425 1836 esset,
444 1780 485 1822 ne
502 1757 677 1844 ignorando
695 1780 803 1843 regem
823 1759 1007 1844 semetipse
1025 1761 1126 1845 aperi-

92 1862 137 1918 ret
155 1853 227 1937 quis
247 1862 344 1930 esset,
364 1875 427 1936 quo
445 1861 562 1917 temere
579 1851 674 1915 traxit
690 1851 817 1915 fortuna
834 1851 970 1929 facinus,
991 1851 1126 1918 scribam

93 1968 148 2031 pro
165 1969 243 2032 rege
262 1946 436 2011 obtruncat.

155 2040 335 2104 Vadentem
352 2041 434 2118 inde,
454 2063 517 2124 qua
533 2063 591 2125 per
608 2041 762 2125 trepidam
775 2039 900 2106 turbam
914 2049 1042 2106 omento
1055 2065 1125 2106 mu·
1143 2063 1158 2111 8

96 2156 185 2198 crone
205 2135 267 2198 sibi
283 2135 352 2221 ipse
370 2135 488 2199 fecerat
505 2135 598 2212 viam,
618 2157 704 2212 cum,
724 2157 880 2199 concursu
898 2136 939 2200 ad
957 2136 1125 2201 clamorem

97 2227 191 2305 facto,
211 2228 462 2312 conprehensum
478 2229 558 2315 regii
576 2228 726 2293 satellites
743 2230 960 2306 retraxissent,
980 2238 1051 2294 ante
1069 2232 1123 2294 tri-

99 2320 189 2385 bunal
210 2323 296 2407 regis
314 2322 496 2399 destitutus,
523 2332 591 2386 tum
613 2344 737 2406 quoque
755 2323 836 2386 inter
853 2331 956 2387 tantas
979 2322 1124 2388 fortunae

104 2416 194 2480 minas
213 2417 400 2481 metuendus
417 2418 520 2503 magis
538 2439 634 2500 quam
656 2426 813 2494 metuens,
843 2416 1020 2480 ‘Romanus
1040 2418 1123 2482 sum'
1143 2438 1156 2484 9

106 2507 195 2591 inquit
213 2512 318 2589 ‘civis,
344 2509 382 2575 O.
400 2509 546 2576 Mucium
564 2521 686 2576 vocant.
723 2510 823 2576 hostis
841 2511 966 2576 hostem
984 2511 1125 2575 occidere

111 2603 193 2683 volui,
215 2628 275 2669 nec
292 2605 333 2669 ad
350 2615 483 2670 mortem
502 2606 606 2669 minus
626 2605 722 2669 animi
741 2616 789 2669 est
806 2628 901 2689 quam
918 2605 979 2669 fuit
997 2606 1037 2670 ad
1055 2626 1126 2670 cac-

77 2772 80 2789 *
115 2692 181 2761 dem:
204 2708 234 2763 et
251 2698 356 2764 facere
374 2708 406 2764 et
421 2700 488 2785 pati
505 2699 600 2764 sortia
616 2699 797 2764 Romanum
819 2708 876 2764 est.
912 2721 971 2764 neo
992 2722 1074 2764 unus
1092 2699 1125 2762 in
1144 2719 1176 2771 ro

117 2793 203 2878 bego
220 2793 278 2857 hos
298 2794 419 2858 animos
437 2794 538 2881 gessi,
565 2793 680 2880 longus
702 2804 776 2879 post
796 2816 847 2858 me
871 2795 948 2859 ordo
970 2802 1019 2859 est
1039 2793 1125 2860 idem

119 2888 263 2961 petentium
282 2889 389 2953 decus.
425 2889 556 2974 proinde
573 2889 608 2952 in
624 2888 685 2953 hoc
703 2889 884 2966 discrimen,
908 2889 936 2954 si
952 2889 1053 2967 iuvat,
1073 2913 1125 2955 ao-

121 2972 231 3063 lingera
259 2992 295 3046 ut
312 2983 347 3046 in
365 2983 505 3069 singulas
523 2983 617 3048 horas
637 2983 738 3068 capite
757 2983 887 3047 dimices
910 2993 978 3060 tuo,
1005 2983 1124 3048 ferrum

123 3060 278 3160 hostemque
295 3077 330 3139 in
346 3075 503 3141 vestibulo
525 3076 643 3141 habeas
666 3077 781 3163 regiae.
817 3077 878 3140 hoc
900 3077 956 3140 tibi
976 3077 1123 3141 iuventus
1144 3098 1173 3144 11

123 3153 236 3264 Romana
243 3171 412 3235 indicimus
422 3169 549 3235 bellum.
576 3170 695 3235 nullam
708 3171 818 3247 aciem,
835 3170 957 3234 nullum
970 3169 1124 3254 pmehum

123 3256 242 3354 luseris,
260 3265 316 3329 uni
334 3264 391 3330 tibi
409 3273 530 3329 etcum
548 3265 680 3351 singulis
698 3287 749 3330 res
763 3265 840 3330 erit'
866 3286 939 3328 cum
956 3285 1012 3328 rex
1030 3263 1125 3328 simul
1144 3283 1174 3330 12

122 3353 297 3425 lstinfensus
320 3359 522 3444 periculoque
545 3359 729 3425 conterritus
753 3358 939 3424 circumdari
960 3357 1044 3444 ignis
1066 3359 1124 3422 mi-

123 3439 283 3518 nithundus
297 3452 428 3532 iuberet,
447 3454 509 3518 nisi
523 3467 719 3540 expromeret
737 3473 878 3539 propere,
898 3474 976 3536 quas
995 3453 1124 3518 insidia·
1169 3484 1173 3491 ·

123 3551 171 3605 run
185 3547 242 3613 sibi
258 3549 362 3614 minas
380 3571 437 3634 per
455 3549 606 3636 ambages
628 3550 756 3624 iaceret,
782 3555 837 3612 ‘en
854 3546 934 3625 tibi,'
955 3548 1057 3630 inquit
1075 3553 1124 3612 ‘ut
1143 3570 1174 3617 13

123 3638 220 3720 sentias,
238 3665 336 3726 quam
352 3644 414 3708 vile
432 3662 546 3730 corpus
566 3644 607 3708 sit
623 3645 672 3721 iis,
691 3644 745 3726 qui
762 3664 911 3729 magnam
927 3642 1061 3729 gloriam
1077 3643 1124 3707 vi-
1257 3640 1259 3647 ’

122 3719 184 3796 lert’
208 3738 412 3822 dextramque
438 3761 572 3804 accenso
599 3739 640 3803 ad
671 3737 859 3802 sacrificium
890 3737 995 3802 foculo
1026 3738 1121 3802 inicit

122 3836 190 3900 quam
207 3848 278 3897 cum
295 3833 383 3898 velut
400 3834 535 3899 alienato
552 3832 592 3898 ab
611 3856 708 3898 sensu
728 3843 858 3897 torreret
880 3833 998 3909 animo,
1025 3852 1122 3916 prope

77 3942 79 3949 ·
121 3921 242 3992 monitus
264 3927 417 3993 miraculo
434 3949 492 3993 rex
509 3949 582 3992 cum
599 3927 639 3993 ab
659 3927 732 3992 sede
752 3950 809 3991 sua
826 3926 1022 4020 prosiluisset
1036 3945 1123 3988 amo·

120 4015 220 4103 leliqua
238 4020 278 4086 ab
297 4019 447 4087 altaribus
464 4022 611 4088 iuvenem
628 4021 785 4099 iussisset,
815 4028 864 4083 ‘tu
880 4041 955 4083 vero
973 4014 1048 4092 abi,’
1073 4017 1121 4079 in·
1140 4030 1173 4074 14
