2566 4524
307 254 425 311 alana
442 256 514 328 1111,
531 256 574 312 44.
586 256 630 312 45.
651 262 688 328 [a.
700 258 729 313 c.
738 257 889 330 sar-418]
1049 244 1114 312 235

93 414 200 493 tribus,
236 422 273 479 ut
299 413 479 501 mitigarent
503 414 643 502 plebem,
680 417 858 500 quindecim
884 416 1011 483 milibus
1037 418 1118 484 aeris

83 511 260 587 damnatur.

148 604 275 668 Eodem
292 625 375 669 anno
392 603 558 669 Postumia
575 604 665 691 virgo
682 603 822 670 Vestalis
840 606 880 671 de
902 605 1025 671 incestu
1043 626 1117 671 cau-
1136 627 1167 675 11

99 721 153 764 sam
169 699 259 775 dixit,
279 696 417 763 criminis
435 696 577 776 innoxia,
597 698 637 763 ab
656 699 835 784 suspicione
853 711 981 786 propter
998 701 1118 765 cultum

99 795 296 860 amoeniorem
318 793 543 880 ingeniumque
568 793 697 860 liberius
725 817 820 880 quam
846 797 1001 884 virginem
1027 798 1117 861 decet

97 912 194 976 parum
212 889 396 954 abhorrens.
433 911 504 954 eam
520 889 716 976 ampliatam,
735 890 848 957 deinde
865 891 1042 958 absolutam
1059 912 1116 979 pro
1136 909 1168 958 12

97 984 207 1072 collegii
225 984 380 1049 sententia
397 983 540 1069 pontifex
557 984 713 1051 maximus
732 985 888 1052 abstinere
901 986 980 1053 iocis
994 987 1115 1071 colique

99 1090 190 1145 sancte
209 1078 430 1164 potiusquam
450 1077 527 1143 scite
545 1078 647 1144 iussit.

148 1175 274 1240 Eodem
295 1196 378 1239 anno
400 1197 420 1238 a
438 1170 610 1260 Campanis
631 1173 766 1254 Cumae,
793 1198 888 1260 quam
912 1173 1028 1242 Graeci
1050 1186 1116 1241 tum

102 1269 192 1336 urbem
212 1269 372 1347 tenebant,
392 1268 564 1355 capiuntur.

150 1364 326 1447 insequens
345 1386 446 1429 annus
466 1362 608 1428 tribunos
630 1362 764 1428 militum
788 1364 944 1431 consulari
961 1374 1115 1452 potestate
1136 1384 1167 1434 13

101 1454 189 1525 babuit
208 1459 387 1546 Agrippam
402 1457 588 1523 Menenium
600 1458 771 1536 Lanatum,
790 1459 828 1524 P.
842 1460 1029 1525 Lucretium
1043 1461 1115 1525 Tri-

104 1554 253 1640 cipitinum,
275 1551 427 1639 Spurium
444 1552 596 1619 Nautium
614 1552 765 1618 Rutilum.

149 1646 337 1713 XXXXV.
373 1646 488 1713 Annus
510 1646 659 1713 felicitate
685 1648 794 1735 populi
815 1648 951 1714 Romani
976 1651 1115 1737 periculo
1135 1670 1148 1716 1

102 1744 185 1828 potius
203 1744 326 1832 ingenti
343 1767 438 1829 quam
456 1744 545 1809 clade
562 1743 706 1831 insignis.
744 1745 870 1809 servitia
887 1746 998 1811 urbem
1015 1755 1051 1811 ut
1067 1747 1116 1809 in-

103 1840 248 1905 tenderent
262 1838 451 1904 distantibus
464 1838 543 1904 locis
558 1840 758 1904 coniurarunt
771 1841 951 1925 populoque
965 1841 1005 1905 ad
1022 1863 1115 1925 opem

103 1934 199 2015 passim
223 1934 388 1998 ferendam
409 1934 499 1999 tectis
521 1933 642 1999 intento
668 1943 704 1998 ut
730 1956 834 1999 arcem
859 1934 1114 2020 Capitoliumque

92 2030 192 2092 'anan
213 2037 413 2114 occuparent
453 2028 566 2093 avertit
587 2028 726 2093 nefanda
747 2028 878 2095 consilia
900 2030 1042 2117 Iuppiter
1068 2031 1115 2095 in-
1133 2049 1148 2095 2

71 2164 73 2171 ·
102 2119 223 2207 dicioque
243 2124 377 2188 duorum
395 2123 603 2210 conprehensi
621 2132 728 2188 sontes
741 2145 859 2209 poenas
873 2124 1035 2191 dederunt.
1068 2126 1116 2190 in-

104 2214 205 2282 dicibus
223 2219 308 2282 dena
330 2217 416 2282 milia
437 2218 542 2304 gravis
561 2217 657 2296 aeris,
685 2240 766 2302 quae
784 2229 851 2282 tum
874 2219 1000 2283 divitiae
1018 2220 1115 2286 habe-

71 2310 75 2393 ζ
103 2304 203 2390 bantur,
221 2336 262 2377 ex
279 2313 399 2378 aerario
416 2323 581 2378 numerata
598 2322 630 2377 et
646 2312 773 2378 hbertas
791 2313 966 2398 praemium
984 2313 1052 2379 fuit.

71 2462 76 2483 f
130 2406 269 2489 ‚Bellum
292 2408 366 2472 inde
388 2406 429 2473 ab
450 2406 574 2492 Aequis
596 2408 734 2493 reparari
758 2416 913 2492 coeptum.
959 2416 990 2471 et
1012 2431 1145 2480 novosa

104 2496 189 2565 lcstes
201 2501 384 2567 Labicanos
403 2501 534 2567 consilia
551 2523 623 2566 cum
639 2500 795 2567 veteribus
809 2502 949 2588 iungere,
967 2501 1053 2566 haud
1066 2503 1114 2568 in-

107 2596 176 2661 certis
192 2596 373 2662 auctoribus
391 2596 527 2662 Romam
545 2604 595 2661 est
612 2595 750 2661 allatum.
778 2596 965 2680 Aequorum
982 2597 1045 2661 iam
1059 2621 1113 2663 ve·
1130 2620 1148 2666 4

105 2682 140 2753 lut
153 2692 366 2758 anniversariis
385 2692 479 2757 annis
498 2692 685 2757 adsueverat
702 2691 828 2769 civitas,
854 2692 995 2757 Labicos
1018 2692 1115 2780 legati

90 2782 176 2850 'missi
191 2808 260 2852 cum
272 2809 426 2873 responsa
438 2786 512 2853 inde
526 2786 706 2852 retulissent
719 2786 823 2864 dubia,
843 2787 957 2871 quibus
976 2809 1034 2852 nec
1048 2802 1115 2852 tum

71 2940 75 2945 .
106 2872 201 2945 bellum
216 2881 320 2968 parari
341 2902 401 2946 nec
422 2880 602 2947 diuturnam
619 2903 730 2967 pacem
752 2881 820 2946 fore
843 2891 1020 2968 appareret,
1049 2882 1114 2946 Tu-

91 2972 219 3040 'nuans
244 2975 409 3063 negotium
435 2977 557 3055 datum,
584 2977 782 3041 adverterent
807 2977 943 3054 animos,
970 2999 1011 3042 ne
1037 2978 1114 3061 quid

110 3068 169 3131 nori
180 3070 326 3136 tumultus
343 3071 476 3136 Labicis
494 3082 642 3137 oreretur.

159 3160 204 3229 Ad
218 3166 410 3251 insequentis
433 3166 508 3231 anni
528 3165 670 3231 tribunos
692 3166 827 3230 militum
849 3165 1005 3231 consulari
1026 3174 1147 3250 pote-5

71 3344 73 3349 Ι
106 3264 171 3321 uate
185 3258 256 3326 inito
274 3260 461 3348 magistratu
477 3260 574 3346 legati
591 3260 631 3326 ab
646 3260 786 3326 Tusculo
804 3268 966 3337 venerunt,
984 3260 1027 3324 L.
1039 3257 1113 3325 Ser-

71 3354 74 3387 ³
105 3346 177 3432 glum
192 3352 381 3433 Fidenatem,
399 3352 448 3419 M.
467 3352 630 3440 Papirium
648 3354 863 3441 Mugilanum,
884 3353 922 3419 O.
944 3351 1114 3419 Servilium

71 3438 191 3511 ·'Prisci
206 3448 311 3528 filium,
329 3472 393 3534 quo
411 3448 562 3514 dictatore
579 3448 719 3514 Fidenae
738 3459 848 3535 captae
866 3448 999 3514 fuerant.
1033 3472 1113 3513 nun·
1132 3469 1147 3517 6

71 3554 86 3595 ἱ·
105 3535 206 3605 dabant
221 3541 512 3630 legati‚Labicanos
530 3566 618 3608 arma
640 3544 762 3629 cepisse
785 3553 816 3606 et
838 3565 909 3608 cnm
929 3543 1112 3627 Aequorum

71 3702 73 3713 Ι
107 3636 225 3701 mercitu
240 3638 443 3725 depopulatos
461 3660 574 3724 agrum
593 3638 810 3702 Tusculanum
828 3649 931 3703 eastra
947 3637 981 3702 in
994 3637 1113 3724 Algido

86 3722 240 3823 [pansae.
272 3742 339 3797 tum
359 3730 534 3798 Labicanis
557 3732 676 3797 bellum
697 3733 864 3810 indictum3
891 3732 1040 3814 factoque
1063 3750 1144 3797 se-t

92 3830 184 3907 'naus
204 3826 352 3905 consulto,
379 3836 416 3892 ut
437 3826 500 3892 duo
518 3848 559 3891 ex
580 3827 712 3892 tribunis
732 3829 772 3892 ad
795 3827 912 3892 bellum
934 3825 1112 3913 proficisce-

114 3928 297 3997 teutrannus
313 3944 364 3988 res
376 3920 499 3989 Romae
517 3932 649 3999 curaret,
669 3934 825 3988 certamen
845 3922 948 3987 subito
966 3921 1045 3984 inter
1058 3917 1112 3980 tri-

116 3998 195 4078 bunos
212 4028 356 4084 exortum
392 4018 585 4105 aequisque
607 4016 682 4083 belli
703 4017 816 4083 ducem
842 4017 995 4103 potiorem
1017 4011 1108 4086 ferre,
