2566 4524
142 228 209 298 444
401 240 518 296 LIBER
534 237 719 312 mat.
739 238 924 310 [1111113]

144 412 196 469 tus
214 401 255 468 ab
274 400 383 466 nuntio
400 399 458 464 filii
475 399 610 478 censuit,
633 420 744 464 omnes
765 397 839 464 inde
857 418 957 482 quam
979 399 1116 486 primum
1134 401 1172 467 in·

111 522 127 570 1
144 497 278 565 violatos
296 496 507 562 dimittendos.
535 517 616 580 quac
629 492 686 561 ubi
699 504 805 580 spreta
818 493 979 561 sententia
991 505 1042 561 est
1057 495 1170 563 iterum·

144 615 207 679 que
221 591 333 659 eodem
344 598 503 657 remeante
516 589 625 655 nuntio
639 587 870 666 consulebatur,
881 589 1018 668 censuit,
1031 590 1073 657 ad
1084 613 1168 659 unum

110 706 128 758 8
145 708 255 755 omnes
272 683 515 750 interficiendos.
541 706 622 768 quae
635 681 691 749 ubi
705 693 770 748 tam
782 682 942 749 discordia
955 683 1038 751 inter
1051 707 1085 751 se
1096 685 1165 751 velut
1180 752 1185 765 ,
1202 684 1205 779 j

146 803 187 848 ex
203 779 331 866 ancipiti
353 778 479 844 oraculo
501 800 653 864 responsa
675 778 749 843 data
771 786 858 857 sunt,
881 800 1078 866 quamquam
1096 780 1163 846 filius
1201 784 1205 849 l

145 875 266 962 ipsein
287 874 398 960 primis
419 873 484 938 iam
501 873 642 938 animum
658 894 785 958 quoque
805 873 906 959 patris
925 876 1163 943 consenuisseln

146 969 273 1036 adfecto
291 989 420 1054 corpore
441 967 582 1046 rebatur,
605 979 712 1034 11111111
733 989 892 1035 consensu
914 971 1058 1037 omnium
1074 971 1160 1036 victus

113 1074 210 1143 aest,
233 1073 268 1128 ut
289 1064 395 1150 ipsum
415 1062 450 1126 in
471 1062 637 1128 consilium
663 1061 788 1129 acciet.
823 1084 882 1128 nec
904 1075 1059 1150 gravatus
1083 1086 1162 1131 senex

146 1159 288 1247 plaustro
301 1158 335 1222 in
348 1166 452 1223 castra
465 1156 579 1223 dicitur
591 1157 743 1223 advectus
758 1167 956 1243 vocatusque
969 1159 1005 1224 in
1017 1159 1160 1226 consilium

147 1254 193 1319 ita
214 1253 314 1319 ferme
335 1253 459 1319 locutus
478 1274 563 1330 esse,
586 1261 621 1316 ut
638 1251 717 1316 nihil
739 1252 913 1320 sententiae
936 1276 1016 1320 suae
1037 1262 1159 1333 mutaret,

96 1362 129 1412 10
148 1371 261 1415 causas
279 1358 401 1414 tantum
418 1348 568 1413 adiceret:
586 1347 689 1433 priore
708 1371 742 1414 se
760 1347 903 1426 consilio;
921 1349 1010 1434 quod
1027 1349 1161 1437 optimum
1190 1374 1193 1379 ·

147 1445 288 1522 duceret,
311 1465 383 1508 cum
405 1442 624 1530 potentissimo
644 1442 762 1529 populo
783 1463 841 1530 per
860 1442 976 1528 ingens
994 1442 1160 1510 beneficium

145 1548 330 1627 perpetuam
348 1537 472 1603 firmare
489 1559 601 1623 pacem
619 1537 860 1622 amicitiamque,
880 1537 981 1605 altero
999 1538 1161 1605 consilioin

147 1633 262 1697 multas
285 1642 417 1711 aetates,
446 1631 560 1716 quibus
583 1632 708 1698 amissis
735 1632 860 1698 duobus
887 1632 1078 1700 exercitibus
1100 1633 1160 1699 111111

146 1727 240 1792 facile
257 1737 421 1813 receptura
434 1727 517 1793 vires
525 1726 670 1793 Romana
686 1747 738 1792 res
758 1722 883 1814 [esset]‚
901 1727 1024 1794 bellum
1041 1728 1161 1794 differre:

96 1843 128 1892 11
147 1825 274 1889 tertium
295 1823 418 1888 nullum
440 1822 605 1889 consilium
623 1843 704 1888 esse.
740 1844 812 1887 cum
829 1821 913 1888 filius
932 1823 1051 1909 aliique
1067 1820 1162 1911 princi·

147 1942 204 2006 pes
218 1919 452 2006 percunctando
466 1928 719 2003 exsequerentur,
733 1918 819 2003 quid,
834 1918 861 1984 si
874 1920 981 1985 media
993 1921 1049 1986 via
1060 1916 1161 1986 consilii

149 2021 326 2098 caperetur,
349 2023 385 2076 ut
403 2022 435 2077 et
452 2013 681 2079 dimitterentur
700 2012 874 2079 incolumes
897 2023 928 2079 et
949 2014 1041 2102 leges
1058 2016 1096 2082 iis
1110 2014 1163 2080 iure

97 2118 129 2167 12
147 2105 222 2173 belli
244 2106 336 2171 victis
363 2107 602 2192 inponerentur:
631 2108 711 2173 ‘ista
732 2107 861 2192 quidem
884 2110 1056 2176 sententia'
1080 2107 1163 2195 inquit

149 2207 202 2266 ‘ea
220 2209 277 2278 est,
292 2223 374 2285 quae
391 2222 493 2286 neque
512 2202 630 2268 amicos
648 2210 739 2288 parat
755 2223 814 2267 nec
830 2202 977 2270 inimicos
995 2205 1086 2271 tollit
1113 2224 1163 2269 ser·

147 2305 219 2362 vate
241 2295 336 2362 modo
358 2318 438 2381 quos
464 2297 637 2384 ignominia
659 2297 876 2364 inritaveritis:
904 2320 944 2364 ea
966 2310 1017 2365 est
1038 2300 1163 2366 Roman

97 2412 129 2461 13
147 2414 237 2479 gens,
256 2413 338 2475 quae
350 2390 434 2457 victa
451 2392 612 2476 quiescere
630 2392 759 2458 nesciat.
791 2391 877 2458 vivet
890 2415 1018 2480 semper
1031 2395 1164 2483 inpecto·

146 2485 234 2551 ribus
252 2485 378 2552 illorum
395 2487 548 2571 quidquid
569 2487 652 2552 istuc
668 2508 818 2573 praesens
840 2490 1017 2556 necessitas
1035 2487 1163 2556 inusserit

147 2603 207 2646 nec
220 2604 274 2646 eos
289 2590 360 2646 ante
378 2580 565 2668 multiplices
579 2603 698 2668 poenas
713 2582 865 2668 expetitas
880 2583 1007 2652 avobis
1021 2586 1163 2672 quiescere

150 2675 249 2741 sinet?

115 2791 128 2839 1
212 2770 293 2834 IIII.
323 2770 444 2834 Neutra
466 2772 619 2836 sententia
645 2781 775 2857 accepta
795 2771 981 2841 Herennius
1008 2777 1163 2843 domums

149 2865 259 2929 castris
273 2872 322 2928 est
335 2872 472 2929 avectus.
496 2866 573 2929 etin
587 2866 697 2932 castris
706 2866 859 2934 Romanis
874 2890 948 2933 cum
962 2869 1081 2938 frustra
1092 2864 1163 2936 multi

149 2966 279 3024 conatus
294 2958 336 3023 ad
349 2959 577 3044 erumpendum·
589 2961 673 3046 capti
686 2971 791 3027 essent
805 2972 837 3028 et
848 2963 913 3028 iam
922 2965 1068 3030 omnium
1079 2982 1162 3033 rerum

114 3073 129 3122 2
149 3054 255 3141 inopia
273 3064 366 3133 esset,
381 3055 456 3120 victi
472 3056 659 3122 necessitate
675 3057 797 3145 legatos
815 3059 953 3138 mittunt,
974 3061 1030 3145 qui
1047 3061 1162 3149 primun

147 3173 259 3237 pacem
272 3174 406 3236 aequam
420 3161 560 3237 peterent
565 3177 574 3231 3
594 3153 621 3216 si
633 3172 745 3238 pacem
758 3177 822 3220 non
835 3155 1041 3241 inpetrarent,
1054 3158 1099 3224 uti
1108 3175 1162 3243 pro·

113 3264 129 3310 3
147 3256 296 3312 vocarent
309 3248 349 3312 ad
362 3270 512 3334 pugnam.
539 3256 606 3311 tum
613 3246 747 3313 Pontius
761 3247 954 3315 debellatum
969 3274 1043 3318 esse
1055 3270 1161 3337 respon·

148 3341 257 3419 ditet,
281 3342 431 3425 quoniam
447 3364 488 3407 ne
506 3342 582 3406 victi
603 3343 731 3427 quidem
749 3365 787 3408 ac
804 3344 889 3429 capti
910 3343 1075 3412 fortunam
1091 3338 1161 3411 fateri

149 3435 273 3513 scirent,
292 3436 426 3501 inermes
446 3460 518 3502 cum
537 3436 667 3524 singulis
683 3437 878 3503 uestimentis
896 3438 959 3505 sub
977 3441 1091 3529 iugum
1105 3437 1160 3505 mie·

149 3553 272 3608 surum;
290 3530 368 3596 alias
387 3533 585 3597 condiciones
604 3533 691 3618 pacis
710 3554 827 3617 aequas
846 3532 938 3598 victis
958 3558 997 3601 ac
1010 3532 1159 3601 victoribus

113 3638 130 3684 4
148 3624 229 3690 fore:
249 3625 277 3690 si
294 3648 371 3711 agro
392 3625 580 3692 Samnitium
598 3626 809 3704 decederetur,
828 3626 973 3695 coloniae
991 3629 1160 3697 abducerer

99 3718 104 3728 '
147 3729 207 3797 tur,
227 3720 292 3784 suis
311 3720 383 3785 inde
399 3720 525 3806 legibus
543 3720 724 3786 Romanum
741 3743 779 3786 ac
799 3718 980 3789 Samnitem
996 3722 1158 3810 1111110111-

78 3884 81 3889 .
115 3815 221 3879 odere
239 3814 404 3879 victurum.
436 3816 485 3878 his
505 3814 742 3881 condicionibus
759 3825 906 3902 paratum
925 3839 962 3882 se
980 3840 1052 3886 essa
1069 3815 1157 3883 foetu
1203 3896 1205 3911 Ι

148 3930 220 3973 cum
244 3908 425 3974 consulibus
449 3909 555 3975 ferire:
584 3909 706 3994 siquid
728 3933 836 3975 eorum
854 3910 1038 3997 displiceat,
1058 3912 1156 3999 legam
1202 3962 1205 4005 :

113 4014 129 4063 6
147 4005 248 4069 redire
263 4004 304 4069 ad
319 4026 353 4069 se
366 4003 474 4069 vetuit.
502 4003 580 4070 haec
595 4027 667 4071 cum
684 4005 801 4092 legatio
818 4005 1059 4088 renuntiaretur,
1073 4010 1155 4072 antu
1202 4040 1205 4101 3
