2566 4524
153 246 219 314 344
412 255 531 313 amna
548 256 604 329 v1,
622 255 720 312 asca
740 255 922 326 [111111]

122 416 256 488 stribus
279 417 432 494 dicerent,
460 423 527 480 tum
547 413 716 480 Camillus:
744 413 885 498 ‘quando
906 414 1057 498 quidem?
1079 416 1155 502 inquit
1195 410 1202 477 i

156 511 325 594 ‘Quiritea,
344 510 408 575 iam
425 531 482 575 vos
501 509 667 574 tribunicia
683 507 790 586 libido,
808 530 873 574 non
884 518 1027 594 potestas
1038 511 1122 598 regit,
1135 520 1156 576 et
1186 484 1202 627 1

153 605 409 673 intercessionem
432 605 611 670 secessione
632 603 791 687 quondam
816 602 918 687 plebis
946 614 1067 691 partam
1088 604 1157 672 vobi
1187 614 1202 659 ³·-

154 700 265 767 eadem
282 698 315 762 vi
332 698 435 763 facitis
453 697 591 776 inritam,
611 719 676 781 qua
690 697 871 784 peperistis,
894 719 960 762 non
975 698 1158 785 reipublicae
1190 768 1197 781 ,

154 793 257 881 magis
279 792 445 857 universae
467 813 563 876 quam
580 800 686 857 vestra
702 813 801 857 causa
817 791 952 857 dictator
966 792 1158 860 intercessioni

121 911 135 957 1
154 888 248 953 adero
267 908 474 970 eversumque
491 895 632 952 vestrum
649 885 800 950 auxilium
818 886 950 972 imperio
963 886 1094 954 tutabor.
1114 887 1160 953 ita·

155 1003 231 1066 que,
251 980 279 1046 si
293 978 331 1047 O.
341 980 488 1046 Licinius
501 990 533 1045 et
544 980 586 1045 L.
603 978 731 1047 Sextius
748 980 965 1046 intercessioni
981 981 1159 1069 conlegarum

154 1076 282 1153 cedunt,
301 1074 378 1139 nihil
391 1074 558 1160 patricium
575 1074 794 1160 magistratum
811 1074 951 1140 inseram
966 1075 1097 1141 coneilio
1109 1073 1160 1160 ple·

154 1168 217 1236 bis:
245 1168 273 1235 si
294 1169 446 1235 adversus
467 1168 724 1234 intercessionem
745 1177 906 1252 tamquam
927 1178 1040 1255 captae
1064 1166 1160 1234 civitati

152 1263 240 1350 leges
257 1263 408 1348 inponere
422 1263 563 1341 tendent,
581 1263 647 1327 vim
659 1261 857 1327 tribuniciam
874 1285 894 1327 a
911 1285 946 1328 se
963 1263 1036 1348 ipsa
1052 1260 1161 1329 dissolri

119 1375 135 1424 8
153 1379 217 1422 non
238 1357 358 1442 patiar!
393 1356 545 1422 adversus
568 1377 606 1421 ea
627 1377 700 1421 cum
722 1356 924 1441 contemptim
946 1356 1064 1421 tribuni
1077 1354 1160 1441 plebis

151 1473 219 1516 rem
236 1450 333 1516 nihilo
352 1450 481 1536 segnius
499 1458 698 1537 peragerent,
721 1458 789 1514 tum
804 1450 943 1535 percitus
960 1451 1009 1515 ira
1027 1449 1159 1516 Camillus

152 1544 291 1622 lictores,
311 1544 418 1628 quide
435 1545 540 1609 medic
557 1543 683 1628 plebem
702 1551 895 1622 emoverem,
913 1544 1001 1608 misit
1019 1554 1050 1610 et
1061 1543 1161 1609 eddidit
1183 1618 1186 1623 ¹

153 1636 268 1715 minas,
297 1638 324 1702 si
344 1647 524 1724 pergerent,
553 1647 747 1704 sacramento
769 1660 880 1704 omnes
896 1638 1036 1704 iuniores
1053 1639 1160 1705 11111111·

118 1751 133 1801 2
152 1754 223 1797 rum
241 1732 475 1816 exercitumque
492 1732 649 1817 extemplo
663 1754 704 1798 ex
715 1731 794 1799 urbe
810 1733 1006 1799 educturum
1033 1741 1160 1798 terrorem

151 1826 312 1912 ingentem
333 1827 508 1893 incusserat
524 1826 622 1910 plebi3
646 1825 780 1893 ducibus
798 1825 900 1913 plebis
918 1827 1062 1892 accendit
1077 1824 1161 1911 magis

152 1920 320 1985 certamine
342 1921 464 1986 animos
486 1942 581 2003 quam
603 1920 729 1998 minnit3
756 1921 814 1987 sed
833 1942 868 1986 re
893 1928 1006 1986 neutm
1030 1919 1180 2003 inclinata¹

151 2014 339 2098 magistratu
361 2035 396 2079 se
417 2013 588 2092 abdicavit,
617 2036 673 2079 seu
694 2015 770 2097 quia
791 2014 868 2080 vitio
893 2025 1017 2081 creatus
1040 2022 1115 2091 erat,
1135 2019 1161 2076 (11

152 2107 305 2192 scripsere
323 2106 465 2190 quidam,
485 2129 542 2173 seu
554 2108 630 2193 quia
646 2107 762 2173 tribuni
778 2108 881 2193 plebis
898 2108 1037 2173 tulerunt
1056 2108 1097 2173 ad
1110 2106 1161 2193 pls·

153 2199 226 2265 bem
251 2199 347 2284 idque
368 2200 459 2287 plebs
482 2202 587 2281 scivit,
614 2211 663 2281 ut,
691 2203 720 2268 si
739 2201 787 2267 M.
809 2202 926 2268 Furius
947 2224 1011 2288 pru
1028 2202 1160 2268 dieses

101 2315 134 2362 10
152 2296 228 2380 quid
245 2296 375 2383 egisset,
395 2297 600 2384 quingentum
617 2297 740 2363 milium
756 2298 786 2363 ei
802 2297 902 2362 multa
918 2306 1013 2363 esset
1049 2298 1104 2363 sed
1118 2316 1160 2361 au·

152 2390 257 2475 spiciis
280 2391 383 2478 magis
406 2413 501 2476 quarn
519 2392 594 2457 novi
612 2392 748 2477 exempli
764 2392 926 2478 rogatione
943 2392 1158 2459 deterritumut

149 2485 255 2571 potius
274 2487 412 2564 credam,
436 2508 509 2551 cum
525 2486 625 2571 ipsius
643 2487 702 2551 viri
719 2486 796 2552 facit
811 2486 988 2572 ingenium,
1008 2495 1077 2553 tum
1091 2483 1159 2570 quod

100 2599 130 2646 11
150 2580 180 2644 ei
198 2580 348 2647 suffectus
367 2590 415 2646 est
428 2580 586 2666 extemplo
598 2579 636 2645 P.
646 2579 787 2646 Manlius
801 2581 984 2647 dictator-
994 2604 1088 2665 quem
1099 2576 1160 2665 quid

150 2674 248 2739 creari
273 2674 425 2740 attinebat
450 2676 491 2739 ad
516 2675 550 2739 id
575 2683 746 2751 certamen,
773 2696 836 2759 quo
861 2673 909 2747 M.
931 2675 1048 2741 Furius
1077 2675 1161 2741 victus

150 2769 252 2834 esset?
273 2805 317 2818 -
339 2778 371 2834 et
392 2770 478 2853 quod
499 2770 634 2835 eundem
656 2769 703 2835 Μ.
725 2769 858 2835 Furium
884 2769 1069 2836 dictatorem
1092 2770 1160 2833 inse

148 2883 248 2945 quens
263 2884 363 2927 annus
376 2861 496 2941 habuit,
515 2864 601 2929 haud
615 2863 681 2929 sine
695 2864 814 2950 pudore
828 2872 911 2928 certe
924 2864 1062 2929 fractum
1072 2863 1160 2949 priore

98 2973 131 3021 12
150 2976 231 3019 anno
248 2955 281 3021 in
300 2977 335 3021 se
351 2956 517 3042 imperium
530 2959 734 3043 repetiturum
739 2983 748 3037 3
769 2958 961 3042 simulquod
974 2980 1013 3025 eo
1027 2969 1159 3044 tempora
1186 3006 1189 3011 -

147 3069 210 3132 quo
232 3051 467 3138 promulgatum
489 3052 528 3118 de
550 3051 649 3118 multa
666 3052 734 3118 eius
752 3053 893 3130 traditur,
915 3063 971 3118 aut
988 3062 1021 3118 et
1037 3052 1110 3117 huic
1122 3071 1160 3115 ro

146 3143 279 3230 gebeni,
299 3166 363 3231 qua
381 3169 415 3212 se
432 3148 466 3212 in
483 3147 624 3213 ordinem
642 3149 714 3234 cogi
731 3147 872 3225 videbat,
891 3147 1048 3214 obsistere
1066 3145 1160 3234 potuit,

147 3249 201 3303 aut
218 3262 257 3305 ne
274 3240 344 3306 illas
363 3241 506 3324 quidem,
533 3250 660 3327 propter
682 3264 760 3325 quas
783 3251 815 3307 et
835 3241 913 3307 baec
935 3241 1002 3308 lata
1024 3252 1101 3319 erat,
1124 3239 1160 3303 in·

96 3349 128 3395 13
145 3332 266 3417 pedire,
294 3343 325 3399 et
346 3336 433 3418 quod
453 3357 555 3420 usque
577 3337 617 3401 ad
639 3336 822 3402 memoriam
842 3345 984 3401 nostram
1001 3332 1159 3402 tribuniciis

145 3426 425 3512 consularibusque
449 3439 601 3497 certatum
622 3430 742 3497 viribus
765 3440 826 3508 est,
854 3430 1030 3496 dictaturae
1052 3447 1159 3514 semper

145 3518 238 3585 altius
256 3519 421 3608 fastigium
439 3524 508 3590 fuit.

113 3633 126 3682 1
209 3612 434 3683 XXXVIIII.
461 3617 549 3683 Inter
564 3619 700 3704 priorem
718 3620 905 3685 dictaturam
924 3619 1103 3689 abdicatam
1116 3636 1160 3681 nc

144 3731 279 3793 samque
292 3708 442 3777 aManlio
456 3712 566 3778 initam
580 3712 620 3779 ab
633 3713 766 3779 tribunis
780 3713 867 3779 velut
888 3735 946 3799 per
962 3714 1158 3799 interregnum

144 3803 275 3870 concilio
292 3805 394 3889 plebis
411 3805 520 3872 habito
534 3809 687 3892 apparuit,
705 3829 787 3893 quae
801 3830 841 3873 ex
859 3808 1069 3896 promulgafis
1079 3802 1156 3893 plebi

108 3916 124 3964 2
143 3917 224 3980 quae
241 3899 392 3967 latoribus
406 3900 543 3986 gratiora
560 3911 674 3968 essent.
697 3925 772 3967 nam
786 3902 826 3967 de
843 3901 972 3968 faenore
986 3914 1081 3987 atque
1095 3915 1159 3984 sgm

141 3993 320 4079 rogationes
342 3993 506 4074 iubebant,
535 3996 574 4062 de
595 3997 719 4082 plebeio
745 3996 874 4063 consule
892 3997 1102 4083 antiquabant
1132 3993 1157 4052 02
