2566 4524
289 288 308 295 --
342 253 462 312 arnan
478 253 575 329 vnn,
589 255 631 313 ra
651 254 843 329 [ascaro]
1041 244 1107 316 461

65 417 157 484 ieret
173 413 298 494 acrior,'
316 412 395 498 quid
416 413 445 480 si
461 421 534 480 trux
551 436 589 481 ac
605 414 804 503 praefervida
820 415 867 482 ira
883 454 926 468 -
943 439 1004 485 nec
1020 417 1108 503 quic·

65 535 164 600 [uam
173 508 309 576 dubium
322 508 405 575 inter
413 509 581 597 scriptores
594 509 697 576 refero
706 548 758 590 -,
768 511 895 578 nullane
902 511 983 578 baec
992 512 1107 580 damna

65 603 283 697 mperatoriis
304 603 475 671 virtutibus
494 604 661 671 ducimus?
694 604 728 670 id
744 628 820 672 vero
836 606 1011 694 periculum
1029 617 1140 689 erate

65 703 153 792 [uod
169 697 330 767 levissimi
348 722 388 766 ex
407 697 554 779 Graccis,
573 699 629 786 qui
645 699 836 767 Parthorum
854 724 980 789 quoque
998 712 1108 772 contra

65 820 185 868 tomen
193 795 379 862 Romanum
395 794 514 883 gloriae
532 794 650 876 favent,
664 795 807 862 dictitare
826 797 937 877 solent,
955 820 996 866 ne
1009 797 1107 866 maie-

65 904 182 963 tatem
201 889 341 956 nominis
352 887 536 968 Alexandri,
550 912 645 975 quem
662 912 703 956 ne
720 889 808 957 fama
825 886 954 977 quidem
969 893 1032 960 illis
1050 915 1108 962 no-

65 1014 127 1059 um
148 987 293 1056 arbitror
310 986 420 1066 fuisse,
436 985 590 1054 sustinere
608 1008 673 1052 non
689 987 826 1073 potuerit
843 988 980 1075 populus
989 989 1108 1058 Roma-

65 1111 129 1167 ns,
153 1093 190 1152 et
209 1083 364 1149 adversus
383 1103 478 1167 quem
486 1079 634 1160 Athenis,
652 1081 687 1147 in
704 1081 829 1148 civitate
847 1082 947 1149 fracta
954 1081 1107 1150 Macedo-
1126 1103 1140 1151 ι

65 1205 136 1249 ‚um
159 1177 274 1257 armis,
292 1185 438 1243 cernente
455 1186 522 1242 tum
539 1176 678 1242 maxime
694 1198 793 1264 prope
810 1177 969 1244 fumantes
979 1177 1107 1245 Theba-

65 1300 130 1345 um
151 1273 282 1352 ruinas,
306 1271 479 1338 contionari
499 1270 597 1337 libere
615 1270 686 1337 ausi
704 1282 777 1338 sunt
793 1271 951 1352 homines,
969 1273 1003 1340 id
1020 1273 1107 1361 quod

65 1397 93 1440 x
116 1367 345 1438 monumentis
368 1366 544 1432 orationum
565 1374 665 1453 patet,
688 1367 841 1434 adversus
859 1390 932 1434 eum
954 1391 1048 1435 nemo
1066 1391 1107 1435 ex

65 1477 100 1535 ot
123 1461 322 1555 proceribus
343 1461 497 1527 Romanis
519 1483 631 1527 vocem
657 1460 789 1527 liberam
810 1463 965 1530 missurus
988 1462 1107 1530 fuerit?

65 1557 267 1650 nantalibet
287 1566 408 1644 magnrt
385 1557 472 1622 'tudo
493 1554 630 1622 bominis
653 1551 809 1643 concipiat
808 1580 847 1622 ur
868 1558 988 1638 animo,
1010 1582 1104 1625 umus
1123 1576 1139 1625 8

65 1677 174 1726 amen
193 1675 235 1719 ea
251 1661 372 1739 magmt
349 1651 435 1717 tudo
452 1649 667 1716 hominist
608 1650 680 1730 erit,
699 1651 830 1718 collecta
847 1653 942 1739 paulo
959 1653 1032 1740 plus
1051 1654 1106 1721 de-

65 1776 130 1821 em
146 1770 309 1817 annorum
321 1746 479 1826 felicitate,
494 1769 589 1832 quam
603 1747 658 1832 qui
675 1770 712 1814 eo
726 1747 888 1826 extollunt,
903 1749 989 1835 quod
1005 1772 1107 1859 popu·
1124 1766 1138 1815 9

65 1872 105 1917 ns
121 1847 299 1916 Romanus
318 1841 378 1910 etsi
394 1843 481 1909 nullo
498 1842 590 1921 bello,
609 1841 717 1909 multis
734 1851 840 1909 tamen
856 1843 1032 1929 proeliis
1002 1853 1066 1910 vrct
1066 1867 1104 1910 us

65 1945 109 2024 it,
126 1938 322 2008 Alexandro
340 1936 457 2003 nullius
474 1960 601 2023 pugnae
618 1960 683 2003 non
701 1938 841 2004 secunda
857 1937 984 2005 fortuna
1000 1938 1106 2019 fuerit,

65 2060 128 2105 ton
147 2033 348 2121 intellegunt,
364 2054 398 2098 se
411 2030 547 2098 hominis
565 2055 615 2099 res
633 2042 741 2120 gestas
760 2042 792 2099 ct
809 2032 877 2099 cius
894 2032 1018 2100 iuvenis
1033 2056 1107 2100 cum

65 2127 211 2221 ιοριιΙί
200 2151 267 2193 ram
288 2126 583 2215 octingentesimum
605 2126 751 2194 bellantis
774 2151 892 2194 annum
913 2126 1008 2194 rebus
1031 2151 1106 2195 con-

65 2231 159 2296 'm-e.
188 2223 349 2301 miremur,
364 2223 401 2301 si,
417 2245 489 2288 cum
503 2243 544 2287 ex
560 2220 620 2287 hac
638 2231 726 2332 parte
744 2222 871 2287 saecula
886 2221 979 2308 plura
995 2246 1106 2288 nume·
1125 2243 1156 2290 10

65 2331 176 2391 entur
195 2340 293 2404 quam
311 2339 352 2384 ex
368 2317 423 2384 illa
440 2317 528 2395 anni,
552 2315 651 2402 plus
642 2339 676 2381 m
693 2325 758 2382 tam
774 2315 871 2403 longo
890 2317 991 2402 spatio
1009 2339 1106 2400 quam

65 2443 85 2497 n
111 2423 229 2484 aetate
252 2412 403 2478 tredecim
424 2433 578 2478 annorum
604 2411 731 2476 fortuna
751 2410 938 2476 variaverit?
972 2411 1049 2496 quin
1070 2422 1106 2477 tu
1125 2431 1155 2478 11

65 2508 209 2581 [ominis
235 2530 309 2574 cum
329 2506 457 2574 homine
478 2516 510 2572 et
531 2504 621 2572 ducis
645 2528 718 2572 cum
739 2505 820 2571 duce
846 2505 1006 2571 fortunam
1032 2529 1105 2572 cum

65 2611 199 2685 brtuna
221 2602 366 2670 confers?
399 2611 476 2688 quot
492 2601 654 2667 Romanos
672 2601 770 2667 duces
791 2601 966 2679 nominem,
988 2599 1155 2686 quibus12

65 2721 247 2786 ⁸umquam
264 2699 398 2764 adversa
414 2697 541 2763 fortuna
557 2714 685 2785 pugnae
702 2695 777 2762 fuiti
803 2695 937 2785 paginas
955 2696 989 2760 in
1006 2719 1104 2762 anna-

65 2801 148 2867 Lbus
178 2793 426 2881 magistratuum
452 2792 516 2858 fast
504 2793 607 2878 tisque
633 2814 813 2879 percurrere
839 2792 914 2858 licet
938 2792 1106 2858 consulum

65 2898 336 2973 ictatorumque,
359 2909 494 2973 quorum
511 2910 571 2954 nec
587 2887 712 2954 virtutis
734 2910 793 2954 nec
810 2886 955 2954 fortunae
972 2887 1037 2954 ullo
1054 2889 1105 2955 dic

65 2984 227 3078 apulum
248 2982 430 3048 Romanum
455 2983 548 3069 paeni
550 2983 618 3048 tuit
662 2991 694 3047 et
720 3004 783 3066 quo
810 2978 874 3048 s‘int
860 2983 1105 3050 tmirabiliores
1125 2997 1157 3047 13

65 3077 362 3172 uamAlexander
379 3087 434 3143 aut
450 3077 618 3163 quisquam
634 3099 701 3154 rex,
716 3076 858 3141 denos
827 3098 1018 3160 vrcenosque
1036 3078 1104 3142 dies

68 3176 200 3246 uidam
219 3172 316 3237 dictat
304 3180 419 3251 t,uram
442 3195 536 3238 nemo
558 3171 630 3257 plus
649 3194 745 3257 quam
766 3192 885 3235 annum
907 3169 1104 3234 consulatum

65 3271 183 3357 :essin
203 3265 247 3333 ab
265 3265 399 3333 tribunis
416 3266 517 3354 plebis
536 3265 630 3332 dilect
618 3276 668 3332 tus
686 3265 817 3352 inpediti
835 3272 918 3342 sunt,
935 3273 1008 3350 post
1026 3274 1104 3328 tem·
1123 3280 1156 3328 14

65 3393 117 3438 us
139 3363 190 3431 ad
209 3359 320 3427 bella
310 3370 426 3439 rerrmt‚
449 3371 522 3426 ante
539 3372 665 3448 tempus
683 3361 778 3426 comit
779 3361 880 3425 iorum
901 3380 998 3424 causa
1014 3381 1105 3425 revo-

65 3464 120 3535 μᾶ
143 3465 236 3535 sunt,
249 3455 284 3520 in
300 3457 371 3566 ipso
384 3467 498 3522 conatu
514 3479 618 3521 rerum
638 3456 820 3541 circumegit
835 3476 870 3519 se
883 3477 994 3533 annus,
1009 3453 1104 3521 colle-
1122 3469 1155 3520 15

65 3581 118 3643 ae
138 3572 235 3622 nune
253 3551 411 3616 temeritas
429 3573 513 3617 nunc
530 3552 669 3638 pravitas
687 3550 899 3636 inpedimento
915 3558 970 3614 aut
987 3548 1104 3614 damno

65 3656 130 3732 uit,
152 3645 244 3714 male
260 3647 360 3735 gestis
377 3645 472 3712 rebus
490 3646 617 3713 alterius
637 3666 819 3711 successum
832 3652 891 3721 est,
904 3643 1037 3709 tironem
1050 3650 1104 3708 aut

65 3749 151 3829 pala
169 3742 368 3829 disciplina
359 3765 408 3808 ms
411 3743 537 3807 titutum
559 3741 675 3807 exercit
677 3762 730 3803 um
751 3749 948 3825 acceperunt.
983 3737 1154 3804 ather-16

65 3846 132 3913 ule
158 3860 257 3925 reges
279 3859 344 3902 non
365 3837 456 3902 liberi
482 3837 585 3901 solum
610 3835 813 3922 inpediment
804 3858 832 3899 rs
858 3832 1019 3910 omnibus,
1046 3831 1103 3896 sed

65 3934 190 4009 bamini
208 3953 313 3998 rerum
331 3941 569 4019 temporumque
587 3932 715 3996 trahunt
732 3930 869 3997 consiliis
891 3938 1018 4003 cuncta,
1040 3948 1102 3990 non

65 4039 229 4104 ecuntur.
268 4027 405 4094 invictus
428 4050 504 4115 ergo
521 4026 704 4094 Alexander
724 4048 798 4093 cum
819 4025 945 4093 invictis
968 4019 1101 4088 ducibus
1119 4040 1152 4087 ιι
