2566 4524
144 220 210 289 384
398 231 516 287 LIBER
533 229 604 303 VH,
622 229 666 285 32.
678 230 720 285 33.
740 230 924 302 [a.u.c.411]

146 415 228 458 anno
250 390 370 456 familia
391 388 453 455 ista
474 388 685 468 consulatum,
713 409 776 473 quo
803 387 881 455 urbs
907 387 988 455 haec
1011 389 1145 455 consulem

95 509 129 558 14
145 486 293 567 habuit;''
318 486 488 551 nunciam
509 484 601 551 nobis
624 483 766 571 patribus
792 482 949 569 vobisque
974 483 1076 572 plebei
1096 507 1148 572 pro
1183 538 1185 547 .

144 582 285 648 miscuus
304 579 446 647 consulat
433 587 484 644 tus
496 588 583 665 patet
595 601 654 645 nec
666 579 806 666 generis,
824 588 860 645 ut
874 587 963 659 ante,
982 580 1040 647 sed
1051 579 1149 645 virtutis

146 686 195 743 est
210 675 395 762 praemium.
430 674 560 784 proinde
579 696 737 739 summum
755 674 904 759 quodque
922 682 1075 761 spectate,
1090 672 1151 739 mili
1182 694 1185 727 ¹

96 792 128 840 15
146 780 209 850 tes,
236 771 342 835 decus.
378 790 442 834 non
464 768 491 834 si
513 768 591 832 mihi
616 790 734 835 novum
758 768 820 835 hoc
842 767 977 835 Corvini
1002 790 1185 871 cognomen

146 865 206 930 diis
229 861 409 930 auctoribus
431 862 574 929 homines
593 862 738 942 dedistis,
760 861 1001 930 Publicolarum
1017 872 1153 931 vetustum
1182 826 1185 921 l

96 980 128 1028 rs
146 959 285 1025 familiae
301 969 426 1024 nostrae
445 981 620 1046 cognomen
637 958 789 1025 memoria
802 959 950 1025 excessit
978 981 1096 1047 semper
1104 980 1154 1068 ego

145 1055 271 1142 plebem
293 1053 470 1119 Romanam
495 1053 624 1119 militiae
646 1054 807 1139 domique,
834 1053 995 1139 privatus,
1021 1054 1056 1119 in
1073 1052 1155 1141 magi·

146 1160 222 1215 strat
211 1150 295 1215 tibus
320 1149 426 1235 parvis
453 1148 653 1235 magnisque,
685 1170 785 1234 aeque
811 1146 957 1215 tribunus
988 1170 1028 1217 ac
1056 1147 1154 1227 consul,

145 1246 291 1311 eodemt
279 1253 387 1311 tenore
407 1265 464 1331 per
485 1267 595 1312 omnes
618 1245 766 1331 deinceps
789 1244 973 1311 consulatus
995 1244 1067 1312 colo
1081 1252 1154 1329 atqm

96 1359 127 1406 ιι
146 1339 238 1405 colui.
282 1361 366 1404 nunc
383 1339 469 1423 quod
485 1339 595 1418 instat,
614 1338 674 1404 diis
691 1337 774 1405 bene
790 1337 975 1405 iuvantibus
993 1362 1108 1406 novum
1120 1347 1154 1403 at-

147 1456 207 1518 que
225 1434 383 1519 integrum
400 1433 440 1498 de
459 1431 656 1500 Samnitibus
673 1433 866 1519 triumphum
883 1455 1014 1501 mecum
1030 1432 1133 1522 petite'

114 1549 127 1595 1
209 1527 383 1592 XXXIII.
418 1526 490 1592 Non
507 1527 585 1593 alias
603 1527 694 1592 militi
710 1527 892 1594 familiarior
909 1528 978 1594 dux
995 1528 1059 1595 fuit
1073 1525 1155 1594 ommia

112 1622 229 1688 ainter
249 1621 374 1687 infimos
398 1620 533 1685 militum
555 1621 641 1687 haud
662 1630 791 1709 gravate
817 1622 926 1687 munia
952 1621 1106 1691 obeundo.
1131 1620 1155 1685 iu

145 1715 220 1781 ludo
233 1724 394 1801 praeterea
406 1714 545 1792 militari,
565 1737 637 1780 eum
655 1714 829 1781 velocitatis
847 1714 1030 1801 viriumque
1046 1717 1117 1783 inter
1129 1734 1154 1779 ae

147 1810 294 1896 aequales
308 1811 477 1876 certamina
489 1810 612 1890 ineunt,
632 1811 761 1877 comiter
773 1810 885 1894 facilis,
903 1812 1035 1879 vincere
1047 1808 1155 1880 actim

146 1905 235 1969 vultu
249 1905 360 1970 eodem
373 1926 432 1969 nec
445 1926 635 1990 quemquam
653 1906 814 1992 aspernari
830 1928 941 1993 parem
959 1908 1017 1992 qui
1035 1930 1069 1975 se
1084 1906 1154 1974 offer·

112 2009 208 2077 aret,
236 1998 328 2064 factis
350 1998 506 2085 benignus
529 2022 586 2086 pro
608 2023 656 2079 re,
684 2000 775 2066 dictis
797 2000 883 2066 haud
899 2001 1010 2069 minus
1027 1999 1153 2071 libertati·

146 2092 267 2157 alienae
284 2115 380 2177 quam
398 2114 474 2158 suae
491 2092 653 2180 dignitatis
670 2116 791 2160 memor
808 2105 853 2174 et,
872 2116 937 2180 quo
955 2096 1037 2163 nihil
1048 2094 1154 2185 popnb

146 2187 211 2253 rius
231 2195 291 2265 est,
311 2186 425 2272 quibus
444 2187 563 2254 artibus
581 2188 714 2275 petierat
726 2190 944 2276 magistratus,
962 2190 1154 2280 iisdemgete·

112 2280 210 2348 ebat.
255 2282 360 2367 itaque
383 2283 549 2349 universus
572 2284 728 2350 exercitus
750 2284 927 2351 incredibili
944 2282 1153 2353 alacritateud·

111 2397 129 2445 5
146 2376 354 2443 hortationem
371 2387 556 2464 prosecutus
575 2378 663 2444 ducis
682 2379 793 2444 castris
811 2379 982 2466 egreditur.
1015 2381 1152 2469 proelium

147 2482 182 2535 ut
199 2473 285 2557 quod
302 2474 438 2538 maxime
456 2494 620 2556 umquam,
639 2474 708 2559 pari
722 2496 792 2559 spe,
810 2474 969 2559 utrimque
982 2470 1153 2562 aequisvirl-
1182 2484 1185 2555 J

147 2565 222 2645 bus,
242 2589 315 2632 cum
328 2567 443 2632 fiducia
456 2567 519 2645 sui,
540 2569 606 2633 sine
621 2577 803 2655 contemptu
816 2568 958 2634 hostium
971 2571 1151 2636 commitem
1181 2638 1185 2647 ,

112 2672 204 2730 aest.
251 2659 446 2727 Samnitibus
469 2660 619 2727 ferociam
641 2662 801 2749 augebant
821 2685 923 2728 novae
945 2687 1000 2731 res
1022 2666 1151 2755 gestaeet
1180 2658 1185 2673 '

146 2776 265 2841 paucos
284 2765 356 2819 ante
374 2756 441 2820 dies
459 2757 618 2842 geminata
635 2757 779 2837 victoria,
803 2756 958 2824 Romanis
977 2771 1085 2826 contra
1097 2775 1150 2843 qut·

148 2849 383 2933 dringentorum
411 2873 564 2916 annorum
586 2851 700 2916 decora
721 2860 753 2916 et
774 2852 918 2916 conditae
942 2852 1016 2919 urbi
1038 2846 1149 2938 aequali
1182 2866 1185 2871 '

115 2942 292 3022 evictoria3
328 2943 511 3029 utrisquet
512 2967 604 3010 amen
633 2968 735 3011 novus
766 2945 867 3012 hostis
893 2968 1007 3013 curam
1033 2943 1147 3014 addebat

145 3059 254 3123 pugna
278 3038 394 3104 indicio
421 3039 495 3117 fuit,
521 3062 601 3124 quos
628 3040 783 3126 gesserint
809 3041 948 3108 animos:
975 3061 1106 3129 namque
1119 3036 1147 3101 11
1175 3118 1185 3129 ,

146 3133 407 3212 conflixerunt,u
407 3134 652 3219 altiquamdiu
643 3158 676 3199 m
692 3144 834 3201 neutram
853 3145 978 3222 partem
995 3132 1146 3203 mmmm
1177 3192 1185 3201 .

111 3245 128 3294 8
147 3228 239 3292 acies.
268 3238 336 3293 tum
349 3229 484 3294 consult
473 3229 616 3316 trepidat
607 3252 712 3294 ronem
725 3229 917 3296 iniciendam
929 3241 1036 3312 ratus,
1052 3222 1145 3318 quud·
1174 3266 1185 3305 :

146 3323 178 3385 vi
203 3323 278 3409 pelli
303 3347 366 3390 non
387 3334 544 3411 poterant,
572 3324 765 3409 equitibus’
756 3325 895 3392 mmissis
924 3322 1145 3413 turbareque·

113 3416 332 3501 asignat
260 3417 332 3483 host
333 3419 399 3484 ium
422 3428 513 3485 conat
513 3442 559 3483 ur.
605 3440 684 3502 quos
702 3418 758 3484 ubi
773 3420 970 3505 nequiquam
988 3420 1145 3505 οιιιιιιι1οιιΙ·Ι

147 3521 246 3576 tmes
264 3512 365 3597 spatio
383 3513 498 3600 exiguo
512 3513 663 3578 volveret
651 3522 770 3579 turmas
784 3513 863 3579 vidit
850 3506 1144 3603 tneeposseapei·
1180 3520 1185 3531 ’

145 3606 179 3669 in
200 3604 358 3671 hostes
328 3629 426 3686 mam,
453 3616 559 3674 revect
558 3630 597 3673 us
547 3607 661 3673 tad
682 3607 906 3732 antesignanos
924 3609 1132 3707 legionum·
1094 3616 1145 3675 011·

6 3747 10 3753 -
97 3719 128 3768 ιο
147 3700 324 3767 desiluisset
311 3709 381 3766 tex
399 3724 495 3786 equo:
523 3701 692 3769 ‘'nostrum
709 3703 811 3787 inquit
828 3704 989 3789 ‘peditum
1004 3702 1088 3781 illud,
1102 3712 1140 3761 11·
1171 3754 1178 3763 .

145 3795 230 3873 lit,es
250 3797 599 3884 estopus3ag1t't,edum
618 3807 653 3863 ut
670 3820 721 3863 me
738 3797 893 3883 videritis,
914 3787 1140 3884 quacumquc'u·

146 3912 271 3957 cessero
293 3893 327 3956 in
347 3893 447 3958 aciem
469 3893 622 3972 hostiurn,
645 3891 777 3960 ferro'
746 3917 832 3959 mam
849 3893 1034 3975 facientem,
1052 3891 1138 3971 010111

145 4009 181 4052 se
198 3989 332 4073 quisque
350 3989 460 4057 obvios
484 3992 594 4058 sternit
594 4013 626 4058 et
653 3992 708 4058 illa
729 3993 850 4073 omnia,
872 4015 938 4079 qua
954 4016 1037 4061 nunc
1052 3992 1138 4058 000011
