2566 4524
143 260 206 326 416
343 271 460 326 LIBER
477 268 563 339 vul,
581 268 624 323 ιι.
638 268 679 323 18.
699 272 774 338 [au.
785 268 971 340 maa-424]

110 432 221 503 reela.
266 453 286 495 a
316 428 431 512 quibus
462 450 533 492 cum
561 426 871 494 dilectus-intentius
898 449 994 511 quam
1020 428 1147 494 adverms
1184 492 1187 499 ,

144 526 277 591 finitima
303 521 386 589 bella
415 521 595 601 haberetur,
632 522 843 609 exploratores
874 522 967 588 missi
995 522 1146 600 attuleruut,
1184 534 1187 593 t

111 622 251 706 squieta
277 619 382 684 omnia
407 618 492 702 apud
515 614 624 683 Gallos
647 639 727 682 esse.
774 613 942 682 Samnium
964 639 1085 703 quoque
1102 618 1148 682 ian

146 716 278 780 alterum
296 735 412 777 annum
430 711 549 777 turbari
566 712 656 777 novis
675 711 813 778 consiliis
831 721 1016 798 suspectum
1033 722 1105 779 erat:
1120 733 1148 777 eo

112 834 127 880 a
146 833 187 876 ex
204 832 280 896 agro
300 807 440 874 Sidicino
459 808 613 873 exereitus
626 807 790 872 Romanus
807 828 872 872 non
890 807 1055 874 deductus.
1085 816 1148 873 eata·

144 901 216 969 rum
244 900 401 968 Samnites
427 900 546 966 bellum
571 900 746 967 Alexandri
771 901 939 988 Epirensis
967 902 1000 968 in
1023 903 1148 969 Lucanos

146 999 254 1076 traxit,
290 998 343 1082 qui
374 998 437 1062 duo
462 997 572 1083 populi
598 996 750 1062 adversus
775 1018 884 1084 regem
911 997 1150 1064 escensionema-

97 1116 129 1165 ιο
147 1093 263 1158 Paesto
284 1091 452 1156 facientem
475 1092 573 1178 signis
596 1091 727 1156 conlatis
748 1103 981 1178 pugnaverunt.
1017 1114 1053 1159 ea
1073 1100 1151 1158 aru

147 1188 231 1252 mine
250 1186 391 1272 superior
408 1184 598 1264 Alexander,
621 1185 787 1264 incertum,
811 1207 875 1270 qua
891 1185 956 1251 fide
974 1183 1150 1265 cultmuari

147 1281 276 1368 perinde
294 1289 397 1346 cetera
413 1281 655 1366 processissent,
678 1302 789 1367 paoem
808 1301 880 1345 oum
897 1279 1061 1362 Romanis.

67 1458 71 1465 Ι
98 1402 127 1446 ιι
211 1376 336 1441 Eodem
355 1398 435 1440 anno
455 1398 568 1442 census
587 1386 675 1441 actus
693 1375 829 1460 novique
846 1375 933 1442 cives
952 1377 1053 1456 censi,
1074 1373 1150 1441 tribus

147 1480 275 1557 propter
292 1492 345 1535 eos
365 1469 488 1534 additae
506 1468 633 1534 Maecia
651 1477 682 1534 et
701 1467 838 1554 Scaptia.
880 1491 1030 1536 censores
1048 1469 1150 1535 addide-

99 1575 220 1635 larunt
243 1563 284 1646 Q.
306 1564 463 1630 Publilius
485 1564 592 1642 Philo,
623 1562 678 1650 Sp.
702 1564 896 1630 Postumius.
941 1564 1078 1630 Romani
1095 1561 1151 1629 facti

148 1658 302 1724 Acerrani
329 1658 400 1745 lege
426 1658 466 1723 ab
489 1659 531 1723 L.
554 1658 683 1744 Papirio
708 1667 851 1746 praetore
873 1658 917 1724 lat
904 1667 952 1738 ta,
981 1682 1046 1744 qua
1064 1658 1149 1724 civitas

148 1756 215 1820 sine
234 1755 384 1841 suffragio
398 1755 480 1819 data.
516 1754 594 1819 haee
613 1777 650 1820 eo
668 1777 749 1820 anno
767 1755 852 1820 domi
869 1754 1064 1841 militiaeque
1075 1761 1149 1843 gesta

116 1875 128 1919 1
212 1848 343 1914 XVIH.
370 1849 525 1915 Foedus
516 1871 684 1933 rnsequens
703 1873 803 1915 annus
822 1872 880 1916 seu
895 1850 1079 1938 intemperie
1094 1845 1150 1914 caeli

149 1966 205 2007 seu
223 1945 360 2007 humana
377 1943 488 2007 fraude
505 1943 578 2022 fuit,
597 1943 644 2008 M.
661 1943 795 2009 Claudio
808 1943 979 2023 Marcello,
998 1941 1149 2010 Tinea

114 2058 130 2103 2
149 2038 339 2103 consulibus.
376 2038 526 2103 Flaccum
541 2039 628 2105 Petit
615 2050 745 2124 tumque
762 2040 848 2105 varie
865 2040 899 2105 in
916 2040 1083 2106 annalibus
1097 2059 1150 2124 cog·

148 2155 264 2198 nomen
286 2133 422 2198 consulis
445 2135 584 2198 invenio:
612 2144 751 2200 ceterum
771 2135 806 2200 in
823 2157 861 2201 eo
878 2136 970 2221 parvi
988 2135 1083 2201 refert
1096 2128 1149 2218 qul

147 2228 215 2294 veri
237 2227 287 2293 sit.
330 2227 408 2292 illud
429 2228 580 2314 pervelim
601 2267 643 2277 -
664 2251 723 2295 neo
745 2251 854 2295 omnes
876 2238 1024 2296 auctores
1046 2238 1110 2296 sunt
1122 2258 1149 2275 ··

148 2323 307 2408 proditum
334 2322 416 2388 falso
444 2345 528 2401 esse,
555 2325 684 2390 venenis
708 2325 906 2410 absumptos,
935 2347 1070 2408 quorum
1090 2339 1149 2387 non

115 2438 130 2484 3
148 2417 299 2482 infamem
316 2441 434 2483 annum
455 2417 632 2503 pestilentia
653 2419 775 2484 feeerit:
804 2419 886 2483 siout
906 2421 1052 2505 proditur
1072 2412 1149 2482 tamar

149 2534 213 2591 res,
236 2535 276 2577 ne
296 2513 346 2577 cui
364 2521 527 2577 auctorum
544 2512 639 2577 fidem
658 2513 889 2601 abrogaverim,
913 2515 1098 2600 exponenda
1111 2516 1147 2575 est

114 2626 131 2671 4
150 2630 221 2672 eum
243 2607 395 2693 primores
419 2608 552 2672 civitatis
576 2608 729 2674 similibus
749 2607 866 2673 morbis
885 2609 1061 2693 eodemque
1077 2608 1149 2672 ferme

149 2724 258 2767 omnes
277 2711 391 2766 eventu
409 2711 611 2780 morerentur,
630 2703 743 2768 ancilla
761 2703 916 2786 quaedam
931 2705 973 2767 ad
987 2702 1029 2786 Q.
1044 2701 1149 2769 Fabium

148 2797 327 2861 Maximum
345 2796 478 2860 aedilem
496 2797 636 2861 curulem
652 2797 859 2862 indicaturam
879 2819 913 2862 se
933 2820 1063 2863 causam
1075 2791 1150 2883 publi·

150 2913 205 2955 cae
231 2890 329 2974 pestis
355 2890 500 2974 professa
526 2901 587 2969 est,
616 2892 643 2956 si
665 2890 705 2956 ab
729 2913 766 2956 eo
788 2891 867 2955 fides
895 2891 959 2956 sibi
985 2894 1060 2959 data
1083 2894 1148 2960 aad

116 3004 131 3049 ι
150 2984 236 3048 haud
253 2982 394 3048 futurum
411 2985 523 3050 noxiae
541 2985 701 3050 indicium.
736 2985 855 3050 Fabius
870 2986 1043 3052 confestim
1055 2976 1150 3052 remttl

149 3078 308 3157 consules,
329 3079 474 3144 consules
493 3080 533 3144 ad
553 3089 695 3144 senatum
712 3078 865 3156 referunt,
889 3096 1149 3167 consensuqueor·

114 3177 230 3241 fidinis
249 3174 328 3240 fides
346 3175 442 3240 indici
460 3175 542 3240 data.
587 3185 654 3239 tum
671 3184 726 3261 pat
714 3175 809 3240 ttefac
796 3184 878 3252 trun,
902 3176 1052 3242 muliebri
1068 3168 1149 3275 ιιιιιι
1182 3192 1187 3239 1

148 3272 306 3356 civitatem
331 3271 431 3356 premi
456 3279 677 3353 matronasque
704 3293 741 3335 ea
766 3291 889 3334 venena
915 3292 1054 3356 coquere
1079 3260 1150 3348 etti

115 3381 128 3425 ι
150 3387 240 3447 sequi
228 3365 414 3451 extemplo
427 3365 538 3442 velint,
557 3364 705 3430 manifest
693 3373 725 3429 ιο
738 3362 931 3448 deprehendi
945 3381 1055 3452 posset
1067 3354 1150 3430 seculi

148 3458 336 3521 indicemet
323 3459 519 3542 tcoquentis
542 3459 695 3542 quasdam
717 3458 925 3523 medicament
913 3468 1004 3525 taet
991 3455 1149 3525 trecondta

115 3550 191 3613 slot
192 3549 284 3614 alia
275 3562 469 3617 mvenerunt.
506 3553 651 3638 quibus
642 3576 675 3617 ιιι
698 3552 802 3618 forum
824 3551 938 3618 delatis
958 3563 992 3619 et
1009 3555 1052 3620 ad
1067 3540 1148 3639 vigint

147 3644 312 3722 matronis,
336 3647 420 3731 apud
442 3669 520 3756 quas
542 3647 737 3733 deprehensa
754 3656 855 3725 erant,
878 3669 938 3733 per
956 3649 1102 3715 viatorem
1116 3662 1148 3709 ιι·
1183 3642 1187 3673 ³

148 3737 231 3816 citis,
260 3739 341 3804 duae
364 3762 402 3804 ex
425 3742 470 3806 eis
491 3740 638 3807 Cornelia
660 3764 697 3806 ao
717 3739 842 3828 Sergia,
870 3743 1025 3826 patriciae
1045 3752 1147 3822 unaue

147 3833 264 3920 gentis,
293 3858 364 3900 eum
387 3860 424 3902 ea
446 3839 674 3903 medicamenta
695 3837 834 3902 salubria
852 3859 924 3902 esse
944 3836 1145 3905 contenderat
1186 3856 1187 3863 ’

147 3927 187 3992 ab
215 3928 396 3996 confutante
422 3933 524 3997 indice
550 3932 657 3997 bibere
684 3933 802 4009 iussae,
831 3940 866 3995 ut
890 3955 925 3998 se
948 3932 1064 3998 falsum
1088 3944 1145 3994 οοιι

114 4039 129 4088 a
147 4035 284 4091 mentam
302 4038 483 4116 arguerent,
508 4029 608 4115 spatio
627 4029 667 4094 ad
685 4028 940 4112 conloquendum
959 4036 1082 4116 sumpto
1096 4036 1145 4088 ιιι
