2566 4524
301 255 837 335 umnaV‚1n1s.n.o.so1—ass]
1014 247 1079 321 265

77 439 203 492 onorem
221 415 263 486 sit
280 413 415 488 lisbius.
441 415 496 487 alii
514 414 574 488 Cn.
586 413 713 491 Corneli
730 415 846 495 fratria
861 415 918 503 qui
935 417 1079 491 tribunus

77 512 186 587 silitum
204 509 307 599 priore
328 532 412 581 anno
434 509 538 583 fuerst
560 509 735 598 triplexque
757 510 948 599 stipendium
967 512 1080 598 equiti-

77 629 111 675 us
132 607 279 691 deuexa,
305 603 409 696 gratia
430 613 605 678 extractum
627 605 668 675 ad
693 613 814 671 amum
839 605 989 683 honorem
1015 627 1081 675 cre-

77 712 143 778 unt,
167 700 222 774 atii
241 697 413 770 orationem
431 697 537 783 ipsum
554 698 773 784 tempestivam
791 699 831 772 de
849 701 1014 773 concordis
1031 722 1081 773 or»

77 794 159 869 inum
187 792 333 886 patribus
358 791 505 885 plebique
523 803 645 878 gratam
671 792 830 867 habuisse
869 794 931 863 hac
951 795 1082 868 victoria
1100 815 1133 871 m

77 890 253 964 omitiorum
275 887 449 961 exultantes
472 886 588 958 tribuni
608 886 724 977 plebis,
751 889 837 973 quod
857 891 994 962 maxime
1012 903 1082 963 rem

77 979 422 1074 uhbeaminpediebar,
440 979 810 1053 detributoremiserunt.
832 982 979 1055 collatum
986 983 1083 1053 oboe-

77 1079 173 1151 buter
191 1077 387 1170 missumque
405 1075 446 1147 sd
463 1075 635 1146 exercitum
653 1085 711 1149 est·

118 1171 219 1247 XIII·
251 1168 367 1237 Anxur
384 1168 418 1242 in
435 1167 562 1243 Volscis
580 1168 668 1243 brevi
685 1179 846 1258 receptum
867 1182 916 1244 ast
932 1171 1082 1262 neglectis
1102 1193 1116 1241 1

77 1267 111 1342 lio
125 1267 205 1339 festo
224 1262 376 1339 custodiis
394 1263 491 1335 urbis·

121 1359 259 1457 insignis
282 1380 383 1431 annus
404 1357 508 1431 hieme
529 1358 634 1450 gelida
656 1381 693 1424 sc
714 1359 826 1431 nivcss
847 1359 908 1430 fun
928 1360 1022 1439 sdes,
1048 1368 1085 1433 ut

77 1454 126 1530 ne
143 1454 282 1541 clausae
299 1452 423 1527 Tiberis
441 1453 661 1549 innavigabilis
680 1454 783 1526 fuerit..
813 1478 938 1528 annona
955 1476 995 1527 ex
1012 1464 1085 1528 ants

77 1560 207 1614 convecta
224 1547 315 1633 copia
332 1546 410 1611 nihil
427 1547 568 1612 mutavit.
605 1558 637 1612 et
653 1548 728 1631 quia
743 1548 782 1613 P.
800 1550 958 1627 Licinius,
981 1559 1017 1620 ut
1034 1567 1119 1624 netz

77 1654 144 1731 sent
160 1643 248 1718 haud
265 1642 457 1716 tumultuose
474 1643 694 1737 magistratum
711 1644 828 1714 maiore
849 1645 967 1737 gaudio
982 1643 1084 1734 plebis

77 1757 152 1831 pum
168 1736 384 1846 indignatione
401 1745 542 1824 patrum,
567 1737 612 1805 ita
632 1737 727 1809 etism
748 1738 860 1825 gessit,
888 1738 1021 1807 dulcedo
1038 1738 1086 1810 in,

77 1831 141 1906 vuit
155 1831 307 1929 prasinis
330 1828 463 1904 comitiis
486 1829 681 1904 tribunorum
703 1828 836 1903 militum
856 1831 997 1924 plebeios
1020 1853 1087 1904 ere-

79 1925 143 1999 snrls
175 1947 258 1999 nnus
276 1923 324 1994 Μ,
343 1923 494 1998 Veturius
513 1947 553 1990 ex
569 1925 708 2013 patriciis
727 1926 900 2000 candidatis
917 1925 1022 1997 locum
1040 1934 1085 1991 te·
1103 1945 1121 1993 a

80 2018 144 2102 uin
165 2020 306 2107 plebeios
329 2019 406 2093 alios
429 2018 570 2094 tribunos
593 2021 727 2091 militum
753 2021 910 2093 consulari
954 2028 1086 2095 casare

82 2133 167 2189 auses
175 2114 243 2189 fero
252 2114 408 2187 centuriae
422 2114 542 2188 disere:
561 2113 609 2186 M,
618 2114 840 2202 Pomponium,
861 2043 1085 2197 Cniluiliurn,

82 2202 448 2301 breonem-Publilius,
468 2207 528 2283 cn,
549 2206 736 2287 Genucium,
755 2208 960 2281 nutilium.

129 2302 261 2377 Tristem
277 2303 428 2381 hiemem,
454 2303 520 2376 sive
538 2325 578 2373 es
595 2302 778 2395 intemperie
792 2301 871 2373 eseli
887 2303 1001 2390 raptim
1018 2324 1087 2372 mu·
1104 2322 1121 2369 4

84 2395 176 2472 talione
191 2399 224 2462 in
240 2397 430 2471 contrarium
447 2397 532 2471 facts
550 2397 616 2469 sive
634 2395 776 2483 aliaque
793 2396 833 2465 de
851 2417 961 2474 eausa,
979 2395 1086 2487 grsvis

84 2490 270 2583 pesfflensque
289 2490 434 2565 omnibus
453 2490 640 2563 animalibus
659 2500 761 2561 aestas
780 2490 912 2584 excepit.
936 2489 1025 2561 ouius
1038 2489 1122 2560 iun-s

88 2584 192 2658 sanabili
209 2587 347 2675 pernicie
364 2587 490 2673 quando
507 2608 566 2658 nec
583 2608 679 2658 carisa
696 2607 755 2657 neo
772 2584 844 2658 finio
860 2580 1087 2660 inveniebatur,

86 2671 139 2742 ibri
157 2679 301 2767 Sibyllini
323 2702 362 2753 ex
387 2691 514 2753 senatus
537 2679 679 2753 consulto
706 2680 783 2752 aditi
809 2689 890 2752 sunt.
931 2676 1122 2750 duumviris

86 2773 161 2845 suris
177 2775 342 2853 faciundis,
361 2775 550 2847 lectisternio
564 2787 638 2847 tuno
655 2775 837 2863 primumin
854 2773 931 2847 urbe
945 2772 1089 2847 Rouana

85 2862 162 2945 seclo,
187 2893 242 2965 per
264 2870 330 2941 dies
354 2879 424 2935 octo
442 2867 625 2955 Apollinem
641 2869 864 2962 Latonamque
886 2878 918 2941 et
938 2866 1088 2953 Dianam,

86 2952 245 3042 Hennam,
268 2961 463 3035 Mercurium
481 2973 574 3047 atque
592 2962 774 3049 Neptunum
792 2962 891 3035 tribus
910 2983 1005 3045 quam
1023 2985 1089 3034 um-
1138 3024 1142 3033 ,

87 3051 211 3145 pissume
228 3069 296 3131 tum
314 3057 457 3149 apparari
473 3067 595 3144 poterat
613 3052 716 3129 stratis
729 3057 818 3127 lectis
831 3056 1005 3142 placavere.
1027 3055 1124 3149 pri-r

89 3148 165 3223 vatin
179 3175 301 3239 quoqne
317 3153 351 3217 id
369 3174 493 3225 sacrum
511 3151 701 3223 celebratum
719 3161 775 3221 est.
803 3159 868 3222 tota
885 3149 962 3221 urba
980 3158 1090 3241 paten-

89 3237 154 3317 tibus
167 3246 266 3323 ianuis
282 3247 502 3339 promiscaque
520 3268 581 3311 usu
598 3269 703 3319 renum
720 3244 858 3315 omnium
875 3243 909 3313 in
925 3241 1089 3335 propatulo

87 3337 167 3423 Posito
182 3354 273 3409 notos
291 3342 478 3430 ignotosque
496 3341 615 3426 passim
633 3341 770 3407 advenas
783 3339 816 3402 in
829 3336 999 3431 hospitium
1014 3335 1090 3408 duc

89 3433 125 3503 lon
144 3435 242 3510 fenmt
269 3447 300 3505 et
327 3459 400 3510 cum
426 3435 561 3500 inimicis
588 3456 712 3525 quoque
734 3432 870 3520 benigne
897 3453 934 3503 ac
960 3431 1091 3503 comitor

90 3541 222 3599 lnmones
244 3530 384 3615 habitos,
409 3530 520 3617 iurgiis
543 3551 581 3594 ac
602 3528 708 3599 litibus
731 3535 951 3619 temperatum,
976 3525 1126 3596 vinetiss

91 3635 189 3713 quoque
206 3628 334 3713 dempta
350 3626 384 3699 in
401 3648 456 3699 eos
470 3625 539 3691 dies
552 3621 690 3693 vincula:
709 3619 852 3709 religioni
866 3619 978 3685 deinde
991 3618 1091 3691 fuisse

91 3715 179 3801 qubus
196 3745 267 3798 eam
284 3743 378 3811 opem
395 3719 439 3784 dii
456 3719 601 3792 tulissent
618 3716 737 3785 vinciri.

135 3813 258 3891 Interim
275 3814 317 3882 nd
333 3813 432 3881 Veios
450 3823 549 3885 terror
566 3810 730 3899 multiplex
747 3808 808 3874 fuit
825 3807 925 3873 tribus
942 3806 976 3874 in
993 3828 1092 3875 unurn
1109 3824 1125 3872 o

92 3891 157 3981 leun
173 3911 314 3987 sonatis.
340 3931 476 3994 namque
495 3908 606 3979 eodem.
623 3929 686 3990 quo
704 3915 796 3970 antes
812 3902 907 3968 modo
924 3901 1007 3966 eirca
1024 3921 1093 3970 rnu-

91 3992 216 4086 lliments,
244 4029 316 4073 cum
333 4015 461 4097 repente
480 4001 658 4090 Capenates
676 3999 854 4083 Faliscique
876 3993 1017 4062 subsidio
1038 4013 1094 4065 ve·

1144 4192 1211 4262 ,Ι
