2566 4524
136 250 199 316 154
347 261 464 316 LIBER
482 261 539 332 HI,
558 261 599 315 31.
613 262 655 316 32.
677 266 751 330 [au.
763 262 946 332 saue-303]

132 422 277 486 meritum
304 420 446 484 morandi
472 419 588 484 auxilii.
633 419 727 484 ambo
754 419 898 484 consules
926 443 1001 486 oum
1026 423 1152 487 exercitu

99 538 116 585 4
133 516 223 581 missi
240 515 364 579 hostem
381 514 414 578 in
433 537 490 579 sua
508 515 582 579 sede
599 514 633 577 in
646 512 766 599 Algido
783 514 956 579 inveniunt.
986 515 1032 583 ibi
1045 538 1152 602 pugna-

133 620 208 675 tum.
238 632 332 694 supra
347 618 467 693 septem
481 608 566 672 milia
580 608 716 672 hostium
731 630 832 685 caesa,
851 608 904 672 alii
918 609 1032 696 fugati,
1051 611 1153 697 praeda

132 713 222 790 parta
243 705 365 790 ingens.
402 725 470 767 eam
493 713 620 788 propter
640 703 778 788 inopiam
796 704 907 767 aerarii
925 705 1074 772 consules
1091 728 1151 771 ven·

133 799 287 864 diderrmt.
322 797 457 862 invidiae
476 808 581 862 tamen
598 820 647 861 res
666 798 707 861 ad
725 798 895 862 exercitum
913 799 975 864 fuit
994 801 1151 885 eademque

133 892 265 958 tribunis
284 893 445 957 materiam
462 892 646 956 criminandi
660 891 700 956 ad
713 890 838 976 plebem
852 891 999 958 consules
1012 894 1150 980 praebru't

100 1008 115 1053 5
196 987 308 1071 Itaque
327 1009 416 1073 ergo,
435 995 470 1050 ut
482 987 668 1072 magistratu
681 985 800 1064 abiere,
822 984 937 1071 Spurio
951 986 1102 1075 Tarpeio,
1117 986 1149 1053 d

132 1080 266 1146 Aternio
292 1080 473 1146 consulibus
500 1081 567 1145 dies
590 1081 673 1144 dicta
696 1089 744 1145 est
764 1080 901 1146 Romilio
924 1080 965 1146 ab
990 1081 1031 1147 C.
1056 1082 1149 1149 Calvio

134 1175 288 1242 Cicerone
320 1175 444 1241 tribuno
475 1175 591 1262 plebis,
622 1175 754 1241 Veturio
785 1174 825 1241 ab
852 1176 893 1241 L.
920 1175 1040 1244 Alieno
1067 1177 1149 1243 aedile

99 1270 244 1356 cplcbis.
288 1281 420 1354 uterque
451 1293 567 1356 magna
596 1279 721 1355 patrum
747 1270 960 1356 indignatione
984 1271 1147 1348 damnatur,

132 1365 287 1431 Romilius
310 1366 419 1430 decem
441 1364 567 1429 milibus
590 1364 684 1442 aeris,
707 1363 858 1429 Veturius
881 1365 1073 1448 quindecim.
1104 1385 1149 1431 neu

133 1460 211 1525 haec
228 1460 368 1544 priorum
386 1460 546 1524 calamitas
565 1459 731 1524 consulum
750 1459 909 1545 segniores
928 1482 1032 1525 novos
1049 1460 1148 1525 fecerat

133 1553 292 1630 consules3
311 1563 343 1617 et
361 1576 394 1618 se
413 1553 553 1617 damnari
570 1575 664 1637 posse
682 1552 821 1629 aiebant,
840 1563 872 1618 et
884 1552 1013 1638 plebem
1025 1553 1147 1620 attribu

100 1668 190 1712 anos
212 1648 316 1734 legem
338 1649 419 1712 ferre
440 1671 504 1712 non
521 1670 625 1732 posse.
661 1658 728 1712 tum
746 1648 868 1713 abiecta
884 1648 970 1735 lege,
995 1672 1077 1734 quae
1090 1670 1146 1735 pru·

133 1743 272 1830 mulgata
295 1752 513 1820 consenuerat,
541 1742 658 1807 tribuni
679 1743 780 1808 lenius
803 1766 896 1830 agere
919 1765 995 1808 oum
1012 1744 1165 1830 patribus,-

130 1838 226 1903 finem
244 1839 370 1902 tandem
389 1837 593 1902 certaminum
611 1838 758 1902 facerent.
790 1838 818 1902 si
834 1836 977 1923 plebeiae
995 1838 1082 1925 leges
1097 1837 1165 1902 dir-¹

131 1932 295 2016 plicerent,
318 1929 411 1996 atilli
429 1932 634 1997 communiter
650 1932 757 2018 legum
774 1931 889 1997 latores
907 1941 939 1996 et
957 1955 999 1998 ex
1020 1928 1107 2019 plebe
1123 1936 1146 1995 el

133 2048 173 2089 ex
190 2026 345 2110 patribus,
365 2027 419 2109 qui
436 2027 577 2110 utrisque
596 2027 683 2091 utilia
696 2028 812 2091 ferrent
825 2049 968 2111 quaeque
981 2026 1146 2113 aequandae

97 2119 282 2187 eliberraris
302 2130 420 2198 essent,
445 2121 581 2185 sinerent
598 2122 706 2186 creari.
741 2144 807 2186 rem
829 2144 893 2186 non
915 2122 1149 2207 aspernabantur

131 2223 236 2300 patres
242 2240 250 2293 3
274 2216 420 2280 daturum
437 2215 524 2302 leges
543 2217 699 2280 neminem
716 2216 778 2280 nisi
796 2239 836 2280 ex
851 2215 1011 2301 patribus,
1030 2216 1147 2282 aiebant

133 2333 204 2374 cum
227 2309 266 2374 de
287 2309 411 2396 legibus
434 2310 627 2388 conveniret,
650 2311 689 2374 de
707 2310 804 2374 latore
822 2320 943 2374 tantum
961 2311 1150 2397 discreparet,

132 2408 221 2472 missi
238 2409 334 2495 legati
350 2407 495 2473 Athenas
516 2407 649 2493 Spurius
668 2406 850 2472 Postumius
869 2406 990 2485 Albus,
1011 2406 1052 2473 A.
1069 2405 1150 2472 Mau·

131 2504 207 2582 lius,
227 2503 263 2570 P.
280 2502 439 2590 Sulpicius
460 2503 646 2570 Camerinus
664 2503 805 2586 iussique
822 2502 945 2567 inclitas
963 2503 1052 2590 leges
1071 2500 1151 2568 Solo-

131 2600 180 2663 nis
209 2599 384 2664 describere
412 2609 443 2664 et
469 2599 599 2663 aliarum
628 2595 780 2662 Graeciae
807 2597 980 2663 civitatium
1010 2597 1148 2670 ustae,

132 2717 234 2760 mores
253 2696 382 2778 iuraque
400 2717 539 2759 noscere.

99 2809 112 2855 1
195 2786 352 2852 XXXII.
383 2785 438 2856 Ab
457 2787 593 2853 externis
612 2787 701 2852 bellis
720 2786 844 2870 quietus
862 2808 964 2851 annus
981 2786 1056 2863 fuit,
1074 2782 1150 2869 quie·

132 2881 193 2945 tior
208 2880 377 2964 insequens
414 2880 453 2946 P.
474 2880 615 2947 Curiatio
633 2891 664 2945 et
683 2879 758 2947 Sex.
779 2880 949 2962 Quinctilio
982 2880 1148 2946 consualibuu

130 2983 281 3061 perpetuo
301 2975 423 3040 silentio
441 2975 649 3052 tribunorum,
674 2976 758 3059 quod
775 2975 875 3060 primo
893 2975 1083 3060 legatorum,
1102 2968 1145 3056 qui

131 3067 274 3135 Athenas
291 3069 401 3148 ierant,
420 3071 588 3157 legumque
606 3070 841 3155 peregrinarum
859 3070 1053 3154 exspectatio
1070 3087 1142 3154 prac-

96 3184 112 3232 2
131 3164 211 3244 buit,
231 3165 304 3230 dein
322 3167 383 3230 duo
403 3165 496 3230 simul
509 3165 592 3230 mala
604 3165 744 3251 ingentia
757 3172 879 3241 exorta,
898 3163 1000 3228 fames
1013 3163 1142 3250 pestilen·

126 3259 234 3343 ¹tiaque
251 3259 346 3325 foeda
363 3261 494 3337 homini,
514 3261 607 3324 foeda
620 3260 734 3345 pecori.
761 3256 875 3323 vastati
893 3258 962 3344 agri
980 3268 1065 3335 sunt,
1082 3254 1140 3320 urbs

127 3355 270 3419 adsiduis
293 3356 447 3419 exhausta
472 3355 644 3419 funeribus.
681 3355 797 3418 multae
824 3363 856 3419 et
881 3353 984 3418 clarae
1010 3351 1140 3440 lugubre

96 3447 257 3516 edemus:
276 3448 389 3512 flamen
404 3448 574 3531 Quirinalis
594 3447 724 3514 Servius
744 3448 909 3514 Cornelius
928 3459 1083 3525 mortuus,
1098 3464 1141 3510 au·

129 3564 190 3629 gur
205 3540 250 3608 C.
273 3540 425 3608 Horatius
443 3543 612 3622 Pulvillus,
641 3544 674 3608 in
696 3544 785 3608 cuius
807 3543 912 3607 locum
935 3541 974 3617 O.
993 3540 1140 3608 Veturium

129 3658 169 3700 eo
187 3635 345 3721 cupidius,
364 3637 437 3721 quia
455 3639 621 3702 damnatus
639 3661 658 3702 a
675 3637 767 3724 plebe
786 3646 865 3713 erat,
888 3659 1026 3722 augmen
1043 3636 1138 3722 legera

94 3749 112 3796 4
130 3738 271 3796 mortuus
294 3731 404 3796 consul
423 3731 626 3814 Quinctilius,
649 3741 797 3816 quattuor
814 3729 930 3806 tribuni
946 3730 1043 3816 plebi.
1076 3720 1140 3794 mul·

129 3823 228 3911 tiplici
243 3824 333 3890 clade
351 3826 495 3892 foedatus
514 3850 625 3892 annus.
662 3825 702 3891 ab
720 3826 810 3890 hoste
829 3825 928 3888 otium
946 3825 1015 3890 fuit.

95 3940 112 3987 u
193 3919 272 3985 Inde
298 3921 442 3986 consules
466 3921 505 3987 C.
527 3921 710 4000 Menenius,
736 3920 775 3985 P.
801 3917 925 3985 Sestius
947 3917 1139 4005 Capitolinus

128 4036 230 4100 neque
252 4036 290 4081 eo
312 4037 394 4081 anno
416 4017 584 4101 quicquam
605 4014 681 4081 belli
703 4015 822 4080 externi
843 4013 917 4081 fuit:
944 4013 1031 4079 domi
1051 4018 1139 4077 mosa
