2566 4524
127 230 192 298 226
329 242 448 298 LIBER
465 241 540 313 1111,
558 240 600 297 34.
613 240 655 296 35.
675 244 712 310 [a.
721 257 748 295 u
759 257 783 295 e.
793 240 945 310 tao-331]

125 402 228 468 minor
245 403 357 467 caedes
376 402 409 465 ln
425 399 504 466 urbe
522 422 618 485 quam
635 400 668 464 in
685 399 803 485 proelio
816 399 893 477 fuit,
912 399 1015 464 donee
1032 398 1149 465 abiectis

127 498 223 563 armis
258 496 335 560 nihil
365 504 488 581 praeter
518 495 616 558 vitam
647 505 790 580 petentes
820 493 967 558 dictatori
996 493 1149 559 deduntur.

93 592 218 669 4urbs‚
250 601 352 655 castra
378 588 573 674 diripiuntur.
617 601 745 674 postero
772 589 837 666 die,
869 588 1005 674 singulis
1032 589 1149 674 captivis

129 685 170 752 ab
193 686 297 770 equite
320 685 361 748 ad
383 683 596 748 centurionem
620 693 702 747 sorte
726 681 829 748 ductis
848 694 879 747 et
896 704 1033 766 quorum
1050 683 1149 747 eximia

128 782 228 845 virtus
252 779 356 843 fuerat
377 777 473 855 binis,
501 777 569 842 aliis
593 777 653 842 sub
675 800 792 842 corona
813 777 1018 854 venundatis,
1047 777 1149 843 exerd·

132 885 200 939 tum
222 873 373 938 victorem
397 872 642 958 opulentumque
663 873 781 956 praeda
807 871 1006 956 triumphans
1033 872 1149 937 dictator

98 991 114 1039 5
131 968 269 1034 Romam
286 967 424 1044 reduxit,
451 967 602 1049 iussoque
624 967 775 1052 magistro
797 967 939 1050 equiturn
960 966 1103 1032 abdicare
1121 988 1147 1030 se

130 1064 331 1150 magistratu,
353 1063 421 1148 ipse
445 1062 558 1125 deinde
581 1060 706 1125 abdicat
724 1062 774 1125 die
793 1074 883 1126 sexto
901 1060 1027 1127 decimo
1043 1061 1148 1126 reddito

129 1159 164 1223 in
188 1179 266 1244 pace
292 1157 436 1242 imperio,
465 1156 549 1240 quod
571 1156 604 1219 in
627 1155 709 1220 bello
736 1157 928 1241 trepidisque
954 1156 1051 1221 rebus
1076 1177 1146 1221 aces·

98 1275 112 1322 s
131 1262 228 1338 perat.
269 1252 364 1316 classi
386 1272 511 1334 quoque
533 1251 574 1314 ad
594 1250 732 1315 Fidenas
754 1261 931 1337 pugnatum
954 1273 1027 1315 oum
1050 1250 1146 1315 Veien-

131 1347 215 1412 tibus
243 1347 372 1430 quidam
398 1346 432 1409 in
458 1345 586 1410 annales
608 1345 756 1423 retulere,
784 1369 851 1409 rem
877 1367 977 1429 aeque
1005 1344 1147 1411 difficilem

131 1451 225 1524 atque
248 1439 478 1517 incredibilem,
504 1462 564 1504 nec
585 1461 670 1503 nune
693 1439 756 1507 lato
779 1440 855 1505 satis
877 1440 918 1504 ad
941 1439 1003 1505 hoc
1024 1462 1110 1505 amne
1123 1456 1147 1503 et

98 1545 199 1606 atum
222 1535 396 1617 aliquanto,
419 1544 455 1598 ut
472 1557 491 1599 a
508 1533 666 1598 veteribus
686 1535 879 1618 accepimus,
902 1535 1033 1612 artiore,
1055 1534 1147 1599 nisiiu

132 1630 264 1694 traiectu
282 1629 362 1694 forte
380 1628 518 1693 fluminis
536 1628 730 1713 prohibendo
749 1629 923 1713 aliquarum
943 1631 1073 1694 navium
1087 1650 1146 1693 cos·
1183 1696 1185 1715 ἰ

131 1747 259 1790 cursum
276 1725 310 1789 in
327 1723 443 1801 maius,
466 1736 501 1787 ut
519 1723 569 1801 fit,
593 1723 787 1789 celebrantes
805 1723 926 1789 navalis
944 1724 1092 1791 victoriae
1104 1745 1148 1787 sa·
1183 1726 1185 1749 ²

129 1842 207 1883 num
225 1819 348 1882 titulum
368 1817 556 1903 appetivere.

99 1934 112 1981 1
195 1912 348 1978 XXXV.
374 1913 551 1995 Insequens
566 1935 666 1976 annus
680 1912 821 1978 tribunos
839 1912 990 1979 militares
1009 1909 1146 1981 consulari

130 2017 285 2092 potestate
299 2005 409 2070 habuit
423 2005 465 2070 A.
482 2004 702 2089 Sempronium
712 2005 903 2085 Atratinum,
922 2007 965 2072 L.
980 2005 1145 2091 Quinctium

85 2130 91 2149 ¹
132 2099 370 2178 Cincinnatum,
388 2100 429 2165 L.
448 2099 580 2164 Furium
598 2100 823 2179 Medullinum,
842 2103 883 2166 L.
899 2101 1069 2167 Horatium
1085 2102 1146 2167 Bar·

98 2216 113 2262 2
132 2195 250 2261 batum.
282 2193 469 2260 Veientibus
487 2218 639 2260 annorum
658 2197 769 2281 viginti
787 2197 926 2261 indutiae
945 2200 1038 2263 datae
1056 2194 1145 2263 etde-

131 2290 203 2374 quis
222 2290 359 2366 triennii,
383 2313 454 2354 cum
472 2290 609 2375 plurium
627 2313 780 2355 annorum
798 2291 961 2377 petissent.
998 2303 1032 2357 et
1048 2317 1068 2358 a
1081 2290 1146 2357 sedi·

133 2383 269 2449 tionibus
288 2384 417 2449 urbanis
437 2386 534 2450 otium
553 2386 621 2450 fuit.

98 2500 114 2549 3
196 2476 329 2543 Annum
355 2479 585 2564 insequentem,
613 2501 715 2562 neque
737 2479 820 2545 bello
846 2480 922 2546 foris
949 2503 1054 2566 neque
1078 2478 1145 2545 doni
1181 2538 1185 2579 ⁴·

133 2575 285 2639 seditione
302 2575 472 2659 insignem,
491 2575 558 2639 ludi
576 2574 658 2639 bello
677 2576 741 2638 voti
755 2574 909 2639 celebrem
924 2585 956 2640 et
969 2577 1145 2642 tribunorum

98 2690 115 2738 4
132 2669 266 2732 militum
284 2680 437 2752 apparatu
455 2680 486 2733 et
502 2669 704 2733 finitimorum
724 2692 878 2734 concursu
895 2669 1010 2736 fecere.
1050 2671 1147 2736 tribunt

133 2762 290 2827 consulari
306 2772 460 2846 potestate
479 2773 567 2827 erant
582 2760 676 2849 [Ap]
693 2763 845 2829 Claudius
861 2764 1010 2844 Crassus,
1031 2764 1148 2851 Spurius

132 2855 266 2919 Nautius
288 2855 429 2932 Rutilus,
452 2857 493 2921 L.
515 2856 645 2944 Sergius
668 2860 820 2938 Fidenas,
845 2858 921 2926 Sex.
940 2861 1043 2926 Iulius
1064 2860 1145 2926 Iulus.

135 2951 348 3036 spectaculum
370 2952 516 3017 comitate
539 2953 633 3018 etiam
650 2954 835 3039 hospitium,
859 2956 1015 3040 adquam
1034 2976 1149 3023 conser-

100 3067 115 3115 5
136 3068 206 3110 sum
224 3056 290 3110 erat
307 3047 437 3112 oonsilio
451 3047 591 3133 publico,
610 3050 740 3113 advenis
755 3051 875 3135 gratius
889 3051 960 3117 fuit
987 3070 1060 3137 post
1072 3050 1143 3115 ludu

133 3140 294 3206 contiones
309 3143 475 3207 seditiosae
490 3144 684 3208 tribunorum
698 3145 782 3230 plebi
796 3145 923 3210 fuerunt
931 3145 1144 3234 obiurgantium

130 3239 377 3317 multitudinem,
408 3240 494 3324 quod
520 3241 724 3305 admiratione
752 3263 873 3318 eorum,
905 3265 986 3326 quos
1014 3244 1141 3311 odissnt.

98 3351 113 3400 t
133 3342 261 3416 stupens
289 3335 322 3397 in
344 3345 470 3399 aeterno
494 3359 527 3399 se
549 3337 619 3420 ipsa
640 3346 758 3401 teneret
781 3337 908 3401 servitio
931 3347 964 3402 et
984 3360 1049 3403 non
1069 3331 1143 3402 molt
1181 3356 1184 3363 '

132 3425 173 3489 ad
196 3449 284 3510 spem
307 3428 487 3494 consulatus
509 3429 542 3492 in
564 3441 685 3514 partem
708 3431 917 3495 revocandam
938 3432 1077 3518 aspirare
1095 3446 1139 3492 non

132 3520 275 3598 auderet,
295 3523 351 3586 sed
368 3545 407 3586 ue
425 3525 458 3587 in
471 3524 604 3589 tribunis
619 3525 745 3609 quidem
759 3526 892 3590 militum
905 3528 1064 3606 creandis,
1080 3538 1140 3608 quit

132 3617 310 3681 eommunia
336 3629 442 3682 essent
465 3619 590 3683 comitia
612 3630 736 3704 patrum
759 3643 796 3684 ac
817 3620 934 3705 plebis,
961 3631 1017 3686 aut
1038 3620 1085 3687 sui
1101 3622 1139 3679 πί

99 3730 114 3776 7
134 3731 262 3774 suorum
285 3712 488 3778 meminisset.
525 3715 680 3779 desineret
699 3738 774 3801 ergo
791 3715 911 3794 mirari,
938 3737 996 3781 cur
1013 3707 1139 3781 nemodt

132 3806 304 3871 commodis
322 3807 424 3892 plebis
439 3820 555 3893 ageret.
582 3831 621 3874 eo
634 3810 761 3894 inpendi
774 3809 914 3875 laborem
927 3833 966 3875 ae
978 3808 1137 3896 periculum
1162 3860 1165 3865 .

130 3902 214 3966 unde
232 3901 477 3967 emolumentum
499 3914 594 3987 atque
616 3904 717 3970 honos
740 3916 896 3991 speretur3
922 3904 1002 3969 nihil
1022 3926 1082 3969 non
1098 3892 1138 3963 dl·

130 4018 295 4082 gressuros
313 3998 470 4077 homines,
491 3998 518 4063 si
528 4023 651 4085 ,magna
668 4000 787 4065 conatis
805 4023 923 4088 magna
938 3999 1136 4087 praemium
