2566 4524
180 233 244 301 144
405 246 522 302 LIBER
539 246 596 316 111,
615 247 657 301 19.
666 247 708 301 20.
727 249 765 315 [a.
776 263 804 300 u.
815 244 980 316 anetam]

127 424 159 474 12
176 406 240 471 iam
256 404 393 490 primurn
411 404 575 481 omnium,'
592 403 693 487 inquit
711 402 876 485 ‘Quirites
894 404 929 468 iu
942 402 1080 469 Volscos
1098 404 1188 469 etAr-

176 522 255 583 quos
282 498 360 562 mihi
386 507 479 582 atque
502 498 641 585 collegae
662 496 803 583 legiones
826 498 940 561 ducere
961 498 997 561 in
1018 498 1122 563 animo
1143 508 1187 563 est

175 594 282 658 nescio
302 616 363 678 quo
381 594 447 658 fato
466 594 566 679 magis
585 593 738 659 bellantes
756 615 853 676 quam
870 592 974 677 pacati
987 592 1188 678 propitioslra·

174 686 288 753 bemus
311 689 397 752 deos.
433 696 584 770 quantum
605 686 778 773 periculum
801 686 841 751 ab
863 686 924 751 illis
950 687 1079 773 populis
1105 687 1188 765 luerit,

177 781 206 845 si
228 779 420 865 Capitolium
446 779 485 845 ab
513 780 656 846 exulibus
685 780 851 846 obsessum
878 781 1028 858 scissent,
1056 780 1189 867 suspicari

177 873 216 936 de
234 874 400 959 praeterito
419 896 513 957 quam
530 897 564 938 re
581 875 651 959 ipsa
669 874 803 960 experiri
821 884 869 939 est
885 871 1020 938 melius?

144 988 157 1033 1
240 967 324 1037 XX.
360 965 505 1032 Moverat
527 968 652 1054 plebem
676 970 774 1033 oratio
800 968 952 1045 consulis,
981 969 1081 1035 erecti
1105 980 1190 1055 pana

177 1061 354 1126 restitutam
372 1060 539 1126 credebant
556 1084 622 1125 rem
643 1060 812 1147 publicam.
848 1060 957 1126 consul
980 1061 1077 1141 alter,
1104 1082 1191 1127 comcs

177 1156 348 1221 animosior
365 1176 459 1239 quam
478 1166 598 1233 auctor,
627 1155 805 1240 suscepisse
823 1154 978 1240 collegam
1000 1155 1138 1241 priorem
1151 1176 1192 1221 aa·

176 1250 278 1315 tiones
296 1259 361 1313 tam
378 1250 484 1336 gravis
502 1249 594 1313 facile
612 1272 740 1333 passus,
767 1249 801 1312 in
822 1249 1011 1334 peragendis
1035 1248 1191 1315 concidatis

142 1372 158 1418 2
178 1346 274 1411 officii
291 1354 413 1431 partem
430 1346 472 1409 ad
489 1367 523 1408 se
541 1343 728 1408 vindicabat.
756 1353 825 1408 tum
842 1343 958 1408 tribuni
976 1343 1139 1411 eludentes
1151 1366 1193 1409 rc·

176 1444 223 1508 lut
240 1463 322 1505 vana
339 1440 423 1503 dicta
440 1438 586 1524 persequi
603 1438 794 1522 quaerendo,
818 1460 954 1521 quonam
977 1440 1075 1504 modo
1093 1436 1193 1505 exord·

177 1548 245 1600 tum
263 1533 405 1598 educturi
423 1532 567 1597 consules
586 1542 700 1610 essent,
719 1555 799 1616 quos
818 1531 966 1597 dilectum
983 1532 1103 1599 habere
1115 1554 1192 1599 nono

142 1650 328 1715 spassurus
351 1627 454 1691 esset?
485 1625 588 1691 ‘uobis
612 1627 709 1703 vero,'
731 1626 832 1710 inquit
855 1625 1023 1708 Quinctius
1051 1628 1139 1693 ‘nihil
1154 1626 1193 1691 di-

176 1724 261 1788 lectu
284 1743 363 1806 opus
387 1730 449 1798 est,
478 1742 564 1797 cum,
592 1742 654 1803 quo
677 1729 818 1805 tempore
839 1719 878 1784 P.
897 1719 1046 1786 Valerius
1069 1724 1111 1789 ad
1129 1720 1192 1787 red·

175 1816 329 1904 piundum
353 1814 543 1899 Capitolium
569 1836 656 1878 arma
681 1813 767 1899 plebi
793 1814 891 1891 dedit,
919 1836 1030 1880 omnes
1053 1816 1090 1881 in
1112 1814 1192 1883 verb·

176 1910 359 1986 iuraverint,
383 1918 589 1974 conventuros
609 1931 643 1972 se
661 1909 751 1974 iussu
768 1908 904 1973 consulis
922 1929 982 1973 nec
999 1908 1123 1977 iniussu
1137 1906 1190 1975 sbi-

142 2012 273 2072 4turos.
318 2001 469 2065 edicimus
496 2002 614 2085 itaque,
647 2025 770 2080 omncs,
802 2002 856 2087 qui
880 2002 914 2066 in
943 2003 1044 2069 verba
1069 2002 1188 2079 iurastis,

178 2097 313 2162 crastina
334 2096 384 2159 dic
407 2097 518 2160 armati
535 2098 576 2160 ad
597 2096 700 2161 lacum
718 2098 878 2184 Regillum
899 2096 1031 2163 adsitis?
1068 2092 1188 2165 cavilloni

177 2201 244 2255 tum
262 2190 378 2255 tribuni
400 2200 429 2253 et
451 2191 602 2275 populum
624 2192 785 2257 exsolvere
806 2192 957 2279 religione
980 2194 1078 2259 velle:
1102 2194 1188 2281 prirn-

176 2294 244 2349 tum
262 2307 300 2350 eo
319 2294 456 2369 tompore
472 2282 655 2365 Quinctium
672 2286 780 2363 fuisse,
800 2309 873 2352 cum
890 2298 1089 2354 sacramento
1105 2282 1188 2353 adacti

142 2379 249 2448 osint.
286 2379 342 2445 scd
359 2379 499 2441 nondum
518 2378 609 2456 hacc,
637 2401 718 2462 quae
736 2403 819 2444 nunc
842 2390 927 2449 tenet
948 2382 1124 2459 saeculum,
1145 2398 1187 2443 uc·

175 2472 335 2560 glegentia
353 2473 446 2536 deum
464 2482 592 2536 venerat
609 2494 667 2536 nec
684 2473 918 2559 interpretando
932 2473 995 2540 sibi
1008 2473 1185 2560 quisqueiut

175 2568 342 2633 iurandum
360 2575 391 2631 et
408 2566 495 2651 leges
514 2577 603 2652 aptas
625 2567 776 2645 faciebat,
804 2570 861 2634 sed
884 2591 959 2634 suos
976 2571 1085 2655 potius
1103 2586 1184 2633 moret

141 2680 158 2727 c
176 2661 218 2724 ad
235 2683 273 2725 ea
295 2660 561 2725 accommodabat.
597 2662 693 2748 igitur
715 2661 844 2740 tribuni,
871 2673 906 2727 ut
931 2664 1135 2749 inpediendae
1150 2656 1185 2725 ια’

175 2754 261 2818 nulla
279 2775 352 2839 spes
372 2763 451 2829 erat,
478 2755 517 2817 de
535 2756 722 2839 proferendo
740 2758 877 2821 exercitu
899 2781 1008 2844 agere,
1037 2781 1076 2824 eo
1092 2754 1182 2843 magt,

176 2846 260 2929 quod
283 2856 314 2909 et
336 2868 471 2931 augures
494 2848 597 2914 iussos
621 2850 734 2915 adesse
751 2852 792 2915 ad
809 2851 970 2938 Regillum
992 2852 1098 2917 lacum
1118 2852 1183 2917 sams

176 2939 294 3003 exierat
314 2937 481 3023 locumque
503 2942 697 3029 inaugurari,
725 2944 781 3010 ubi
803 2946 965 3031 auspicato
992 2969 1066 3011 cum
1087 2940 1181 3034 populo

175 3033 228 3119 agi
241 3042 358 3117 posset,
378 3043 412 3097 ut
425 3034 577 3118 quidquid
590 3037 710 3101 Romae
725 3038 756 3102 vi
771 3038 936 3104 tribunicia
949 3050 1096 3126 rogatum
1109 3040 1179 3109 esset

141 3150 155 3195 7
173 3127 207 3193 id
224 3127 357 3192 comitiis
376 3127 420 3192 ibi
438 3128 649 3215 abrogaretur.
687 3154 796 3197 omnes
813 3134 847 3196 id
864 3134 1007 3199 iussuros
1025 3135 1111 3218 quod
1126 3150 1179 3197 coa·

174 3221 258 3286 sules
277 3221 406 3300 vellent,
434 3244 535 3305 nequo
554 3224 637 3286 enirn
653 3226 908 3309 provocationem
930 3249 1001 3292 esse
1019 3218 1179 3315 longiusal

173 3315 250 3379 urbe
268 3315 352 3379 mille
365 3338 517 3400 passuum
531 3326 562 3380 et
575 3317 725 3396 tribunos,
745 3321 822 3385 sico
836 3320 973 3399 veniant,
991 3322 1026 3385 in
1038 3322 1101 3386 alia
1112 3314 1179 3384 turb·

139 3425 156 3473 8
175 3403 347 3488 Quiritium
361 3407 516 3474 subiectos
530 3409 597 3474 fore
612 3412 767 3476 consulari
779 3413 919 3499 imperio.
947 3413 1178 3481 terrebanthrea

174 3500 231 3564 sed
256 3499 309 3564 ille
334 3503 490 3568 maximus
517 3514 615 3569 terror
640 3507 760 3572 animos
788 3507 940 3593 agitabat,
967 3510 1054 3592 quod
1077 3504 1179 3593 saepiu·

175 3590 342 3675 Quinctius
360 3595 531 3675 dictitabat,
550 3620 585 3662 se
603 3601 766 3665 consulum
784 3601 910 3666 comitia
925 3625 990 3668 non
1008 3601 1178 3667 habiturum

173 3686 298 3749 nonita
315 3686 472 3754 civitatem
489 3714 617 3777 aegram
635 3715 719 3771 esse,
738 3704 773 3759 ut
791 3696 948 3761 consuetis
965 3696 1112 3761 remediis
1128 3682 1178 3759 sill

173 3787 291 3863 posset,
309 3780 458 3848 dictatore
476 3807 555 3870 opus
574 3809 643 3852 esse
660 3788 876 3873 reipublicae,
895 3800 931 3854 ut
948 3791 1004 3875 qui
1021 3812 1055 3857 se
1067 3780 1178 3855 movrdl

173 3871 216 3936 ad
236 3871 467 3941 sollicitandum
489 3887 604 3943 statum
626 3881 774 3961 civitatis,
803 3884 929 3963 sentiat,
959 3884 1027 3949 sine
1047 3898 1179 3971 provoco·
1220 3940 1223 3945 .

173 3965 260 4033 tione
277 3967 462 4036 dictaturam
480 3995 560 4038 esse.
