2566 4524
158 254 222 320 104
407 265 525 321 LIBER
543 265 585 336 11,
604 264 645 319 43.
666 267 739 334 [au.
751 262 934 333 eura-274]

115 437 126 482 1
217 423 428 489 XXXXIII.
457 423 498 506 Q.
508 423 627 488 Fabius
640 423 714 487 inde
728 431 759 487 et
773 420 811 488 Ο.
822 421 923 486 Iulius
937 420 1086 488 consules
1100 419 1182 487 facti

153 542 190 585 eo
209 542 291 584 anno
308 541 372 584 non
391 519 516 605 segnior
534 518 691 584 discordia
712 517 798 583 domi
815 525 846 581 et
866 515 986 583 bellum
1006 515 1086 582 soris
1105 526 1182 582 atro·

152 615 219 680 cius
238 615 307 678 fuit.
344 614 383 679 ab
401 613 524 698 Aequis
543 637 630 679 arma
648 622 782 700 sumpta.
809 611 959 677 Veientes
978 634 1092 698 agrum
1109 634 1183 696 quc-

152 732 214 795 que
232 709 448 774 Romanorum
465 709 652 794 populantes
670 709 813 773 inierunt.

218 801 362 886 Quorum
378 802 532 868 bellorum
551 811 709 867 crescente
728 823 803 867 cura
822 800 926 867 Caeso
938 800 1061 867 Fabius
1079 811 1114 867 et
1128 799 1178 888 Sp.

117 920 133 968 2
151 897 267 963 Furius
286 896 431 962 consules
449 897 538 961 fiunt.
577 895 746 976 Ortonam,
765 897 915 962 Latinam
932 897 1059 976 urbem,
1077 896 1180 982 Aequi

153 992 391 1080 oppugnabant,
411 992 575 1071 Veientes,
594 993 678 1078 pleni
696 993 758 1056 iam
776 992 1030 1079 populationum,
1048 992 1180 1057 Romam

119 1087 255 1174 eipsam
283 1109 317 1152 se
344 1098 580 1174 oppugnaturos
608 1087 815 1152 minabantur.
860 1087 915 1170 qui
945 1094 1080 1151 terrores
1112 1107 1179 1152 cum

152 1203 338 1268 conpescere
361 1182 524 1260 deberent,
548 1204 662 1246 auxere
684 1182 813 1268 insuper
831 1182 951 1246 animos
969 1180 1089 1266 plebis3
1114 1181 1179 1245 red·

56 1324 59 1331 .
149 1275 278 1360 ibatque
291 1299 356 1341 non
372 1300 428 1342 sua
443 1287 553 1363 sponte
566 1276 652 1362 plebi
665 1299 734 1341 mos
748 1277 941 1341 detractandi
954 1275 1110 1353 militiam,
1128 1274 1179 1342 sed

152 1368 286 1458 Spurius
304 1371 463 1450 Licinius,
491 1372 634 1437 tribunus
656 1371 773 1457 plebis,
800 1371 926 1436 venisse
948 1380 1074 1456 tempus
1097 1379 1178 1436 rans

149 1490 206 1554 per
227 1468 369 1532 ultimam
382 1469 612 1533 necessitatem
637 1466 717 1554 legis
745 1467 886 1554 agrariae
911 1465 1055 1552 patribus
1081 1465 1178 1529 iniun-

116 1582 132 1627 4
150 1562 282 1648 gandae,
302 1572 483 1647 susceperat
500 1585 567 1627 rem
584 1562 750 1626 militarem
768 1561 1010 1647 impediendam.
1044 1568 1175 1626 ceterum

150 1663 215 1719 tota
237 1655 357 1719 invidia
379 1656 562 1720 tribuniciae
585 1656 750 1742 potestatis
773 1678 865 1720 versa
886 1655 919 1718 in
937 1662 1099 1719 auctorem
1121 1662 1176 1732 est;

149 1750 263 1813 necin
285 1772 357 1814 eum
381 1751 526 1816 consules
550 1751 652 1815 acrius
676 1771 772 1833 quam
793 1749 893 1834 ipsius
916 1748 1057 1835 collegae
1085 1747 1174 1814 coorti

116 1864 131 1911 5
150 1854 224 1910 sunt
240 1847 419 1930 auxilioque
438 1870 546 1911 eorum
564 1847 712 1910 dilectum
731 1845 876 1910 consules
894 1845 1022 1909 habent.
1060 1844 1102 1908 ad
1119 1842 1174 1907 duc

150 1940 243 2004 simul
261 1941 344 2005 bella
362 1942 516 2006 exercitus
536 1940 694 2008 scribitur:
718 1940 880 2005 ducendus
898 1939 998 2004 Fabio
1016 1939 1049 2002 in
1066 1937 1174 2005 Veien·
1209 1936 1213 2027 l

149 2043 211 2111 tes,
239 2034 273 2097 in
290 2033 422 2118 Aequos
444 2035 542 2101 Furio
564 2036 663 2100 datur.
701 2045 732 2100 et
753 2035 786 2099 in
808 2032 931 2119 Aequis
953 2035 1083 2118 quidem
1104 2030 1174 2099 nihil
1210 2030 1213 2037 ’

115 2146 129 2195 6
149 2129 280 2215 dignum
299 2131 450 2194 memoria
467 2140 592 2217 gestum
608 2140 655 2195 est
660 2157 669 2208 3
687 2130 788 2195 Fabio
803 2130 961 2214 aliquanto
975 2130 1049 2215 plus
1062 2126 1173 2217 negotii

149 2245 221 2288 cum
240 2223 360 2288 civibus
380 2247 475 2308 quam
493 2248 564 2289 cum
583 2223 728 2290 hostibus
746 2224 815 2288 fuit.
852 2246 934 2288 unus
952 2224 1005 2288 ille
1030 2225 1089 2303 vir,
1112 2223 1172 2309 ipse

148 2317 266 2396 consul,
285 2341 353 2382 rem
369 2318 529 2404 publicam
548 2319 709 2396 sustinuit,
728 2341 824 2402 quam
843 2318 997 2382 exercitus
1016 2319 1089 2382 odio
1106 2337 1171 2381 con-

113 2410 239 2490 ssulis,
267 2422 420 2497 quantum
445 2413 480 2477 in
507 2436 540 2478 se
567 2414 640 2491 fuit,
668 2412 830 2499 prodebat.
870 2435 944 2476 nam
970 2434 1045 2477 cum
1071 2406 1169 2476 consul

144 2515 269 2592 praeter
286 2517 405 2573 ceteras
424 2509 638 2593 imperatorias
657 2517 750 2585 artes,
770 2530 849 2591 quas
867 2506 1008 2593 parando
1026 2505 1170 2594 gerendo-

146 2622 207 2685 que
225 2601 307 2666 bello
327 2603 423 2667 edidit
440 2602 606 2687 plurimas,
634 2603 678 2666 ita
695 2601 896 2666 instruxisset
917 2600 1031 2678 aciem,
1059 2609 1096 2664 ut
1111 2599 1169 2665 solo

146 2697 286 2780 equitatu
305 2697 420 2761 emisso
439 2698 610 2761 exercitum
629 2697 765 2763 hostium
778 2696 932 2773 funderet,
951 2694 1077 2779 insequi
1089 2695 1169 2759 fusos

111 2807 127 2856 8
145 2791 243 2874 pedes
265 2790 375 2854 noluit.
410 2813 469 2855 nec
491 2790 575 2870 illos,
603 2792 662 2855 etsi
683 2814 747 2855 non
765 2790 939 2854 adhortatio
960 2789 1058 2855 invisi
1080 2787 1167 2864 ducis,

146 2906 239 2948 suum
258 2883 368 2949 saltem
386 2885 540 2971 flagitium
558 2896 589 2950 et
605 2886 767 2971 publicum
784 2886 817 2949 in
834 2884 1012 2970 praesentia
1029 2884 1168 2957 dedecus,

144 2980 312 3063 postmodo
330 2980 517 3067 periculum,
537 2982 564 3047 si
582 2983 704 3046 animus
723 2981 807 3045 hosti
823 2981 970 3058 redisset,
991 3002 1105 3067 cogere
1120 2999 1167 3064 po-

145 3072 217 3151 tuit,
240 3074 373 3160 gradum
392 3075 565 3140 accelerare
584 3086 651 3153 aut,
676 3075 703 3140 si
722 3075 807 3139 aliud
824 3074 915 3152 nihil,
943 3082 1027 3139 stare
1046 3074 1168 3147 instruc

110 3187 126 3234 9
145 3175 203 3232 tos.
230 3167 352 3235 iniussu
363 3171 454 3258 signa
462 3169 612 3248 referunt,
631 3168 1009 3252 maestique-crederes
1024 3168 1167 3234 victos-

144 3274 325 3330 execrantes
353 3288 437 3331 nunc
463 3265 684 3350 imperatorem
709 3286 793 3328 nunc
820 3273 967 3328 navatam
999 3262 1041 3328 ab
1074 3259 1168 3347 equite

93 3378 126 3426 10
144 3380 282 3444 operam,
300 3360 432 3424 redeunt
441 3360 475 3423 in
485 3370 596 3425 castra.
623 3382 681 3424 nec
695 3359 768 3424 huic
782 3368 846 3423 tam
859 3359 1019 3444 pestilenti
1033 3354 1168 3442 exemplo

142 3451 282 3516 remedia
299 3452 363 3516 ulla
380 3452 419 3518 ab
437 3453 625 3539 imperatore
643 3454 785 3538 quaesita
800 3463 885 3519 sunt:
904 3453 983 3517 adeo
998 3448 1166 3517 excellenti·

142 3543 203 3609 bus
221 3545 356 3631 ingeniis
375 3546 466 3611 citius
485 3547 620 3613 defuerit
638 3572 702 3626 ars,
726 3571 789 3632 qua
807 3549 908 3612 civem
925 3557 1054 3632 regant,
1082 3564 1167 3631 quun

93 3658 123 3707 11
144 3660 208 3722 qua
223 3639 348 3704 hostem
366 3652 522 3726 superent.
547 3643 657 3708 consul
669 3643 803 3707 Romam
821 3641 922 3718 rediit,
941 3663 1006 3704 non
1023 3649 1090 3706 tam
1102 3632 1165 3705 belli

143 3732 244 3818 gloria
253 3743 344 3799 aucta
353 3758 448 3820 quam
457 3736 582 3802 inritato
593 3737 840 3820 exacerbatoque
854 3737 887 3800 in
902 3758 935 3800 se
945 3735 1084 3800 militum
1093 3731 1165 3800 odie·

209 3825 384 3895 Obtinuere
402 3840 508 3897 tamen
525 3843 640 3919 patres,
659 3832 743 3896 utin
760 3830 861 3896 Fabia
878 3839 973 3916 gente
992 3829 1165 3895 consulatu

143 3932 296 3989 maneret:
306 3923 354 3988 M.
360 3925 495 3991 Fabium
505 3927 665 3993 consulem
675 3937 790 4004 creant,
800 3925 901 3991 Fabio
913 3923 1036 4012 collega
1044 3921 1164 3990 Gnaeus

143 4011 284 4084 Manlius
304 4020 403 4086 datur.
