<?xml version="1.0" encoding="UTF-8"?>
<!DOCTYPE html PUBLIC "-//W3C//DTD XHTML 1.0 Transitional//EN"
    "http://www.w3.org/TR/xhtml1/DTD/xhtml1-transitional.dtd">
<html xmlns="http://www.w3.org/1999/xhtml" xml:lang="en" lang="en">
 <head>
  <title>
</title>
<meta http-equiv="Content-Type" content="text/html;charset=utf-8" />
  <meta name='ocr-system' content='tesseract 3.04.00' />
  <meta name='ocr-capabilities' content='ocr_page ocr_carea ocr_par ocr_line ocrx_word'/>
</head>
<body>
  <div class='ocr_page' id='page_1' title='image "./titiliviaburbec01weisgoog_0518.png"; bbox 0 0 2566 4524; ppageno 0'>
   <div class='ocr_carea' id='block_1_1' title="bbox 240 263 1023 345">
    <p class='ocr_par' dir='ltr' id='par_1_1' title="bbox 240 263 1023 345">
     <span class='ocr_line' id='line_1_1' title="bbox 240 263 1023 345; baseline 0.004 -16"><span class='ocrx_word' id='word_1_1' title='bbox 240 272 360 329; x_wconf 69' lang='lat' dir='ltr'>nnana</span> <span class='ocrx_word' id='word_1_2' title='bbox 376 273 461 345; x_wconf 78' lang='lat' dir='ltr'>rur,</span> <span class='ocrx_word' id='word_1_3' title='bbox 478 273 521 328; x_wconf 82' lang='lat' dir='ltr'>sa.</span> <span class='ocrx_word' id='word_1_4' title='bbox 534 273 577 330; x_wconf 82' lang='lat' dir='ltr'>aa.</span> <span class='ocrx_word' id='word_1_5' title='bbox 598 277 635 342; x_wconf 70' lang='lat' dir='ltr'>[a</span> <span class='ocrx_word' id='word_1_6' title='bbox 646 271 775 345; x_wconf 68' lang='lat' dir='ltr'>caasa]</span> <span class='ocrx_word' id='word_1_7' title='bbox 960 263 1023 332; x_wconf 85' lang='lat'>431</span> 
     </span>
    </p>
   </div>
   <div class='ocr_carea' id='block_1_2' title="bbox 77 429 1153 3930">
    <p class='ocr_par' dir='ltr' id='par_1_2' title="bbox 77 429 1153 3930">
     <span class='ocr_line' id='line_1_2' title="bbox 77 429 1027 522; baseline 0.006 -27"><span class='ocrx_word' id='word_1_8' title='bbox 77 459 85 495; x_wconf 74' lang='grc'><strong>1</strong></span> <span class='ocrx_word' id='word_1_9' title='bbox 121 429 180 498; x_wconf 90' lang='lat' dir='ltr'>tibi</span> <span class='ocrx_word' id='word_1_10' title='bbox 201 430 244 497; x_wconf 87' lang='lat' dir='ltr'>ad</span> <span class='ocrx_word' id='word_1_11' title='bbox 264 429 435 498; x_wconf 86' lang='lat' dir='ltr'>voluntatis</span> <span class='ocrx_word' id='word_1_12' title='bbox 452 430 739 520; x_wconf 76' lang='lat' dir='ltr'>interpretationem</span> <span class='ocrx_word' id='word_1_13' title='bbox 756 454 846 499; x_wconf 91' lang='lat' dir='ltr'>meae</span> <span class='ocrx_word' id='word_1_14' title='bbox 863 433 1027 522; x_wconf 88' lang='lat' dir='ltr'>dirigenda</span> 
     </span>
     <span class='ocr_line' id='line_1_3' title="bbox 77 525 1061 613; baseline 0.011 -23"><span class='ocrx_word' id='word_1_15' title='bbox 77 526 222 594; x_wconf 70' lang='lat' dir='ltr'>&gt;utentia</span> <span class='ocrx_word' id='word_1_16' title='bbox 238 525 346 593; x_wconf 88' lang='lat' dir='ltr'>fuerit:</span> <span class='ocrx_word' id='word_1_17' title='bbox 365 565 407 575; x_wconf 91' lang='lat'><em>-</em></span> <span class='ocrx_word' id='word_1_18' title='bbox 425 527 502 612; x_wconf 93' lang='lat' dir='ltr'>quin</span> <span class='ocrx_word' id='word_1_19' title='bbox 519 535 554 592; x_wconf 91' lang='lat' dir='ltr'>tu</span> <span class='ocrx_word' id='word_1_20' title='bbox 570 526 757 613; x_wconf 87' lang='lat' dir='ltr'>respondes,</span> <span class='ocrx_word' id='word_1_21' title='bbox 779 528 972 600; x_wconf 85' lang='lat' dir='ltr'>vetuerimne</span> <span class='ocrx_word' id='word_1_22' title='bbox 994 539 1026 596; x_wconf 93' lang='lat' dir='ltr'>te</span> <span class='ocrx_word' id='word_1_23' title='bbox 1045 551 1061 601; x_wconf 81' lang='lat' dir='ltr'>a</span> 
     </span>
     <span class='ocr_line' id='line_1_4' title="bbox 77 619 1027 711; baseline 0.002 -23"><span class='ocrx_word' id='word_1_24' title='bbox 77 642 163 688; x_wconf 80' lang='lat' dir='ltr'>uam</span> <span class='ocrx_word' id='word_1_25' title='bbox 187 621 235 687; x_wconf 87' lang='lat' dir='ltr'>rei</span> <span class='ocrx_word' id='word_1_26' title='bbox 260 642 312 686; x_wconf 91' lang='lat' dir='ltr'>me</span> <span class='ocrx_word' id='word_1_27' title='bbox 337 619 468 688; x_wconf 81' lang='lat' dir='ltr'>absente</span> <span class='ocrx_word' id='word_1_28' title='bbox 488 643 599 710; x_wconf 85' lang='lat' dir='ltr'>agere,</span> <span class='ocrx_word' id='word_1_29' title='bbox 625 621 818 688; x_wconf 85' lang='lat' dir='ltr'>vetuerimne</span> <span class='ocrx_word' id='word_1_30' title='bbox 840 622 932 711; x_wconf 89' lang='lat' dir='ltr'>signa</span> <span class='ocrx_word' id='word_1_31' title='bbox 954 645 1027 690; x_wconf 90' lang='lat' dir='ltr'>cum</span> 
     </span>
     <span class='ocr_line' id='line_1_5' title="bbox 77 715 1060 804; baseline 0.012 -29"><span class='ocrx_word' id='word_1_32' title='bbox 77 736 139 783; x_wconf 71' lang='lat' dir='ltr'>»us</span> <span class='ocrx_word' id='word_1_33' title='bbox 161 715 323 782; x_wconf 75' lang='lat' dir='ltr'>consenc?</span> <span class='ocrx_word' id='word_1_34' title='bbox 348 737 411 800; x_wconf 93' lang='lat' dir='ltr'>quo</span> <span class='ocrx_word' id='word_1_35' title='bbox 437 725 473 781; x_wconf 93' lang='lat' dir='ltr'>tu</span> <span class='ocrx_word' id='word_1_36' title='bbox 497 715 629 803; x_wconf 89' lang='lat' dir='ltr'>imperio</span> <span class='ocrx_word' id='word_1_37' title='bbox 655 737 726 782; x_wconf 87' lang='lat' dir='ltr'>meo</span> <span class='ocrx_word' id='word_1_38' title='bbox 753 726 873 804; x_wconf 87' lang='lat' dir='ltr'>spreto,</span> <span class='ocrx_word' id='word_1_39' title='bbox 899 717 1025 786; x_wconf 90' lang='lat' dir='ltr'>incertis</span> <span class='ocrx_word' id='word_1_40' title='bbox 1045 741 1060 788; x_wconf 85' lang='lat' dir='ltr'>r</span> 
     </span>
     <span class='ocr_line' id='line_1_6' title="bbox 77 807 1026 898; baseline 0.008 -26"><span class='ocrx_word' id='word_1_41' title='bbox 77 807 157 889; x_wconf 77' lang='lat' dir='ltr'>riis,</span> <span class='ocrx_word' id='word_1_42' title='bbox 180 809 313 876; x_wconf 88' lang='lat' dir='ltr'>turbatis</span> <span class='ocrx_word' id='word_1_43' title='bbox 330 808 535 898; x_wconf 78' lang='lat' dir='ltr'>religionibus</span> <span class='ocrx_word' id='word_1_44' title='bbox 553 811 705 878; x_wconf 87' lang='lat' dir='ltr'>adversus</span> <span class='ocrx_word' id='word_1_45' title='bbox 723 832 844 879; x_wconf 90' lang='lat' dir='ltr'>morem</span> <span class='ocrx_word' id='word_1_46' title='bbox 860 813 1026 880; x_wconf 87' lang='lat' dir='ltr'>militarem</span> 
     </span>
     <span class='ocr_line' id='line_1_7' title="bbox 77 901 1027 991; baseline 0.005 -21"><span class='ocrx_word' id='word_1_47' title='bbox 77 901 254 991; x_wconf 70' lang='lat' dir='ltr'>&gt;limamque</span> <span class='ocrx_word' id='word_1_48' title='bbox 276 905 431 971; x_wconf 89' lang='lat' dir='ltr'>maiorum</span> <span class='ocrx_word' id='word_1_49' title='bbox 453 914 485 971; x_wconf 89' lang='lat' dir='ltr'>et</span> <span class='ocrx_word' id='word_1_50' title='bbox 502 927 620 971; x_wconf 90' lang='lat' dir='ltr'>numen</span> <span class='ocrx_word' id='word_1_51' title='bbox 636 905 768 972; x_wconf 92' lang='lat' dir='ltr'>deorum</span> <span class='ocrx_word' id='word_1_52' title='bbox 785 928 883 974; x_wconf 89' lang='lat' dir='ltr'>ausus</span> <span class='ocrx_word' id='word_1_53' title='bbox 901 930 936 974; x_wconf 89' lang='lat' dir='ltr'>es</span> <span class='ocrx_word' id='word_1_54' title='bbox 953 930 1027 974; x_wconf 89' lang='lat' dir='ltr'>oum</span> 
     </span>
     <span class='ocr_line' id='line_1_8' title="bbox 99 1000 1075 1090; baseline 0.004 -22"><span class='ocrx_word' id='word_1_55' title='bbox 99 1001 283 1090; x_wconf 80' lang='lat' dir='ltr'>confligere.</span> <span class='ocrx_word' id='word_1_56' title='bbox 319 1000 360 1067; x_wconf 88' lang='lat' dir='ltr'>ad</span> <span class='ocrx_word' id='word_1_57' title='bbox 381 1001 461 1067; x_wconf 89' lang='lat' dir='ltr'>haec</span> <span class='ocrx_word' id='word_1_58' title='bbox 477 1022 559 1087; x_wconf 89' lang='lat' dir='ltr'>qnae</span> <span class='ocrx_word' id='word_1_59' title='bbox 576 1001 787 1090; x_wconf 85' lang='lat' dir='ltr'>interrogatus</span> <span class='ocrx_word' id='word_1_60' title='bbox 805 1024 840 1069; x_wconf 88' lang='lat' dir='ltr'>es</span> <span class='ocrx_word' id='word_1_61' title='bbox 858 1004 1025 1090; x_wconf 84' lang='lat' dir='ltr'>responde,</span> <span class='ocrx_word' id='word_1_62' title='bbox 1044 1023 1075 1072; x_wconf 81' lang='lat'>8.</span> 
     </span>
     <span class='ocr_line' id='line_1_9' title="bbox 77 1096 1061 1176; baseline 0.006 -14"><span class='ocrx_word' id='word_1_63' title='bbox 77 1099 134 1161; x_wconf 73' lang='lat' dir='ltr'>tra</span> <span class='ocrx_word' id='word_1_64' title='bbox 150 1118 189 1162; x_wconf 90' lang='lat' dir='ltr'>ea</span> <span class='ocrx_word' id='word_1_65' title='bbox 206 1118 283 1162; x_wconf 85' lang='lat' dir='ltr'>cave</span> <span class='ocrx_word' id='word_1_66' title='bbox 300 1118 412 1162; x_wconf 86' lang='lat' dir='ltr'>vocem</span> <span class='ocrx_word' id='word_1_67' title='bbox 428 1096 545 1175; x_wconf 73' lang='lat' dir='ltr'>mittas.</span> <span class='ocrx_word' id='word_1_68' title='bbox 581 1097 709 1176; x_wconf 88' lang='lat' dir='ltr'>accede,</span> <span class='ocrx_word' id='word_1_69' title='bbox 727 1097 838 1166; x_wconf 65' lang='lat' dir='ltr'>lictor?</span> <span class='ocrx_word' id='word_1_70' title='bbox 872 1098 1024 1166; x_wconf 87' lang='lat' dir='ltr'>adversus</span> <span class='ocrx_word' id='word_1_71' title='bbox 1044 1121 1061 1168; x_wconf 87' lang='lat' dir='ltr'>s</span> 
     </span>
     <span class='ocr_line' id='line_1_10' title="bbox 77 1184 1028 1278; baseline 0.007 -24"><span class='ocrx_word' id='word_1_72' title='bbox 77 1184 122 1254; x_wconf 78' lang='lat' dir='ltr'>tla</span> <span class='ocrx_word' id='word_1_73' title='bbox 145 1188 321 1278; x_wconf 87' lang='lat' dir='ltr'>quae[que]</span> <span class='ocrx_word' id='word_1_74' title='bbox 349 1214 422 1257; x_wconf 93' lang='lat' dir='ltr'>cum</span> <span class='ocrx_word' id='word_1_75' title='bbox 446 1191 637 1278; x_wconf 88' lang='lat' dir='ltr'>respondere</span> <span class='ocrx_word' id='word_1_76' title='bbox 662 1191 749 1258; x_wconf 90' lang='lat' dir='ltr'>haud</span> <span class='ocrx_word' id='word_1_77' title='bbox 774 1192 867 1260; x_wconf 80' lang='lat' dir='ltr'>facile</span> <span class='ocrx_word' id='word_1_78' title='bbox 889 1203 974 1261; x_wconf 86' lang='lat' dir='ltr'>esset</span> <span class='ocrx_word' id='word_1_79' title='bbox 995 1205 1028 1261; x_wconf 88' lang='lat' dir='ltr'>et</span> 
     </span>
     <span class='ocr_line' id='line_1_11' title="bbox 96 1287 1029 1375; baseline 0.004 -25"><span class='ocrx_word' id='word_1_80' title='bbox 96 1295 287 1366; x_wconf 88' lang='lat' dir='ltr'>quereretur,</span> <span class='ocrx_word' id='word_1_81' title='bbox 311 1287 445 1352; x_wconf 91' lang='lat' dir='ltr'>eundem</span> <span class='ocrx_word' id='word_1_82' title='bbox 463 1296 678 1354; x_wconf 80' lang='lat' dir='ltr'>accusatorem</span> <span class='ocrx_word' id='word_1_83' title='bbox 696 1288 806 1375; x_wconf 91' lang='lat' dir='ltr'>capitis</span> <span class='ocrx_word' id='word_1_84' title='bbox 825 1287 876 1355; x_wconf 89' lang='lat' dir='ltr'>sui</span> <span class='ocrx_word' id='word_1_85' title='bbox 891 1311 929 1355; x_wconf 90' lang='lat' dir='ltr'>ac</span> <span class='ocrx_word' id='word_1_86' title='bbox 945 1289 1029 1354; x_wconf 90' lang='lat' dir='ltr'>iudi·</span> 
     </span>
     <span class='ocr_line' id='line_1_12' title="bbox 89 1379 1028 1472; baseline 0.012 -33"><span class='ocrx_word' id='word_1_87' title='bbox 89 1395 173 1459; x_wconf 88' lang='lat' dir='ltr'>esse,</span> <span class='ocrx_word' id='word_1_88' title='bbox 199 1379 295 1446; x_wconf 92' lang='lat' dir='ltr'>modo</span> <span class='ocrx_word' id='word_1_89' title='bbox 316 1381 415 1446; x_wconf 83' lang='lat' dir='ltr'>vitam</span> <span class='ocrx_word' id='word_1_90' title='bbox 433 1380 494 1448; x_wconf 91' lang='lat' dir='ltr'>sibi</span> <span class='ocrx_word' id='word_1_91' title='bbox 511 1382 589 1468; x_wconf 89' lang='lat' dir='ltr'>eripi</span> <span class='ocrx_word' id='word_1_92' title='bbox 606 1382 698 1449; x_wconf 88' lang='lat' dir='ltr'>citius</span> <span class='ocrx_word' id='word_1_93' title='bbox 715 1404 812 1467; x_wconf 88' lang='lat' dir='ltr'>quam</span> <span class='ocrx_word' id='word_1_94' title='bbox 828 1383 961 1472; x_wconf 88' lang='lat' dir='ltr'>gloriam</span> <span class='ocrx_word' id='word_1_95' title='bbox 977 1406 1028 1450; x_wconf 88' lang='lat' dir='ltr'>re·</span> 
     </span>
     <span class='ocr_line' id='line_1_13' title="bbox 86 1475 1080 1565; baseline 0.01 -27"><span class='ocrx_word' id='word_1_96' title='bbox 86 1484 242 1556; x_wconf 83' lang='lat' dir='ltr'>gestarum</span> <span class='ocrx_word' id='word_1_97' title='bbox 258 1497 353 1562; x_wconf 90' lang='lat' dir='ltr'>posse</span> <span class='ocrx_word' id='word_1_98' title='bbox 371 1475 595 1542; x_wconf 85' lang='lat' dir='ltr'>vociferaretur</span> <span class='ocrx_word' id='word_1_99' title='bbox 610 1487 821 1565; x_wconf 85' lang='lat' dir='ltr'>purgaretque</span> <span class='ocrx_word' id='word_1_100' title='bbox 839 1501 874 1545; x_wconf 92' lang='lat' dir='ltr'>se</span> <span class='ocrx_word' id='word_1_101' title='bbox 890 1477 1027 1544; x_wconf 88' lang='lat' dir='ltr'>invicem</span> <span class='ocrx_word' id='word_1_102' title='bbox 1045 1498 1080 1548; x_wconf 90' lang='lat'>10</span> 
     </span>
     <span class='ocr_line' id='line_1_14' title="bbox 77 1569 1027 1662; baseline 0.007 -29"><span class='ocrx_word' id='word_1_103' title='bbox 77 1579 101 1626; x_wconf 67' lang='grc' dir='ltr'>θ</span> <span class='ocrx_word' id='word_1_104' title='bbox 114 1569 189 1635; x_wconf 91' lang='lat' dir='ltr'>ultro</span> <span class='ocrx_word' id='word_1_105' title='bbox 206 1580 383 1648; x_wconf 87' lang='lat' dir='ltr'>accusaret,</span> <span class='ocrx_word' id='word_1_106' title='bbox 402 1580 478 1636; x_wconf 92' lang='lat' dir='ltr'>tunc</span> <span class='ocrx_word' id='word_1_107' title='bbox 494 1570 642 1658; x_wconf 83' lang='lat' dir='ltr'>Papirius</span> <span class='ocrx_word' id='word_1_108' title='bbox 658 1571 872 1662; x_wconf 84' lang='lat' dir='ltr'>redintegrata</span> <span class='ocrx_word' id='word_1_109' title='bbox 887 1572 935 1640; x_wconf 90' lang='lat' dir='ltr'>ira</span> <span class='ocrx_word' id='word_1_110' title='bbox 952 1596 1027 1660; x_wconf 91' lang='lat' dir='ltr'>spo-</span> 
     </span>
     <span class='ocr_line' id='line_1_15' title="bbox 77 1664 1026 1757; baseline 0.005 -29"><span class='ocrx_word' id='word_1_111' title='bbox 77 1664 281 1757; x_wconf 32' lang='lat' dir='ltr'>&#39;magistrum</span> <span class='ocrx_word' id='word_1_112' title='bbox 311 1664 451 1750; x_wconf 90' lang='lat' dir='ltr'>equitum</span> <span class='ocrx_word' id='word_1_113' title='bbox 477 1688 516 1732; x_wconf 90' lang='lat' dir='ltr'>ac</span> <span class='ocrx_word' id='word_1_114' title='bbox 540 1665 647 1754; x_wconf 88' lang='lat' dir='ltr'>virgas</span> <span class='ocrx_word' id='word_1_115' title='bbox 674 1675 706 1733; x_wconf 92' lang='lat' dir='ltr'>et</span> <span class='ocrx_word' id='word_1_116' title='bbox 731 1688 857 1735; x_wconf 87' lang='lat' dir='ltr'>secures</span> <span class='ocrx_word' id='word_1_117' title='bbox 885 1667 1026 1756; x_wconf 84' lang='lat' dir='ltr'>expediri</span> 
     </span>
     <span class='ocr_line' id='line_1_16' title="bbox 77 1757 1153 1848; baseline 0.012 -30"><span class='ocrx_word' id='word_1_118' title='bbox 77 1758 106 1818; x_wconf 75' lang='lat' dir='ltr'>a</span> <span class='ocrx_word' id='word_1_119' title='bbox 125 1757 242 1826; x_wconf 86' lang='lat' dir='ltr'>Fabius</span> <span class='ocrx_word' id='word_1_120' title='bbox 255 1759 351 1826; x_wconf 89' lang='lat' dir='ltr'>fidem</span> <span class='ocrx_word' id='word_1_121' title='bbox 363 1760 497 1826; x_wconf 89' lang='lat' dir='ltr'>militum</span> <span class='ocrx_word' id='word_1_122' title='bbox 509 1761 668 1848; x_wconf 88' lang='lat' dir='ltr'>inplorans</span> <span class='ocrx_word' id='word_1_123' title='bbox 681 1760 891 1830; x_wconf 81' lang='lat' dir='ltr'>lacerantibus</span> <span class='ocrx_word' id='word_1_124' title='bbox 903 1772 1026 1828; x_wconf 86' lang='lat' dir='ltr'>vestem</span> <span class='ocrx_word' id='word_1_125' title='bbox 1045 1783 1076 1830; x_wconf 89' lang='lat'>11</span> <span class='ocrx_word' id='word_1_126' title='bbox 1152 1797 1153 1801; x_wconf 40' lang='lat'>¹</span> 
     </span>
     <span class='ocr_line' id='line_1_17' title="bbox 77 1847 1025 1944; baseline 0.008 -30"><span class='ocrx_word' id='word_1_127' title='bbox 77 1847 157 1919; x_wconf 78' lang='lat' dir='ltr'>u&#39;bus</span> <span class='ocrx_word' id='word_1_128' title='bbox 177 1854 220 1920; x_wconf 93' lang='lat' dir='ltr'>ad</span> <span class='ocrx_word' id='word_1_129' title='bbox 241 1854 364 1921; x_wconf 82' lang='lat' dir='ltr'>triarios</span> <span class='ocrx_word' id='word_1_130' title='bbox 387 1855 556 1921; x_wconf 91' lang='lat' dir='ltr'>tumultum</span> <span class='ocrx_word' id='word_1_131' title='bbox 579 1853 718 1944; x_wconf 90' lang='lat' dir='ltr'>[ultima]</span> <span class='ocrx_word' id='word_1_132' title='bbox 741 1857 804 1922; x_wconf 91' lang='lat' dir='ltr'>iam</span> <span class='ocrx_word' id='word_1_133' title='bbox 825 1857 859 1922; x_wconf 91' lang='lat' dir='ltr'>in</span> <span class='ocrx_word' id='word_1_134' title='bbox 880 1857 1025 1924; x_wconf 90' lang='lat' dir='ltr'>contione</span> 
     </span>
     <span class='ocr_line' id='line_1_18' title="bbox 77 1949 1079 2036; baseline 0.008 -26"><span class='ocrx_word' id='word_1_135' title='bbox 77 1955 163 2014; x_wconf 70' lang='lat' dir='ltr'>antes</span> <span class='ocrx_word' id='word_1_136' title='bbox 186 1970 257 2015; x_wconf 87' lang='lat' dir='ltr'>sese</span> <span class='ocrx_word' id='word_1_137' title='bbox 278 1949 405 2036; x_wconf 83' lang='lat' dir='ltr'>recepit</span> <span class='ocrx_word' id='word_1_138' title='bbox 440 1950 514 2018; x_wconf 90' lang='lat' dir='ltr'>inde</span> <span class='ocrx_word' id='word_1_139' title='bbox 536 1950 654 2018; x_wconf 88' lang='lat' dir='ltr'>clamor</span> <span class='ocrx_word' id='word_1_140' title='bbox 673 1951 709 2016; x_wconf 89' lang='lat' dir='ltr'>in</span> <span class='ocrx_word' id='word_1_141' title='bbox 730 1960 828 2019; x_wconf 89' lang='lat' dir='ltr'>totam</span> <span class='ocrx_word' id='word_1_142' title='bbox 850 1951 1027 2018; x_wconf 90' lang='lat' dir='ltr'>contionem</span> <span class='ocrx_word' id='word_1_143' title='bbox 1046 1969 1079 2018; x_wconf 80' lang='lat'>12</span> 
     </span>
     <span class='ocr_line' id='line_1_19' title="bbox 77 2042 1028 2133; baseline 0.005 -25"><span class='ocrx_word' id='word_1_144' title='bbox 77 2042 218 2120; x_wconf 76' lang='lat' dir='ltr'>perlatus:</span> <span class='ocrx_word' id='word_1_145' title='bbox 245 2042 321 2110; x_wconf 88' lang='lat' dir='ltr'>alibi</span> <span class='ocrx_word' id='word_1_146' title='bbox 341 2066 465 2132; x_wconf 90' lang='lat' dir='ltr'>preces,</span> <span class='ocrx_word' id='word_1_147' title='bbox 493 2045 569 2111; x_wconf 81' lang='lat' dir='ltr'>alibi</span> <span class='ocrx_word' id='word_1_148' title='bbox 589 2046 694 2113; x_wconf 92' lang='lat' dir='ltr'>minae</span> <span class='ocrx_word' id='word_1_149' title='bbox 715 2045 932 2115; x_wconf 81' lang='lat' dir='ltr'>audiebantur.</span> <span class='ocrx_word' id='word_1_150' title='bbox 972 2046 1028 2133; x_wconf 89' lang='lat' dir='ltr'>qui</span> 
     </span>
     <span class='ocr_line' id='line_1_20' title="bbox 77 2129 1028 2225; baseline 0.003 -22"><span class='ocrx_word' id='word_1_151' title='bbox 77 2129 132 2203; x_wconf 75' lang='lat' dir='ltr'>ini</span> <span class='ocrx_word' id='word_1_152' title='bbox 151 2138 232 2205; x_wconf 83' lang='lat' dir='ltr'>forte</span> <span class='ocrx_word' id='word_1_153' title='bbox 254 2137 402 2205; x_wconf 86' lang='lat' dir='ltr'>tribunali</span> <span class='ocrx_word' id='word_1_154' title='bbox 424 2148 586 2218; x_wconf 88' lang='lat' dir='ltr'>steterant,</span> <span class='ocrx_word' id='word_1_155' title='bbox 609 2140 684 2225; x_wconf 89' lang='lat' dir='ltr'>quia</span> <span class='ocrx_word' id='word_1_156' title='bbox 701 2140 835 2208; x_wconf 88' lang='lat' dir='ltr'>subiecti</span> <span class='ocrx_word' id='word_1_157' title='bbox 852 2141 952 2208; x_wconf 90' lang='lat' dir='ltr'>oculis</span> <span class='ocrx_word' id='word_1_158' title='bbox 968 2142 1028 2206; x_wconf 93' lang='lat' dir='ltr'>im·</span> 
     </span>
     <span class='ocr_line' id='line_1_21' title="bbox 77 2232 1026 2322; baseline 0.003 -24"><span class='ocrx_word' id='word_1_159' title='bbox 77 2232 148 2299; x_wconf 80' lang='lat' dir='ltr'>toris</span> <span class='ocrx_word' id='word_1_160' title='bbox 165 2232 313 2300; x_wconf 83' lang='lat' dir='ltr'>noscitari</span> <span class='ocrx_word' id='word_1_161' title='bbox 328 2242 486 2320; x_wconf 88' lang='lat' dir='ltr'>poterant,</span> <span class='ocrx_word' id='word_1_162' title='bbox 504 2232 649 2312; x_wconf 89' lang='lat' dir='ltr'>orabant,</span> <span class='ocrx_word' id='word_1_163' title='bbox 668 2243 704 2298; x_wconf 90' lang='lat' dir='ltr'>ut</span> <span class='ocrx_word' id='word_1_164' title='bbox 715 2243 857 2320; x_wconf 80' lang='lat' dir='ltr'>parceret</span> <span class='ocrx_word' id='word_1_165' title='bbox 874 2235 1026 2322; x_wconf 88' lang='lat' dir='ltr'>magistro</span> 
     </span>
     <span class='ocr_line' id='line_1_22' title="bbox 77 2326 1078 2397; baseline 0.005 -5"><span class='ocrx_word' id='word_1_166' title='bbox 77 2330 138 2392; x_wconf 87' lang='lat' dir='ltr'>tum</span> <span class='ocrx_word' id='word_1_167' title='bbox 153 2349 216 2397; x_wconf 92' lang='lat' dir='ltr'>neu</span> <span class='ocrx_word' id='word_1_168' title='bbox 234 2350 306 2394; x_wconf 89' lang='lat' dir='ltr'>cum</span> <span class='ocrx_word' id='word_1_169' title='bbox 324 2350 362 2395; x_wconf 90' lang='lat' dir='ltr'>eo</span> <span class='ocrx_word' id='word_1_170' title='bbox 380 2327 551 2394; x_wconf 86' lang='lat' dir='ltr'>exercitum</span> <span class='ocrx_word' id='word_1_171' title='bbox 569 2326 747 2393; x_wconf 82' lang='lat' dir='ltr'>damnaret:</span> <span class='ocrx_word' id='word_1_172' title='bbox 765 2335 905 2394; x_wconf 88' lang='lat' dir='ltr'>extrema</span> <span class='ocrx_word' id='word_1_173' title='bbox 922 2327 1026 2395; x_wconf 88' lang='lat' dir='ltr'>contio</span> <span class='ocrx_word' id='word_1_174' title='bbox 1045 2347 1078 2397; x_wconf 80' lang='lat' dir='ltr'>re</span> 
     </span>
     <span class='ocr_line' id='line_1_23' title="bbox 77 2415 1027 2510; baseline 0.002 -24"><span class='ocrx_word' id='word_1_175' title='bbox 77 2415 133 2488; x_wconf 82' lang='lat' dir='ltr'>&#39;uca</span> <span class='ocrx_word' id='word_1_176' title='bbox 148 2422 285 2490; x_wconf 87' lang='lat' dir='ltr'>Fabium</span> <span class='ocrx_word' id='word_1_177' title='bbox 305 2422 420 2510; x_wconf 85' lang='lat' dir='ltr'>globus</span> <span class='ocrx_word' id='word_1_178' title='bbox 437 2421 642 2509; x_wconf 84' lang='lat' dir='ltr'>increpabant</span> <span class='ocrx_word' id='word_1_179' title='bbox 657 2420 878 2489; x_wconf 89' lang='lat' dir='ltr'>inclementem</span> <span class='ocrx_word' id='word_1_180' title='bbox 896 2421 1027 2488; x_wconf 88' lang='lat' dir='ltr'>dictato-</span> 
     </span>
     <span class='ocr_line' id='line_1_24' title="bbox 92 2514 1026 2605; baseline -0.001 -23"><span class='ocrx_word' id='word_1_181' title='bbox 92 2539 147 2584; x_wconf 89' lang='lat' dir='ltr'>nec</span> <span class='ocrx_word' id='word_1_182' title='bbox 170 2516 283 2605; x_wconf 88' lang='lat' dir='ltr'>procul</span> <span class='ocrx_word' id='word_1_183' title='bbox 309 2518 461 2585; x_wconf 87' lang='lat' dir='ltr'>seditione</span> <span class='ocrx_word' id='word_1_184' title='bbox 487 2515 626 2585; x_wconf 80' lang='lat' dir='ltr'>aberant</span> <span class='ocrx_word' id='word_1_185' title='bbox 669 2538 711 2583; x_wconf 91' lang='lat' dir='ltr'>ne</span> <span class='ocrx_word' id='word_1_186' title='bbox 736 2515 873 2583; x_wconf 88' lang='lat' dir='ltr'>tribunal</span> <span class='ocrx_word' id='word_1_187' title='bbox 898 2514 1026 2602; x_wconf 90' lang='lat' dir='ltr'>quidem</span> 
     </span>
     <span class='ocr_line' id='line_1_25' title="bbox 99 2609 1079 2699; baseline 0 -21"><span class='ocrx_word' id='word_1_188' title='bbox 99 2612 236 2697; x_wconf 82' lang='lat' dir='ltr'>quietum</span> <span class='ocrx_word' id='word_1_189' title='bbox 258 2622 333 2678; x_wconf 82' lang='lat' dir='ltr'>erat</span> <span class='ocrx_word' id='word_1_190' title='bbox 376 2611 474 2699; x_wconf 88' lang='lat' dir='ltr'>legati</span> <span class='ocrx_word' id='word_1_191' title='bbox 495 2611 732 2678; x_wconf 89' lang='lat' dir='ltr'>circumstantes</span> <span class='ocrx_word' id='word_1_192' title='bbox 754 2610 864 2678; x_wconf 88' lang='lat' dir='ltr'>sellam</span> <span class='ocrx_word' id='word_1_193' title='bbox 885 2609 1025 2689; x_wconf 89' lang='lat' dir='ltr'>orabant,</span> <span class='ocrx_word' id='word_1_194' title='bbox 1046 2629 1079 2678; x_wconf 78' lang='lat'>14</span> 
     </span>
     <span class='ocr_line' id='line_1_26' title="bbox 77 2706 1027 2794; baseline 0.003 -27"><span class='ocrx_word' id='word_1_195' title='bbox 77 2723 116 2771; x_wconf 72' lang='lat' dir='ltr'>tm</span> <span class='ocrx_word' id='word_1_196' title='bbox 132 2707 165 2772; x_wconf 89' lang='lat' dir='ltr'>in</span> <span class='ocrx_word' id='word_1_197' title='bbox 182 2716 344 2793; x_wconf 91' lang='lat' dir='ltr'>posterum</span> <span class='ocrx_word' id='word_1_198' title='bbox 362 2707 446 2773; x_wconf 86' lang='lat' dir='ltr'>diem</span> <span class='ocrx_word' id='word_1_199' title='bbox 463 2706 603 2774; x_wconf 87' lang='lat' dir='ltr'>differret</span> <span class='ocrx_word' id='word_1_200' title='bbox 619 2715 651 2774; x_wconf 88' lang='lat' dir='ltr'>et</span> <span class='ocrx_word' id='word_1_201' title='bbox 666 2706 732 2773; x_wconf 88' lang='lat' dir='ltr'>irae</span> <span class='ocrx_word' id='word_1_202' title='bbox 751 2728 827 2773; x_wconf 88' lang='lat' dir='ltr'>suae</span> <span class='ocrx_word' id='word_1_203' title='bbox 841 2706 977 2794; x_wconf 89' lang='lat' dir='ltr'>spatium</span> <span class='ocrx_word' id='word_1_204' title='bbox 995 2715 1027 2771; x_wconf 88' lang='lat' dir='ltr'>et</span> 
     </span>
     <span class='ocr_line' id='line_1_27' title="bbox 77 2797 1078 2890; baseline 0.004 -24"><span class='ocrx_word' id='word_1_205' title='bbox 77 2797 128 2867; x_wconf 80' lang='lat' dir='ltr'>ilio</span> <span class='ocrx_word' id='word_1_206' title='bbox 140 2812 265 2888; x_wconf 91' lang='lat' dir='ltr'>tempus</span> <span class='ocrx_word' id='word_1_207' title='bbox 278 2801 374 2868; x_wconf 85' lang='lat' dir='ltr'>daret</span> <span class='ocrx_word' id='word_1_208' title='bbox 394 2801 471 2868; x_wconf 88' lang='lat' dir='ltr'>satis</span> <span class='ocrx_word' id='word_1_209' title='bbox 485 2802 671 2890; x_wconf 87' lang='lat' dir='ltr'>castigatam</span> <span class='ocrx_word' id='word_1_210' title='bbox 680 2801 926 2869; x_wconf 83' lang='lat' dir='ltr'>adulescentiam</span> <span class='ocrx_word' id='word_1_211' title='bbox 934 2799 1027 2869; x_wconf 83' lang='lat' dir='ltr'>Fabii</span> <span class='ocrx_word' id='word_1_212' title='bbox 1046 2820 1078 2870; x_wconf 79' lang='lat'>15</span> 
     </span>
     <span class='ocr_line' id='line_1_28' title="bbox 77 2895 1028 2963; baseline -0.001 0"><span class='ocrx_word' id='word_1_213' title='bbox 77 2940 80 2963; x_wconf 84' lang='lat'><em>.</em></span> <span class='ocrx_word' id='word_1_214' title='bbox 105 2896 181 2963; x_wconf 87' lang='lat' dir='ltr'>satis</span> <span class='ocrx_word' id='word_1_215' title='bbox 199 2895 407 2962; x_wconf 85' lang='lat' dir='ltr'>deformatam</span> <span class='ocrx_word' id='word_1_216' title='bbox 424 2896 601 2963; x_wconf 83' lang='lat' dir='ltr'>victoriam:</span> <span class='ocrx_word' id='word_1_217' title='bbox 622 2918 663 2962; x_wconf 92' lang='lat' dir='ltr'>ne</span> <span class='ocrx_word' id='word_1_218' title='bbox 681 2896 723 2963; x_wconf 88' lang='lat' dir='ltr'>ad</span> <span class='ocrx_word' id='word_1_219' title='bbox 740 2905 915 2963; x_wconf 85' lang='lat' dir='ltr'>extremum</span> <span class='ocrx_word' id='word_1_220' title='bbox 932 2895 1028 2962; x_wconf 84' lang='lat' dir='ltr'>finem</span> 
     </span>
     <span class='ocr_line' id='line_1_29' title="bbox 77 2987 1027 3077; baseline 0.001 -22"><span class='ocrx_word' id='word_1_221' title='bbox 77 2987 143 3056; x_wconf 92' lang='lat' dir='ltr'>licii</span> <span class='ocrx_word' id='word_1_222' title='bbox 155 2989 297 3057; x_wconf 86' lang='lat' dir='ltr'>tenderet</span> <span class='ocrx_word' id='word_1_223' title='bbox 309 3013 372 3057; x_wconf 91' lang='lat' dir='ltr'>neu</span> <span class='ocrx_word' id='word_1_224' title='bbox 384 2990 477 3058; x_wconf 92' lang='lat' dir='ltr'>unico</span> <span class='ocrx_word' id='word_1_225' title='bbox 490 2989 596 3057; x_wconf 90' lang='lat' dir='ltr'>iuveni</span> <span class='ocrx_word' id='word_1_226' title='bbox 608 3012 671 3056; x_wconf 91' lang='lat' dir='ltr'>neu</span> <span class='ocrx_word' id='word_1_227' title='bbox 678 2991 761 3077; x_wconf 88' lang='lat' dir='ltr'>patri</span> <span class='ocrx_word' id='word_1_228' title='bbox 773 2991 841 3056; x_wconf 90' lang='lat' dir='ltr'>eius</span> <span class='ocrx_word' id='word_1_229' title='bbox 853 2990 1027 3057; x_wconf 90' lang='lat' dir='ltr'>clarissimo</span> 
     </span>
     <span class='ocr_line' id='line_1_30' title="bbox 85 3082 1080 3171; baseline 0.006 -23"><span class='ocrx_word' id='word_1_230' title='bbox 85 3105 148 3150; x_wconf 88' lang='lat' dir='ltr'>neu</span> <span class='ocrx_word' id='word_1_231' title='bbox 164 3082 285 3151; x_wconf 84' lang='lat' dir='ltr'>Fabiae</span> <span class='ocrx_word' id='word_1_232' title='bbox 306 3085 393 3171; x_wconf 92' lang='lat' dir='ltr'>genti</span> <span class='ocrx_word' id='word_1_233' title='bbox 414 3106 486 3152; x_wconf 89' lang='lat' dir='ltr'>eam</span> <span class='ocrx_word' id='word_1_234' title='bbox 505 3085 683 3171; x_wconf 90' lang='lat' dir='ltr'>iniungeret</span> <span class='ocrx_word' id='word_1_235' title='bbox 703 3083 918 3170; x_wconf 87' lang='lat' dir='ltr'>ignominiam.</span> <span class='ocrx_word' id='word_1_236' title='bbox 955 3105 1027 3149; x_wconf 93' lang='lat' dir='ltr'>cum</span> <span class='ocrx_word' id='word_1_237' title='bbox 1045 3105 1080 3154; x_wconf 78' lang='lat' dir='ltr'>rs</span> 
     </span>
     <span class='ocr_line' id='line_1_31' title="bbox 77 3175 1029 3266; baseline 0 -25"><span class='ocrx_word' id='word_1_238' title='bbox 77 3197 109 3241; x_wconf 91' lang='lat' dir='ltr'>m</span> <span class='ocrx_word' id='word_1_239' title='bbox 123 3178 285 3265; x_wconf 88' lang='lat' dir='ltr'>precibus,</span> <span class='ocrx_word' id='word_1_240' title='bbox 304 3201 416 3265; x_wconf 90' lang='lat' dir='ltr'>parum</span> <span class='ocrx_word' id='word_1_241' title='bbox 433 3200 529 3245; x_wconf 90' lang='lat' dir='ltr'>causa</span> <span class='ocrx_word' id='word_1_242' title='bbox 542 3178 741 3266; x_wconf 88' lang='lat' dir='ltr'>proficerent,</span> <span class='ocrx_word' id='word_1_243' title='bbox 759 3176 873 3243; x_wconf 89' lang='lat' dir='ltr'>intueri</span> <span class='ocrx_word' id='word_1_244' title='bbox 886 3175 1029 3242; x_wconf 86' lang='lat' dir='ltr'>saevien-</span> 
     </span>
     <span class='ocr_line' id='line_1_32' title="bbox 78 3268 1027 3341; baseline -0.002 -3"><span class='ocrx_word' id='word_1_245' title='bbox 78 3273 256 3339; x_wconf 88' lang='lat' dir='ltr'>contionem</span> <span class='ocrx_word' id='word_1_246' title='bbox 273 3272 432 3339; x_wconf 88' lang='lat' dir='ltr'>iubebant.</span> <span class='ocrx_word' id='word_1_247' title='bbox 458 3273 503 3339; x_wconf 92' lang='lat' dir='ltr'>ita</span> <span class='ocrx_word' id='word_1_248' title='bbox 519 3273 651 3341; x_wconf 88' lang='lat' dir='ltr'>inritatis</span> <span class='ocrx_word' id='word_1_249' title='bbox 669 3271 804 3336; x_wconf 89' lang='lat' dir='ltr'>militum</span> <span class='ocrx_word' id='word_1_250' title='bbox 821 3269 933 3338; x_wconf 90' lang='lat' dir='ltr'>animis</span> <span class='ocrx_word' id='word_1_251' title='bbox 952 3268 1027 3337; x_wconf 90' lang='lat' dir='ltr'>sub-</span> 
     </span>
     <span class='ocr_line' id='line_1_33' title="bbox 95 3366 1027 3455; baseline -0.003 -20"><span class='ocrx_word' id='word_1_252' title='bbox 95 3367 202 3455; x_wconf 89' lang='lat' dir='ltr'>ignem</span> <span class='ocrx_word' id='word_1_253' title='bbox 224 3390 261 3434; x_wconf 86' lang='lat' dir='ltr'>ac</span> <span class='ocrx_word' id='word_1_254' title='bbox 283 3369 445 3435; x_wconf 88' lang='lat' dir='ltr'>materiam</span> <span class='ocrx_word' id='word_1_255' title='bbox 467 3368 611 3436; x_wconf 87' lang='lat' dir='ltr'>seditioni</span> <span class='ocrx_word' id='word_1_256' title='bbox 633 3390 697 3433; x_wconf 90' lang='lat' dir='ltr'>non</span> <span class='ocrx_word' id='word_1_257' title='bbox 718 3388 789 3434; x_wconf 91' lang='lat' dir='ltr'>esse</span> <span class='ocrx_word' id='word_1_258' title='bbox 810 3366 936 3446; x_wconf 88' lang='lat' dir='ltr'>aetatis,</span> <span class='ocrx_word' id='word_1_259' title='bbox 962 3387 1027 3433; x_wconf 90' lang='lat' dir='ltr'>non</span> 
     </span>
     <span class='ocr_line' id='line_1_34' title="bbox 77 3461 1078 3550; baseline 0.002 -22"><span class='ocrx_word' id='word_1_260' title='bbox 77 3463 181 3529; x_wconf 86' lang='lat' dir='ltr'>entiae</span> <span class='ocrx_word' id='word_1_261' title='bbox 199 3463 277 3529; x_wconf 90' lang='lat' dir='ltr'>eius.</span> <span class='ocrx_word' id='word_1_262' title='bbox 304 3463 461 3530; x_wconf 88' lang='lat' dir='ltr'>neminem</span> <span class='ocrx_word' id='word_1_263' title='bbox 478 3463 512 3529; x_wconf 90' lang='lat' dir='ltr'>id</span> <span class='ocrx_word' id='word_1_264' title='bbox 526 3461 568 3547; x_wconf 88' lang='lat' dir='ltr'>Q.</span> <span class='ocrx_word' id='word_1_265' title='bbox 581 3461 682 3530; x_wconf 87' lang='lat' dir='ltr'>Fabio</span> <span class='ocrx_word' id='word_1_266' title='bbox 693 3484 829 3550; x_wconf 89' lang='lat' dir='ltr'>poenam</span> <span class='ocrx_word' id='word_1_267' title='bbox 846 3461 1027 3549; x_wconf 86' lang='lat' dir='ltr'>deprecanti</span> <span class='ocrx_word' id='word_1_268' title='bbox 1046 3483 1078 3530; x_wconf 81' lang='lat' dir='ltr'>rr</span> 
     </span>
     <span class='ocr_line' id='line_1_35' title="bbox 77 3557 1027 3639; baseline 0.002 -19"><span class='ocrx_word' id='word_1_269' title='bbox 77 3575 88 3620; x_wconf 92' lang='grc' dir='ltr'>ι</span> <span class='ocrx_word' id='word_1_270' title='bbox 117 3557 195 3624; x_wconf 87' lang='lat' dir='ltr'>vitio</span> <span class='ocrx_word' id='word_1_271' title='bbox 225 3579 404 3639; x_wconf 89' lang='lat' dir='ltr'>versurum,</span> <span class='ocrx_word' id='word_1_272' title='bbox 436 3560 493 3624; x_wconf 89' lang='lat' dir='ltr'>sed</span> <span class='ocrx_word' id='word_1_273' title='bbox 518 3557 676 3636; x_wconf 89' lang='lat' dir='ltr'>dictatori,</span> <span class='ocrx_word' id='word_1_274' title='bbox 712 3557 741 3624; x_wconf 91' lang='lat' dir='ltr'>si</span> <span class='ocrx_word' id='word_1_275' title='bbox 770 3565 954 3625; x_wconf 84' lang='lat' dir='ltr'>occaecatus</span> <span class='ocrx_word' id='word_1_276' title='bbox 980 3557 1027 3622; x_wconf 90' lang='lat' dir='ltr'>ira</span> 
     </span>
     <span class='ocr_line' id='line_1_36' title="bbox 77 3652 1025 3741; baseline -0.001 -23"><span class='ocrx_word' id='word_1_277' title='bbox 77 3659 144 3718; x_wconf 84' lang='lat' dir='ltr'>tam</span> <span class='ocrx_word' id='word_1_278' title='bbox 169 3652 401 3720; x_wconf 89' lang='lat' dir='ltr'>multitudinem</span> <span class='ocrx_word' id='word_1_279' title='bbox 426 3653 460 3718; x_wconf 91' lang='lat' dir='ltr'>in</span> <span class='ocrx_word' id='word_1_280' title='bbox 476 3675 520 3720; x_wconf 56' lang='lat' dir='ltr'>&gt;se</span> <span class='ocrx_word' id='word_1_281' title='bbox 545 3675 644 3741; x_wconf 87' lang='lat' dir='ltr'>pravo</span> <span class='ocrx_word' id='word_1_282' title='bbox 670 3652 839 3720; x_wconf 86' lang='lat' dir='ltr'>certamine</span> <span class='ocrx_word' id='word_1_283' title='bbox 864 3652 1025 3719; x_wconf 83' lang='lat' dir='ltr'>movisset</span> 
     </span>
     <span class='ocr_line' id='line_1_37' title="bbox 77 3745 1076 3836; baseline 0.006 -28"><span class='ocrx_word' id='word_1_284' title='bbox 77 3766 171 3826; x_wconf 65' lang='lat' dir='ltr'>remo,</span> <span class='ocrx_word' id='word_1_285' title='bbox 189 3769 231 3814; x_wconf 94' lang='lat' dir='ltr'>ne</span> <span class='ocrx_word' id='word_1_286' title='bbox 247 3747 281 3812; x_wconf 92' lang='lat' dir='ltr'>id</span> <span class='ocrx_word' id='word_1_287' title='bbox 299 3770 333 3814; x_wconf 90' lang='lat' dir='ltr'>se</span> <span class='ocrx_word' id='word_1_288' title='bbox 350 3748 470 3836; x_wconf 85' lang='lat' dir='ltr'>gratiae</span> <span class='ocrx_word' id='word_1_289' title='bbox 488 3748 562 3814; x_wconf 88' lang='lat' dir='ltr'>dare</span> <span class='ocrx_word' id='word_1_290' title='bbox 581 3745 622 3831; x_wconf 83' lang='lat' dir='ltr'>Q.</span> <span class='ocrx_word' id='word_1_291' title='bbox 640 3746 734 3814; x_wconf 81' lang='lat' dir='ltr'>Fabii</span> <span class='ocrx_word' id='word_1_292' title='bbox 750 3747 904 3827; x_wconf 89' lang='lat' dir='ltr'>crederet,</span> <span class='ocrx_word' id='word_1_293' title='bbox 923 3769 958 3814; x_wconf 91' lang='lat' dir='ltr'>se</span> <span class='ocrx_word' id='word_1_294' title='bbox 974 3747 1025 3811; x_wconf 91' lang='lat' dir='ltr'>ius</span> <span class='ocrx_word' id='word_1_295' title='bbox 1045 3765 1076 3814; x_wconf 83' lang='lat'>18</span> 
     </span>
     <span class='ocr_line' id='line_1_38' title="bbox 77 3838 1026 3930; baseline -0.001 -26"><span class='ocrx_word' id='word_1_296' title='bbox 77 3842 164 3907; x_wconf 84' lang='lat' dir='ltr'>rdum</span> <span class='ocrx_word' id='word_1_297' title='bbox 190 3843 264 3910; x_wconf 81' lang='lat' dir='ltr'>dare</span> <span class='ocrx_word' id='word_1_298' title='bbox 285 3853 411 3930; x_wconf 88' lang='lat' dir='ltr'>paratos</span> <span class='ocrx_word' id='word_1_299' title='bbox 434 3865 518 3922; x_wconf 89' lang='lat' dir='ltr'>esse,</span> <span class='ocrx_word' id='word_1_300' title='bbox 545 3865 609 3909; x_wconf 91' lang='lat' dir='ltr'>non</span> <span class='ocrx_word' id='word_1_301' title='bbox 630 3843 730 3910; x_wconf 88' lang='lat' dir='ltr'>videri</span> <span class='ocrx_word' id='word_1_302' title='bbox 751 3865 769 3910; x_wconf 88' lang='lat' dir='ltr'>e</span> <span class='ocrx_word' id='word_1_303' title='bbox 789 3865 824 3910; x_wconf 89' lang='lat' dir='ltr'>re</span> <span class='ocrx_word' id='word_1_304' title='bbox 846 3840 973 3930; x_wconf 87' lang='lat' dir='ltr'>publica</span> <span class='ocrx_word' id='word_1_305' title='bbox 992 3838 1026 3903; x_wconf 92' lang='lat' dir='ltr'>in</span> 
     </span>
    </p>
   </div>
   <div class='ocr_carea' id='block_1_3' title="bbox 77 3932 1057 4119">
    <p class='ocr_par' dir='ltr' id='par_1_3' title="bbox 77 3932 1057 4119">
     <span class='ocr_line' id='line_1_39' title="bbox 77 3932 640 4026; baseline 0.005 -23"><span class='ocrx_word' id='word_1_306' title='bbox 77 3932 194 4003; x_wconf 76' lang='lat' dir='ltr'>labium</span> <span class='ocrx_word' id='word_1_307' title='bbox 212 3961 250 4005; x_wconf 93' lang='lat' dir='ltr'>eo</span> <span class='ocrx_word' id='word_1_308' title='bbox 268 3948 407 4026; x_wconf 86' lang='lat' dir='ltr'>tempore</span> <span class='ocrx_word' id='word_1_309' title='bbox 425 3938 640 4006; x_wconf 84' lang='lat' dir='ltr'>animadverti.</span> 
     </span>
     <span class='ocr_line' id='line_1_40' title="bbox 77 4029 1057 4119; baseline -0.005 -19"><span class='ocrx_word' id='word_1_310' title='bbox 77 4031 237 4100; x_wconf 69' lang='lat' dir='ltr'>(XXIII.</span> <span class='ocrx_word' id='word_1_311' title='bbox 276 4033 340 4101; x_wconf 89' lang='lat' dir='ltr'>His</span> <span class='ocrx_word' id='word_1_312' title='bbox 366 4034 497 4102; x_wconf 85' lang='lat' dir='ltr'>vocibus</span> <span class='ocrx_word' id='word_1_313' title='bbox 524 4057 596 4101; x_wconf 90' lang='lat' dir='ltr'>cum</span> <span class='ocrx_word' id='word_1_314' title='bbox 622 4035 656 4100; x_wconf 95' lang='lat' dir='ltr'>in</span> <span class='ocrx_word' id='word_1_315' title='bbox 681 4056 716 4102; x_wconf 90' lang='lat' dir='ltr'>se</span> <span class='ocrx_word' id='word_1_316' title='bbox 737 4032 840 4119; x_wconf 87' lang='lat' dir='ltr'>magis</span> <span class='ocrx_word' id='word_1_317' title='bbox 861 4029 1057 4098; x_wconf 89' lang='lat' dir='ltr'>incitarentr</span> 
     </span>
    </p>
   </div>
   <div class='ocr_carea' id='block_1_4' title="bbox 0 0 1288 4524">
    <p class='ocr_par' dir='ltr' id='par_1_4' title="bbox 0 0 1288 4524">
     <span class='ocr_line' id='line_1_41' title="bbox 0 0 1288 4524; baseline 0 0"><span class='ocrx_word' id='word_1_318' title='bbox 0 0 1288 4524; x_wconf 95' lang='lat' dir='ltr'> </span> 
     </span>
    </p>
   </div>
  </div>
 </body>
</html>
