2566 4524
209 245 275 312 490
441 251 561 311 LIBER
575 250 678 324 vnn,
694 249 738 306 43.
758 246 1013 319 [mamm]
1112 240 1116 246 ’

211 400 378 484 confestim
395 436 483 479 mma
500 432 612 499 capere
633 409 730 475 iussis
750 407 928 494 raptimque
950 407 1106 472 eductis'
1095 429 1129 473 ιιι
1143 406 1228 474 aciem

211 509 362 576 militibus
379 517 592 573 transversam
608 505 747 570 hostium
764 503 865 569 aciem
881 525 902 566 a
902 511 980 586 tque
996 502 1060 567 alio
1077 501 1229 568 certamine

163 629 196 678 ιε
213 616 399 691 occupatam
416 601 550 679 invadit,
569 598 748 677 clamitans,
768 619 927 663 summum
944 596 1103 687 flagitium
1117 594 1229 674 sores
1209 618 1231 661 u

212 700 345 765 alterum
366 696 538 762 exercitum
559 695 723 779 utriusque
744 692 892 759 victoriae
915 702 1087 779 conpotem
1112 692 1232 759 sinerent

161 817 195 867 15
211 794 281 860 fieri
297 815 357 858 nec
373 791 416 857 ad
433 812 467 857 se
485 790 536 856 sui
557 789 632 855 belli
648 788 843 854 vindicarent
863 787 973 853 decus.
1008 809 1078 872 qua
1096 788 1233 876 impetum

213 889 342 954 dederat
357 885 531 973 perrumpit
547 885 711 969 aciemque
722 906 780 971 per
791 882 927 949 mediam
939 882 975 948 in
991 892 1101 950 castra
1111 883 1233 949 hostium

163 983 313 1053 retendit
334 991 366 1046 et
387 1002 488 1045 vacua
509 978 729 1045 defensoribus
751 977 837 1064 capit
857 985 953 1061 atque
975 977 1129 1043 incendit
1166 996 1234 1062 quae

213 1077 269 1144 ubi
295 1074 460 1164 degentia
484 1073 668 1140 Marcianus
694 1073 785 1139 miles
815 1072 982 1159 conspexit
1007 1082 1043 1139 et
1068 1073 1175 1140 hostes
1195 1093 1235 1139 re-

215 1192 361 1281 operere,
383 1185 451 1234 tum
477 1169 597 1257 passim
623 1168 701 1256 fuga
727 1177 839 1255 coepta
862 1165 1058 1234 Samnitium
1078 1167 1157 1235 lieri.
1189 1163 1235 1232 scd

212 1266 319 1331 omnia
344 1263 465 1331 obtinet
490 1264 603 1328 caedes
629 1284 689 1328 nec
714 1262 748 1327 in
772 1261 871 1327 ullam
899 1271 1025 1348 partem
1051 1271 1155 1328 tutum
1177 1282 1236 1348 ρετ·

163 1382 195 1428 1⁷
213 1361 338 1449 fugium
355 1368 413 1425 εει
448 1358 512 1424 ἱειιι
535 1357 663 1446 triginta
683 1356 811 1422 milibus
833 1356 973 1422 hostium
995 1357 1101 1424 caesis
1123 1357 1235 1469 signum

211 1453 352 1541 receptui
368 1453 514 1520 consules
532 1453 692 1530 dederant,
708 1451 985 1539 colligebantque
975 1475 1010 1517 ιιι
1028 1476 1130 1518 unum
1143 1451 1234 1540 copias

212 1549 349 1614 invicem
378 1549 459 1613 inter
488 1570 524 1614 se
548 1556 723 1635 gratantes,
755 1569 827 1612 cum
857 1557 988 1633 repente
1018 1547 1111 1615 visae
1138 1544 1234 1635 promi

213 1641 353 1708 bostium
373 1663 475 1708 novae
496 1641 655 1720 cohortes,
678 1662 760 1726 quac
781 1641 816 1706 in
837 1640 1096 1727 supplementum
1114 1643 1233 1729 scriptae

163 1754 196 1806 18
214 1736 348 1816 fuerant,
366 1736 563 1825 integravere
580 1736 718 1803 caedem.
749 1735 783 1800 in
800 1758 880 1820 quas
896 1757 957 1801 nec
972 1737 1068 1802 iussu
1084 1737 1233 1804 consulum

213 1853 274 1897 nec
291 1832 383 1919 signo
400 1840 530 1919 accepto
547 1830 682 1896 victores
700 1830 834 1908 vadunt,
852 1829 936 1895 malo
954 1830 1101 1898 tirocinio
1119 1832 1234 1898 inbuen-

163 1946 195 1995 19
215 1927 291 1991 dum
302 1923 477 1992 Samnitem
495 1924 701 1990 clamitantes.
738 1923 903 2011 indulgent
919 1925 1072 1991 consules
1088 1925 1233 2014 legionum

215 2020 328 2098 ardori,
347 2028 382 2082 ut
394 2018 450 2102 qui
467 2017 565 2103 probe
583 2019 707 2096 scirent,
726 2040 844 2084 novum
860 2018 992 2084 militem
1009 2019 1154 2086 hostium
1169 2020 1234 2085 inte

214 2113 378 2201 perculsos
400 2112 480 2199 fuga
497 2121 662 2178 veteranos
679 2135 722 2178 ne
740 2114 921 2199 temptando
938 2113 1071 2198 quidem
1089 2115 1167 2181 satis
1183 2133 1235 2179 cer·

164 2228 198 2278 ιο
216 2207 326 2273 tamini
351 2206 429 2273 fore.
473 2228 533 2272 nec
559 2229 614 2273 ecs
641 2207 746 2294 opinio
771 2207 902 2275 fefellit:
928 2209 1033 2273 omnis
1058 2206 1233 2275 Samnin'nn

214 2303 324 2389 copiae
329 2349 339 2380 ,
356 2311 479 2368 veteres
496 2323 674 2387 novaeque,
692 2311 816 2368 montes
833 2303 994 2388 proximos
1013 2303 1096 2391 fuga
1114 2303 1232 2391 capimt

214 2419 252 2462 eo
271 2406 302 2462 ει
319 2396 464 2462 Romana
481 2397 610 2483 erigitur
627 2397 724 2475 acies,
746 2419 804 2462 nec
822 2397 991 2480 quicquam
1010 2399 1091 2472 satis
1110 2398 1170 2463 tuti
1188 2392 1234 2462 loti

214 2492 306 2557 victis
328 2501 385 2557 est
421 2499 453 2557 et
474 2491 514 2557 de
535 2491 618 2578 iugis
641 2512 722 2575 quae
740 2500 887 2577 ceperant
908 2491 1102 2572 funduntur,
1126 2495 1234 2576 iamque

162 2606 278 2654 21una
303 2607 382 2651 voce
407 2608 517 2653 omnes
543 2606 654 2672 pacem
679 2583 837 2671 petebant.
885 2594 953 2650 tum
979 2586 1080 2652 trium
1106 2606 1233 2654 mensum

215 2679 373 2744 frumento
390 2679 543 2765 imperato
560 2688 592 2744 et
609 2701 714 2744 annuc
732 2679 887 2764 stipendio
904 2700 943 2744 ac
961 2679 1100 2767 singulis
1119 2682 1154 2746 in
1170 2678 1234 2745 mili·

162 2795 195 2843 ιε
216 2783 280 2837 ιειιι
302 2772 415 2836 tunicis
438 2772 479 2837 sd
502 2782 646 2838 senatum
666 2773 754 2858 pacis
777 2784 915 2839 oratores
936 2774 1040 2842 missi.
1084 2774 1234 2842 Cornelius

214 2867 248 2929 in
271 2864 402 2930 Samnio
428 2865 568 2944 relictus,
595 2865 737 2932 Marcius
759 2867 799 2932 de
819 2866 968 2933 Hernicis
995 2869 1237 2958 triumphansir

214 2958 326 3024 urbem
342 2959 434 3024 rediit
452 2968 617 3045 statuaque
634 2961 788 3046 equestris
806 2962 839 3026 in
857 2960 926 3025 foro
944 2962 1077 3029 decreta
1094 2975 1154 3044 est,
1172 2980 1236 3049 quat

163 3075 198 3125 23
217 3062 288 3120 ante
315 3054 468 3140 templum
496 3052 637 3120 Castoris
667 3055 772 3141 posita
797 3065 854 3120 est
902 3054 1124 3125 Hernicorum
1154 3056 1236 3124 tribur

215 3148 341 3236 populis
359 3148 542 3227 Aletrinati,
560 3148 734 3228 Verulano,
752 3149 959 3228 Ferentinati,
978 3151 1060 3234 quia
1077 3153 1237 3219 mnlueruri

215 3266 311 3328 quam
332 3243 505 3321 civitatem,
534 3265 610 3307 suae
635 3242 723 3329 leges
744 3243 884 3308 redditae
910 3243 1154 3332 conubiumque
1173 3248 1237 3312 inte

213 3338 317 3423 ipsos,
340 3338 425 3423 quod
446 3336 638 3422 aliquamdiu
656 3338 716 3403 soli
732 3337 944 3403 Hernicorum
961 3333 1162 3421 habuerunt,
1181 3359 1237 3429 per·

161 3451 196 3498 24
214 3433 357 3497 missum.
392 3431 571 3521 Anagninis
593 3431 710 3517 quique
732 3456 820 3498 arma
836 3432 991 3498 Romanis
1014 3435 1188 3505 intulerant
1204 3433 1237 3498 ci·

214 3525 296 3590 vitas
333 3524 400 3591 sine
436 3525 579 3614 suffragii
613 3526 728 3592 latione
762 3527 849 3604 data,
881 3526 1018 3593 concilia
1054 3530 1235 3612 conubiaque

214 3618 361 3704 adempta
379 3628 410 3684 et
427 3619 662 3706 magistratibus
679 3629 898 3706 praeterquam
911 3643 1081 3689 sacrorum
1092 3623 1235 3690 curatiom

214 3712 424 3777 interdictum.

161 3829 196 3878 25
278 3809 404 3876 Eodem
422 3832 504 3874 anno
522 3811 617 3876 aedes
632 3807 751 3877 Salutis
766 3832 785 3874 a
798 3809 837 3876 Ο.
847 3809 941 3875 Iunio
949 3809 1103 3879 Bubulco
1122 3826 1233 3878 censort

212 3905 317 3970 locata
342 3913 405 3983 est,
432 3926 528 3988 quam
554 3905 665 3971 consul
691 3904 774 3970 bello
802 3902 994 3969 Samnitium
1022 3917 1163 3973 voverat.
1200 3898 1232 3966 ab

214 3998 325 4064 eodem
343 3998 527 4086 collegaque
545 3999 613 4063 eius
627 3997 675 4063 M.
685 3998 813 4064 Valerio
827 3997 972 4063 Maximo
989 3999 1065 4067 viae
1081 4023 1140 4088 per
1154 4012 1230 4084 agm
