2566 4524
305 230 423 312 amna
440 255 481 326 x,
500 255 542 311 37.
555 256 598 311 aa.
619 254 842 327 [acroama]
1027 243 1092 310 535

59 417 117 484 sed
132 415 226 481 iussu
241 412 352 501 populi
365 412 575 499 triumphasse
589 413 714 489 diceret,
733 413 897 492 adiciebat,
917 436 951 480 se
965 421 1098 499 quoque
1112 438 1144 486 11

57 510 197 578 laturum
213 507 314 574 luisse
331 506 373 573 ad
389 506 555 593 populum,
581 507 615 571 ni
629 507 730 584 sciret,
747 508 914 593 mancupia
935 504 1091 575 nobilium
1206 546 1212 555 »

57 602 202 678 tribunos
219 601 322 690 plebis
339 602 444 688 legem
461 600 670 686 inpedituros:
693 601 886 667 voluntatem
909 602 970 671 sibi
988 626 1026 670 ao
1043 604 1092 670 fa·

58 720 170 766 vorem
196 695 421 765 consentiendi
447 693 556 781 populi
582 717 639 782 pro
662 695 807 762 omnibus
833 696 929 771 iussis
957 720 1028 764 esse
1054 720 1093 765 ac

58 793 177 859 futura.
216 798 406 878 posteroque
428 789 480 855 die
506 789 623 856 auxilio
650 790 845 856 tribunorum
870 791 973 877 plebis
998 793 1093 859 trium
1115 813 1145 864 12
1254 878 1259 885 q

59 887 215 955 adversus
231 885 487 952 intercessionem
504 892 626 971 septem
643 885 839 952 tribunorum
857 896 888 951 et
905 909 1094 954 consensum

60 989 191 1050 senatus
209 977 386 1046 celebrante
403 979 520 1066 populo
538 979 622 1045 diem
640 979 852 1065 triumphavit.
1095 998 1096 1002 ’

124 1072 274 1140 Ethuius
284 1072 359 1138 anni
366 1095 477 1159 pamm
487 1081 635 1144 constans
649 1074 800 1139 memoria
813 1083 874 1140 est:
892 1074 1094 1142 Postumium
1114 1095 1148 1143 rs

60 1177 173 1236 auctor
195 1176 244 1234 est
262 1166 416 1234 Claudius
437 1167 471 1232 in
494 1163 625 1234 Samnio
647 1168 746 1253 captis
769 1168 888 1253 aliquot
908 1167 1039 1237 urbibus
1061 1171 1095 1236 in

59 1261 183 1350 Apulia
203 1261 312 1329 fusum
337 1261 559 1350 fugatumque,
587 1263 729 1328 saucium
754 1261 860 1349 ipsum
886 1285 958 1330 oum
984 1265 1094 1350 paucis

59 1357 234 1424 Luceriam
247 1356 434 1444 conpulsum
439 1380 449 1436 3
467 1355 507 1423 ab
517 1353 618 1423 Atilio
632 1357 665 1420 in
677 1355 807 1423 Etruria
819 1379 870 1424 res
884 1368 993 1445 gestas
1007 1380 1094 1425 eum-

60 1474 123 1538 que
140 1451 362 1539 triumphasse.
397 1449 517 1518 Eabius
535 1450 629 1518 ambo
647 1451 793 1517 consules
811 1452 844 1516 in
859 1449 989 1519 Samnio
1004 1463 1035 1518 et
1052 1454 1093 1519 ad
1112 1475 1146 1524 14

59 1545 235 1614 Luceriam
254 1567 305 1611 res
327 1544 467 1632 gessisse
488 1543 597 1612 scribit
619 1546 859 1631 traductumque
880 1547 915 1611 in
931 1545 1092 1613 Etruriam

61 1641 236 1708 exercitum
253 1640 371 1707 —sed
393 1639 433 1706 ab
456 1649 525 1707 utro
548 1640 690 1719 consule,
717 1663 782 1706 non
804 1640 918 1707 adiecit
934 1679 977 1690 —
999 1651 1031 1707 et
1052 1643 1094 1707 od
1113 1663 1145 1712 15

61 1735 234 1803 Luceriam
255 1735 411 1819 utrimque
432 1733 548 1801 multos
571 1735 692 1800 occisos
709 1734 804 1819 inque
822 1756 861 1800 ea
881 1757 990 1822 pugna
1006 1735 1093 1802 Iovis
1146 1764 1149 1769 ·

62 1829 201 1910 Statoris
219 1829 330 1895 aedem
347 1838 467 1907 votam,
486 1838 521 1894 ut
537 1828 693 1895 Romulus
712 1838 783 1895 ante
806 1846 949 1910 voverat;
972 1830 1030 1895 sed
1046 1829 1095 1896 fa-

62 1949 140 1991 num
158 1933 294 2003 tantum,
320 1924 354 1989 id
371 1933 420 1991 est
435 1924 525 1991 loeus
543 1923 659 2010 templo
678 1923 790 1989 effatus
809 1923 921 1990 fuerat.
957 1933 1095 1990 ceterum
1115 1945 1147 1993 lo

62 2021 124 2087 hoc
147 2019 276 2085 demum
298 2040 394 2097 anno,
421 2028 457 2084 ut
478 2019 589 2084 aedem
612 2019 706 2084 etiam
728 2017 796 2084 fieri
814 2028 941 2086 senatus
962 2018 1093 2098 iuberet,

61 2114 113 2190 bis
131 2113 275 2179 eiusdem
291 2112 356 2178 voti
374 2113 571 2179 damnatore
588 2112 729 2198 publica,
746 2114 780 2178 in
798 2113 983 2200 religionem
1000 2113 1095 2180 venit

128 2206 335 2276 XXXVIII.
373 2205 523 2293 Sequitur
539 2206 624 2273 hunc
642 2229 758 2272 annum
777 2215 809 2272 et
830 2208 940 2273 consul
962 2208 1094 2295 insignis
1116 2230 1129 2277 1

62 2303 107 2370 1..
125 2301 274 2390 Papirius
294 2300 412 2368 Cursor
429 2325 493 2388 qua
509 2311 639 2388 paterna
656 2300 756 2388 gloria
773 2322 836 2385 qua
856 2323 914 2367 sua
931 2311 963 2366 et
979 2301 1097 2366 bellum

62 2398 177 2486 ingens
195 2396 396 2482 victoriaque,
415 2406 564 2482 quantam
582 2398 621 2462 de
642 2393 837 2468 Samnitibus
855 2418 948 2462 nemo
966 2396 1006 2460 ad
1025 2418 1095 2461 eam

63 2493 149 2559 diem
166 2500 290 2578 praeter
305 2492 347 2558 L.
365 2490 529 2577 Papirium
546 2500 668 2577 patrem
691 2489 827 2557 consulis
851 2499 1023 2577 pepererat.
1064 2499 1095 2556 et
1113 2509 1130 2560 a

63 2587 146 2653 forte
161 2585 273 2652 eodem
286 2596 400 2653 conatu
412 2595 626 2672 apparatuque
644 2585 730 2651 omni
748 2584 907 2670 opulentia
923 2585 1096 2671 insignium
1205 2587 1208 2593 '

63 2703 224 2748 armorum
241 2679 359 2747 bellum
377 2680 605 2747 edomaverant
627 2691 658 2746 et
680 2681 811 2745 deorum
829 2678 922 2744 etiam
945 2677 1097 2744 adhibue-

63 2784 135 2843 rant
158 2795 235 2861 0pes
256 2775 319 2839 ritu
341 2775 478 2859 quodam
501 2774 689 2841 sacramenti
709 2782 834 2840 vetusto
857 2773 944 2838 velut
967 2769 1096 2837 initiatis

63 2868 228 2949 militibus,
246 2869 361 2935 dilectu
378 2891 435 2955 per
452 2891 544 2935 omne
560 2866 726 2935 Samnium
743 2867 850 2935 habito
863 2891 947 2935 nova
961 2866 1043 2955 lege,
1061 2873 1097 2932 ut
1115 2883 1131 2934 o

64 2965 119 3051 qui
145 2963 303 3029 iuniorum
328 2987 394 3030 non
420 2963 617 3029 convenisset
644 2963 685 3028 ad
710 2963 933 3047 imperatorum
960 2963 1096 3028 edictum

64 3059 184 3144 quique
205 3057 329 3124 iniussu
351 3056 483 3136 abisset,
510 3065 604 3142 caput
624 3054 695 3122 Iovi
718 3064 874 3120 sacratum
896 3063 988 3120 esset.
1028 3063 1096 3118 tum
1114 3075 1131 3121 4

63 3151 221 3220 exereitus
240 3150 342 3216 omnis
358 3151 564 3236 Aquiloniam
582 3159 630 3216 est
646 3149 791 3214 indictus.
832 3148 874 3213 ad
891 3146 1098 3234 quadraginta

64 3245 152 3330 milia
169 3244 314 3324 militum,
333 3245 419 3329 quod
435 3244 557 3311 roboris
574 3244 608 3309 in
627 3240 758 3310 Samnio
777 3251 852 3320 erat,
872 3247 1094 3308 oonvenerunt.

63 3340 110 3407 ibi
126 3338 241 3406 mediis
263 3339 330 3405 sere
352 3340 462 3405 castris
486 3339 575 3405 locus
598 3348 647 3404 est
664 3345 853 3422 consaeptus
867 3333 1003 3401 cratibus
1025 3333 1132 3420 plu-a„

64 3435 190 3519 teisquo
207 3443 239 3499 et
255 3433 359 3499 linteis
376 3442 553 3510 contectus,
580 3441 692 3520 patens
714 3431 866 3496 ducentos
888 3428 1026 3495 maxime
1042 3449 1099 3515 pe-

63 3528 122 3611 rles
141 3527 176 3592 in
192 3527 294 3594 omnis
312 3528 428 3614 pariter
443 3527 551 3614 partis.
578 3525 623 3592 ibi
641 3548 681 3591 ex
693 3524 773 3590 libro
786 3532 892 3590 vetere
906 3523 1002 3589 linteo
1016 3521 1097 3589 lecto
1116 3542 1132 3592 a

63 3621 278 3703 sacrificatum
288 3622 449 3689 sacerdote
459 3619 544 3689 Ovio
553 3618 671 3686 Paccio
680 3617 826 3703 quodam,
845 3618 972 3684 bomine
982 3639 1098 3704 magno

63 3727 155 3799 natu,
174 3717 230 3802 qui
239 3739 273 3784 se
287 3717 321 3782 id
331 3739 454 3783 sacrum
467 3725 572 3802 petere
586 3712 771 3780 adfirmabat
784 3735 824 3779 ex
837 3721 962 3778 vetusta
972 3709 1099 3776 Samni-

62 3815 147 3903 fium
163 3810 329 3899 religione,
352 3833 416 3896 qua
433 3811 592 3896 quondam
609 3808 660 3874 usi
676 3808 810 3874 maiores
827 3830 935 3874 eorum
953 3804 1096 3882 fuissent,

63 3931 141 3976 cum
163 3907 349 3974 adimendae
369 3907 514 3972 Etruscis
539 3903 668 3991 Capuae
691 3903 919 3968 clandestinum
941 3899 1099 3985 cepissent

59 4002 245 4072 eonsilium.
273 4001 426 4068 sacrificio
435 4001 575 4088 perfecto
588 4020 645 4084 per
658 3998 810 4064 viatorem
821 3997 991 4081 imperator
1004 3992 1098 4084 acciri
1117 4013 1133 4060 r
