2566 4524
258 278 377 335 ursus
393 279 462 348 vu,
481 278 523 334 35.
537 280 579 337 ss.
599 285 638 351 [a.
652 279 754 353 osse]
958 271 1023 339 387

77 437 181 504 ndum
199 448 256 503 est.
283 436 339 504 ubi
357 439 543 504 sententiam
555 460 659 505 meam
673 439 763 506 vobis
775 461 936 529 peregero,
955 452 1023 508 tum

77 556 104 598 rs
128 532 240 609 eadem
260 531 430 619 placebunt
451 533 485 599 in
506 533 651 600 dextram
666 543 789 622 partem
807 536 893 603 taciti
910 538 1023 604 transi-

77 657 79 695 :
97 651 179 715 quae
193 650 267 716 pars
281 628 380 695 maior
393 628 464 708 erit,
483 651 521 696 eo
535 629 669 696 stabitur
681 630 821 698 consilio.
843 654 928 699 nunc
941 655 1021 718 quae
1041 653 1055 700 3

77 746 96 792 e
113 724 233 812 agitem
245 724 360 790 audite.
387 746 452 790 non
464 723 543 812 fuga
555 723 677 792 delatos
694 746 753 791 nec
770 725 882 793 inertia
897 727 1022 795 relictos

77 841 119 886 *os
138 819 342 886 circumvenit
354 818 475 884 hostis:
497 819 612 886 virtute
630 819 758 907 cepistis
771 820 890 902 looum,
908 822 1023 889 virtute

83 922 206 1002 oportet
223 913 373 980 evadatis.
417 913 572 980 veniendo
589 913 653 979 huc
670 914 842 980 exereitum
859 917 1023 1005 egregium
1041 938 1057 986 4

77 1009 111 1075 lo
127 1008 274 1076 Romano
297 1007 461 1074 servastis:
489 1008 681 1096 erumpendo
702 1008 777 1076 hinc
794 1020 917 1077 vosmet
934 1012 1022 1099 ipsos

77 1114 126 1170 tte.
171 1103 259 1191 digni
281 1103 370 1183 estis,
398 1103 453 1188 qui
473 1103 568 1190 pauci
588 1102 731 1191 pluribus
759 1125 852 1191 opem
878 1104 1021 1185 tuleritis,

77 1198 191 1265 nullius
215 1197 331 1264 auxilio
353 1198 511 1286 egueritis.
556 1220 629 1264 cum
651 1221 688 1265 eo
705 1199 797 1266 hoste
813 1222 864 1266 res
883 1209 945 1279 est,
967 1201 1022 1287 qui
1041 1221 1056 1269 5

77 1317 138 1363 troo
161 1295 212 1361 die
234 1294 358 1361 delendi
381 1294 482 1360 omnis
506 1294 660 1362 exercitus
682 1293 810 1362 fortuna
834 1317 892 1383 per
917 1318 1023 1364 socor-

77 1411 172 1456 .nsus
190 1412 255 1457 non
273 1389 327 1469 sit,
345 1389 430 1455 huno
447 1398 513 1456 tam
530 1398 722 1476 oportunum
739 1389 851 1456 collem
868 1390 1023 1457 inminen-

77 1484 170 1573 capiti
187 1506 245 1551 suo
262 1507 327 1551 non
344 1492 416 1551 ante
434 1483 546 1551 viderit
559 1507 655 1570 quom
668 1494 795 1572 captum
808 1483 945 1566 anobis,
963 1508 1021 1553 nos
1041 1504 1056 1552 o
1184 1506 1186 1510 ·

76 1601 195 1667 paucos
213 1588 260 1647 tot
276 1579 338 1667 ipsi
354 1578 482 1646 milibus
499 1580 664 1647 hominum
680 1601 740 1646 nec
757 1601 893 1646 ascensu
914 1602 1023 1647 arcue-

82 1697 141 1741 neo
154 1683 296 1741 tenentes
310 1674 425 1753 locum,
440 1696 512 1741 cum
526 1674 588 1740 diei
601 1683 722 1740 tantum
737 1683 925 1762 superesset,
939 1675 1022 1742 vallo

77 1768 263 1837 mdederint.
290 1790 385 1854 quem
399 1768 556 1834 videntem
574 1791 612 1835 ac
628 1768 812 1856 vigilantem
830 1769 876 1835 sic
894 1769 1022 1836 eluseri-

77 1862 205 1951 sopitum
218 1871 341 1950 oportet
353 1861 484 1942 fruatis,
501 1863 599 1929 immo
611 1884 741 1930 necesse
755 1870 814 1930 est.
840 1863 875 1928 in
887 1884 925 1928 eo
938 1863 1022 1928 enim
1042 1881 1055 1928 7

89 1979 139 2024 res
167 1965 240 2023 sunt
264 1965 402 2035 nostrae,
434 1967 469 2022 ut
493 1955 585 2024 vobis
612 1979 671 2046 ego
697 1957 799 2046 magis
826 1956 1023 2025 necessitatis

77 2074 119 2119 ae
140 2051 238 2119 index
264 2073 360 2138 quam
390 2051 512 2119 consilii
541 2062 650 2119 auctor
681 2052 751 2120 sim.
794 2074 898 2139 neque
929 2052 1056 2132 enims

77 2146 146 2215 tatis
164 2169 205 2214 sn
222 2144 342 2214 abeatis
359 2145 448 2226 hino,
475 2146 640 2213 deliberari
660 2156 779 2234 potest,
807 2170 880 2213 cum
901 2155 1025 2234 praeter

77 2288 81 2308 .
106 2251 138 2308 et
163 2241 285 2308 animos
313 2264 471 2308 armorum
496 2262 651 2307 memores
677 2241 756 2305 nihil
780 2241 873 2308 vobis
896 2241 1024 2308 fortuna

77 2335 254 2416 miscent,
282 2335 430 2422 fameque
457 2344 487 2402 et
514 2334 566 2400 siti
592 2333 789 2400 moriendum
815 2335 869 2414 sit,
897 2334 925 2401 si
949 2334 1022 2422 plus

77 2431 195 2498 sviros
219 2451 256 2498 ao
277 2430 439 2498 Romanos
465 2430 557 2497 decet
581 2428 700 2496 ferrum
725 2429 902 2495 timeamus.
947 2446 1056 2516 ergoo

77 2534 123 2594 est
140 2525 226 2592 salus
243 2547 406 2613 erumpere
424 2525 497 2592 hinc
515 2534 609 2610 atque
626 2524 721 2591 abire.
765 2524 800 2589 id
816 2533 871 2591 aut
887 2524 1024 2590 interdiu

77 2630 155 2688 rocts
174 2620 328 2688 iaciamus
347 2629 477 2708 oportet.
522 2641 596 2687 ecce
613 2628 721 2685 autem
737 2618 824 2685 aliud
840 2619 945 2685 minus
964 2617 1021 2684 du·
1041 2636 1072 2684 ro

77 2744 90 2782 ι.
119 2715 235 2804 quippe
253 2715 281 2782 si
297 2715 354 2781 lux
371 2724 578 2803 exspectetur,
596 2736 677 2802 quae
697 2736 769 2802 spes
783 2723 844 2795 est,
863 2735 928 2780 non
940 2712 1023 2779 vallo

77 2819 144 2877 etuo
166 2809 316 2896 fossaque
337 2832 396 2877 nos
419 2818 601 2898 saepturum
622 2809 760 2889 hostem,
783 2809 838 2895 qui
854 2831 939 2875 nuno
957 2829 1024 2876 cor-

77 2927 123 2972 sus
137 2905 202 2972 suis
218 2903 366 2972 subiectis
380 2904 519 2990 undique
533 2904 679 2984 cinxerit,
696 2912 733 2970 ut
745 2903 873 2983 videtis,
892 2902 1024 2970 collem?

77 3004 81 3065 L
104 2999 132 3066 si
152 3022 218 3067 nox
239 3009 394 3089 oportuna
412 3010 460 3067 est
477 2999 647 3088 eruptioni,
669 3000 752 3065 sicut
769 3008 832 3078 est,
855 2998 935 3065 haec
951 3019 1025 3084 pro-

77 3094 196 3163 ·noctis
218 3095 383 3183 aptissima
404 3095 482 3162 hora
502 3103 560 3161 est.
605 3093 697 3182 signo
719 3091 875 3160 secundae
897 3091 1024 3180 vigiliae
1043 3111 1074 3159 11

77 3189 199 3271 cristis,
226 3190 311 3276 quod
332 3201 457 3278 tempus
479 3188 627 3256 mortales
650 3208 761 3254 somno
782 3184 935 3251 altissimo
952 3204 1025 3270 pre·

102 3306 161 3372 per
183 3286 439 3374 corpora'sopita
456 3284 578 3352 vadetis
595 3283 648 3350 vel
665 3281 788 3350 silentio
804 3280 947 3346 incautos
964 3276 1025 3343 fal·

79 3401 94 3446 s
117 3379 170 3446 vel
191 3379 398 3448 sentientibus
420 3379 556 3446 clamore
578 3376 683 3445 subito
704 3396 853 3464 pavorem
869 3371 1023 3440 iniecturi.

77 3474 157 3543 nodo
176 3475 356 3562 sequimini,
375 3497 470 3562 quem
483 3473 583 3541 secuti
595 3474 685 3540 estis:
704 3494 764 3558 ego
777 3470 924 3548 eandem,
943 3489 1024 3554 quse
1044 3488 1075 3537 12

77 3569 175 3650 thuo,
194 3591 309 3657 sequar
325 3569 494 3637 fortunam.
520 3565 635 3654 quibus
653 3567 732 3633 haec
749 3563 899 3632 salutarie
915 3562 1025 3630 viden-

77 3662 249 3753 agitedum,
266 3665 300 3731 in
318 3664 460 3732 dextram
476 3672 598 3751 partem
615 3660 750 3750 pedibus
768 3658 918 3727 transite?

77 3757 230 3826 mvl„
263 3757 386 3828 Omnes
404 3759 593 3826 transierunt
609 3756 840 3842 vadentemque
856 3776 913 3842 per
929 3752 1025 3819 inter-
1043 3774 1056 3820 1

77 3877 91 3922 c
113 3853 266 3922 custodiis
281 3854 354 3923 loca
369 3852 508 3921 Decium
526 3849 626 3919 secuti
648 3861 731 3918 sunt.
774 3851 839 3917 iam
860 3853 1024 3916 evaserant
1041 3865 1056 3911 a

77 3972 100 4017 s
122 3958 240 4029 casea,
268 3971 341 4017 cum
363 3946 613 4037 superscandens
634 3946 769 4036 vigilum
791 3951 888 4012 strata
913 3959 1024 4018 sonmo

77 4066 126 4112 >ra
141 4044 233 4114 miles
252 4043 374 4114 offenso
393 4052 482 4112 scuto
499 4040 644 4131 praebuit
662 4041 894 4195 sonitumgbquo
907 4033 1024 4104 excito

837 4138 853 4169 0
