2566 4524
132 250 197 317 318
385 262 505 319 LIBER
520 262 576 334 VI,
595 262 637 318 13.
649 261 694 317 14.
715 265 791 331 [au.
801 278 827 318 c.
837 261 902 332 369]

132 422 229 489 caede
247 421 383 510 spatium
400 420 442 486 ad
463 419 662 486 evadendum
683 418 807 485 interim
829 419 1025 485 multitudini
1042 421 1161 487 darent:

98 517 211 588 tratis
229 538 314 596 esse,
340 514 514 583 missilibus
531 536 570 581 ac
591 523 709 580 terrore
729 514 865 601 inpediri
887 537 1016 582 cursum
1038 516 1162 602 obequi-

131 613 290 698 tandoque
307 633 422 699 agmen
439 610 547 689 teneri,
566 609 642 675 dum
661 610 793 694 adsequi
808 609 908 697 pedes
926 619 958 676 et
973 611 1059 677 iusta
1071 613 1161 680 caede

99 706 286 779 econficers
310 705 436 771 hostem
461 713 580 792 posset,
628 704 726 791 fugae
756 704 972 790 sequendique
1002 728 1068 771 non
1093 715 1160 772 ante

130 811 257 868 noctem
280 798 353 866 finis
380 798 449 865 suit
495 807 588 885 capta
613 821 739 885 quoque
765 820 805 864 ac
829 799 952 886 direpta
977 801 1089 867 eodem
1113 802 1159 868 dis

132 905 236 962 castra
251 893 441 962 Volscorum
457 894 638 982 praedaque
657 893 759 960 omnis
776 902 902 981 praeter
917 894 1020 961 libem
1036 918 1157 984 corpora

98 990 223 1083 rmiliti
244 1011 395 1056 concessa
416 998 474 1055 est.
510 1011 583 1076 pars
606 988 745 1054 maxima
762 989 960 1076 captivorum
982 1013 1025 1055 ex
1040 991 1157 1059 Latinis

131 1093 227 1171 atque
244 1083 394 1150 Hernicis
411 1082 481 1162 fuit,
501 1105 559 1148 nec
576 1082 741 1148 hominum
758 1083 798 1148 de
815 1083 918 1169 plebe,
936 1092 973 1149 ut
991 1085 1076 1151 credi
1091 1108 1159 1172 pos-

132 1189 181 1246 set
205 1179 351 1246 mercede
376 1178 543 1257 militasse,
572 1178 629 1243 sed
654 1178 812 1264 principes
839 1178 968 1262 quidam
995 1179 1156 1246 iuventutis

131 1275 265 1354 inventi,
292 1273 461 1339 manifesta
477 1273 572 1351 fides,
598 1271 727 1360 publica
748 1294 810 1358 ope
825 1271 962 1339 Volscos
985 1273 1093 1340 hostes
1109 1275 1156 1340 ad·

97 1388 114 1439 8
131 1370 225 1436 iutos.
262 1367 498 1435 Cerceiensium
520 1389 646 1452 quoque
668 1367 798 1452 quidam
819 1367 938 1455 cogniti
964 1377 998 1434 et
1019 1369 1120 1435 coloni
1138 1392 1154 1435 a

130 1462 276 1544 Velitris3
298 1463 498 1547 Romamque
516 1484 627 1528 omues
644 1461 735 1528 missi
751 1462 1030 1548 percunctantibus
1050 1465 1157 1552 primo·

130 1558 219 1625 ribus
236 1567 361 1645 patrum
379 1558 499 1636 eadem,
518 1579 600 1642 quae
618 1557 771 1636 dictatori,
791 1557 1002 1624 defectionem
1020 1560 1070 1624 sui
1081 1560 1159 1646 quis·

133 1674 195 1738 que
212 1652 331 1739 populi,
349 1651 435 1717 haud
452 1651 601 1738 perplexe
619 1651 808 1718 indicavere.

99 1769 113 1816 1
196 1746 324 1834 XIIII..
336 1745 484 1811 Dictator
501 1745 673 1812 exercitum
690 1747 724 1811 in
742 1746 864 1812 stativis
883 1747 1021 1827 tenebat,
1039 1748 1159 1814 minima

132 1842 258 1922 dubius,
277 1840 395 1909 bellum
413 1863 486 1906 cum
498 1840 538 1907 iis
551 1841 676 1928 populis
689 1851 794 1927 patres
808 1842 960 1922 iussuros,
980 1865 1055 1909 cmn
1068 1843 1165 1909 maior

132 1937 219 2004 domi
235 1945 345 2002 exorta
360 1935 461 2001 moles
480 1936 584 2023 coegit
601 1937 695 2002 acciri
712 1936 848 2003 Romam
867 1959 941 2003 eum
962 1938 1157 2026 gliscentem

133 2032 201 2097 dies
219 2031 386 2109 seditione,
412 2051 510 2115 quam
528 2029 621 2097 solito
643 2031 746 2119 magis
767 2032 970 2097 metuendam
993 2043 1102 2100 auctor
1116 2032 1157 2099 la·

96 2145 113 2194 t
132 2125 243 2191 ciebat.
271 2147 335 2191 non
352 2125 436 2191 errim
452 2126 517 2192 iam
533 2126 690 2193 eradonas
708 2127 803 2192 modo
815 2126 864 2192 M.
873 2126 988 2207 Manli,
1009 2130 1066 2195 sed
1083 2129 1158 2195 facts

131 2220 297 2309 popularia
317 2221 351 2286 in
372 2221 523 2309 speciem,
550 2221 745 2287 tumultuosa
767 2222 877 2287 eadem
898 2243 963 2306 qua
983 2233 1090 2290 mente
1109 2222 1157 2289 de»

98 2326 201 2385 trent
217 2315 351 2382 intuenti
368 2325 465 2382 erant.
502 2315 716 2382 centurionem
736 2316 876 2382 nobilem
893 2317 1082 2384 militaribus
1098 2319 1155 2384 sae

131 2412 173 2477 tis
199 2412 371 2478 iudicatum
395 2411 549 2499 pecuniae
575 2433 649 2476 cum
679 2411 752 2476 duci
779 2412 925 2490 vidisset,
963 2414 1070 2479 medio
1096 2412 1157 2478 foro

132 2530 204 2573 cum
226 2518 352 2574 caterva
375 2530 433 2574 sua
454 2507 588 2573 accurrit
609 2514 641 2572 et
661 2529 792 2572 manum
813 2507 933 2586 iniecit,
960 2509 1156 2575 vociferatus·

131 2625 193 2687 que
210 2604 251 2669 de
265 2601 411 2689 superbia
424 2613 549 2688 patrum
563 2623 601 2667 ac
614 2601 796 2666 crudelitate
814 2601 1048 2668 faeneratorum
1061 2612 1092 2670 et
1107 2603 1156 2667 mi·

97 2715 114 2763 4
133 2697 222 2762 seriis
241 2677 360 2781 meme,
387 2694 555 2761 virtutibus
578 2696 645 2761 eius
668 2695 728 2760 viri
750 2695 953 2780 fortunaque:
983 2702 1067 2762 ‘tum
1091 2716 1156 2762 vero

132 2790 212 2878 ego,'
234 2790 336 2873 inquit
360 2789 564 2875 ‘nequiquam
581 2789 641 2855 hac
659 2789 769 2855 dextm
788 2788 981 2877 Capitolium
1001 2811 1157 2876 arcemque

133 2883 338 2961 servaverim,
366 2883 394 2949 si
420 2885 521 2950 civem
543 2885 850 2970 commilitonemque
871 2908 978 2951 meum
1006 2897 1156 2973 tamquam

134 2976 237 3045 Gallis
258 2977 430 3045 victoribus
456 2990 584 3067 captum
609 2981 643 3045 iu
671 2982 854 3046 servitutem
881 3003 919 3045 ac
941 2981 1071 3049 vincula
1092 2980 1156 3047 duci

99 3091 115 3141 5
133 3073 277 3140 videam?
319 3073 476 3140 inderem
495 3075 638 3141 creditori
655 3076 760 3162 palam
777 3075 895 3162 populo
913 3075 1010 3142 solvit
1026 3077 1157 3163 libraque

132 3179 164 3236 et
185 3191 257 3236 aere
278 3168 445 3236 liberatum
467 3170 592 3248 emittit,
620 3171 697 3237 deos
721 3180 814 3255 atque
835 3169 979 3237 homines
1008 3172 1158 3239 obtestan-

133 3276 210 3343 tem,
233 3272 269 3328 ut
285 3262 333 3328 Μ.
352 3263 489 3344 Manlio,
511 3264 670 3330 liberatori
687 3287 760 3344 suo,
787 3265 909 3351 parenti
925 3265 1032 3352 plebis
1051 3267 1157 3332 Ruma-

99 3379 113 3427 6
132 3381 202 3435 nae,
221 3358 354 3444 gratiam
372 3359 517 3425 referant.
546 3372 694 3446 acceptus
713 3359 869 3445 externplo
887 3359 921 3423 in
939 3361 1156 3427 tumultuosam

133 3451 258 3517 turbam
285 3453 410 3538 etipse
441 3454 612 3529 tumultum
640 3454 791 3542 augebat,
828 3454 990 3520 cicestriam
1021 3465 1156 3542 acceptas

99 3568 114 3614 ⁷
132 3545 272 3624 Veienti,
290 3543 416 3613 Gallico
434 3549 566 3634 aliisque
583 3549 732 3636 deinceps
750 3549 840 3615 bellis
858 3559 1046 3617 ostentmst·
1058 3548 1156 3617 serni·

132 3640 287 3721 litantem,
315 3664 349 3708 se
366 3643 582 3709 restituentem
600 3667 727 3710 eversos
746 3654 891 3730 penates,
917 3643 1087 3731 multipiici
1102 3645 1154 3708 iam

134 3745 217 3802 sorte
237 3736 383 3803 exsoluta
403 3738 618 3827 mergentibus
640 3762 764 3826 semper
786 3748 902 3804 sortem
923 3739 1047 3818 usuris,
1073 3737 1154 3804 obm-

131 3831 431 3910 tumfasnomesse3
449 3830 555 3898 videre
564 3834 676 3912 lucem,
691 3834 804 3912 formu,
820 3833 935 3899 civium
946 3826 1153 3898 camunti

100 3944 241 4014 sopora,
270 3926 379 3992 omnia
394 3928 571 4013 parentium
593 3928 745 3995 benefida
767 3928 806 3994 ab
829 3928 883 3993 illo
906 3949 942 3992 se
963 3927 1092 4005 hisee,
1116 3920 1152 3989 dli

132 4021 289 4088 devovere
315 4023 454 4109 corpedo
476 4024 620 4109 vitaeque
647 4047 684 4090 ac
710 4023 873 4112 sauguinis
901 4023 986 4108 quod
1014 4018 1150 4109 supersit:
