2566 4524
135 251 199 316 146
393 260 511 315 ursas
528 261 586 332 111,
605 260 647 314 22.
661 261 703 314 23.
723 264 797 329 [au.
808 258 906 329 cass]

134 422 288 489 coloniam
305 420 417 506 ingens
436 430 538 484 metus
562 428 627 484 erat
650 418 857 495 defecturam,
886 438 1045 503 aegreque
1064 417 1147 502 impe-

100 541 115 589 a
134 527 249 582 tratum
267 540 286 579 a
304 514 451 590 tribunis,
474 524 510 577 ut
527 513 645 577 bellum
663 512 818 597 praeverti
836 511 983 576 sinerent.
1021 510 1148 577 eonsules

132 613 206 676 inde
222 609 328 695 partiti
345 607 537 693 provincias:
563 606 678 684 Fabio,
706 615 741 670 ut
757 605 898 692 legiones
915 604 1054 670 Antium
1071 605 1148 669 duce·
1174 658 1176 699 1

133 716 194 784 ret,
222 706 344 780 datum,
369 701 535 767 Cornelius
553 712 589 765 nt
605 701 727 766 Romae
744 701 901 785 praesidio
919 709 1021 778 esset,
1047 722 1085 765 ne
1099 721 1149 784 qua
1173 708 1176 751 t

132 823 206 886 pars
224 799 376 873 hostium,
404 797 458 880 qui
475 796 598 879 Aequis
616 818 684 860 mos
704 805 783 873 erat,
810 796 852 860 ad
872 795 1090 881 populandum
1107 815 1149 858 ve·

99 918 115 962 4
133 895 221 958 niret.
248 891 380 957 Hernici
394 902 424 955 et
432 891 541 955 Latini
553 890 631 954 iussi
646 890 759 954 milites
772 890 846 954 dare
860 911 901 954 ex
913 888 1054 968 foedere,
1071 890 1150 953 duae·

133 1011 195 1073 que
212 998 317 1073 partes
337 986 493 1051 sociorum
511 985 545 1048 in
562 985 710 1061 exercitu,
729 984 820 1048 tertia
837 984 955 1048 civium
972 983 1045 1048 fuit.
1079 990 1149 1070 post·

132 1105 228 1167 quam
246 1082 286 1145 ad
305 1082 388 1145 diem
409 1079 628 1165 praestitutum
650 1087 805 1142 venerunt
822 1076 913 1156 socii,
943 1077 1058 1143 consul
1078 1086 1150 1142 extu

131 1186 254 1262 portam
274 1174 436 1260 Capenam
455 1184 558 1237 eastra
574 1173 665 1236 locat.
701 1172 775 1236 inde
792 1172 924 1236 lustrato
942 1168 1150 1237 exercitulu-

132 1271 211 1335 tium
232 1269 406 1355 profectus,
433 1268 518 1331 haud
539 1267 648 1352 procul
671 1267 786 1352 oppido
813 1266 1001 1350 stativisque
1029 1265 1151 1331 hostium

99 1387 114 1432 s
133 1365 282 1429 consedit.
319 1362 374 1428 ubi
396 1385 469 1426 oum
490 1360 614 1438 Volsci,
642 1360 716 1444 quia
737 1361 878 1425 nondum
900 1359 941 1425 ab
963 1360 1090 1445 Aequis
1109 1380 1152 1423 ve·

132 1459 231 1522 nisset
247 1458 417 1533 exercitus,
437 1456 584 1519 dimicare
601 1478 664 1519 non
682 1455 765 1532 ausi,
784 1455 1054 1538 quemadmodum
1070 1451 1152 1539 quieti

132 1552 216 1615 vallo
235 1573 269 1616 se
287 1560 470 1626 tutarentur,
488 1560 643 1634 pararent,
661 1560 788 1634 postero
806 1549 856 1613 die
873 1547 997 1615 Fabius
1016 1573 1079 1616 nou
1095 1570 1153 1635 per·

133 1647 264 1710 mixtam
281 1669 377 1710 unam
396 1646 551 1710 sociorum
570 1645 761 1727 civiumque,
786 1646 842 1710 sed
863 1644 959 1709 trium
975 1646 1152 1732 populorum

100 1761 114 1808 o
133 1750 196 1806 tres
215 1740 384 1826 separatim
402 1740 484 1804 acies
503 1740 586 1803 circa
603 1739 720 1803 vallum
742 1739 880 1804 hostium
900 1739 1063 1805 instruxit.
1095 1739 1153 1824 ipse

132 1845 197 1899 erat
219 1835 341 1899 medius
364 1857 437 1898 eum
458 1833 635 1921 legionibus
657 1833 820 1898 Romanis.
855 1834 930 1897 inde
954 1834 1084 1920 rignum
1105 1831 1152 1898 ob·

133 1950 257 1992 servare
275 1927 375 2005 iussit,
394 1937 431 1991 ut
447 1928 563 2012 pariter
580 1938 611 1991 et
629 1927 706 1991 socii
722 1949 790 1991 rem
807 1927 981 2012 inciperent
999 1928 1152 1994 referrent·

132 2043 193 2104 que
210 2022 339 2106 pedem,
359 2022 387 2085 si
402 2021 542 2106 receptui
560 2021 733 2085 cecinisset.
770 2020 890 2104 equites
909 2020 988 2085 item
1007 2044 1083 2088 suae
1098 2018 1151 2087 eni·

99 2135 193 2197 sque
219 2114 300 2198 parti
326 2123 398 2199 post
422 2115 575 2200 principia
601 2115 741 2179 collocat.
784 2114 829 2178 ita
856 2113 1012 2181 trifariam
1039 2116 1151 2183 adoro

133 2217 236 2272 castra
257 2207 460 2272 circumvenit
482 2218 526 2285 et,
554 2231 625 2272 eum
648 2209 787 2292 undique
809 2208 955 2287 instaret,
982 2233 1051 2275 non
1071 2206 1150 2276 susti·

131 2312 240 2366 nentes
259 2301 410 2388 impetum
425 2301 560 2368 Volscos
579 2303 661 2367 vallo
676 2303 830 2369 deturbat.
857 2313 1078 2391 transgressus
1089 2302 1149 2370 iude

131 2397 328 2474 munitiones,
347 2398 494 2482 pavidam
504 2396 627 2461 turbam
635 2398 878 2481 inclinatamque
891 2398 924 2462 in
936 2410 1148 2485 partemurm

98 2511 113 2560 8
131 2492 241 2556 eastris
260 2492 395 2578 expellit.
432 2493 505 2556 inde
524 2491 623 2555 effuse
641 2491 800 2578 fugientes
818 2514 925 2576 eques,
946 2493 1000 2558 cui
1018 2508 1152 2581 superest·

131 2586 249 2650 vallum
270 2586 356 2649 haud
382 2586 474 2650 facile
497 2585 612 2662 fuerat,
640 2609 712 2650 curn
739 2587 780 2650 ad
801 2587 835 2650 id
857 2596 1019 2673 spectator
1039 2600 1147 2674 pugnet.

132 2679 317 2756 adstitisset,
344 2679 443 2745 libero
461 2702 573 2765 eampo
595 2680 743 2766 adeptus,
769 2689 857 2767 parte
879 2680 1032 2748 victoriae
1053 2680 1147 2747 irritu

99 2794 113 2841 e
133 2774 255 2837 territos
274 2774 442 2838 caedendo.
471 2797 587 2861 magna
600 2775 677 2839 etin
691 2776 801 2841 eastris
816 2785 848 2839 et
860 2784 951 2841 extra
968 2777 1143 2841 munimento

132 2867 237 2930 caedis
255 2866 443 2952 fugientium
461 2868 534 2947 fuit,
559 2870 615 2934 sed
632 2871 750 2955 praeda
770 2870 884 2947 maior,
911 2871 988 2955 quia
1006 2873 1061 2937 vix
1140 2932 1143 2937 .

133 2983 240 3025 seeum
267 2960 377 3026 efferre
402 2962 502 3027 hostis
529 2963 640 3049 potuit.
679 2964 861 3048 deletusque
889 2966 1048 3033 exercitus
1071 2964 1141 3035 fud

132 3055 192 3120 nisi
209 3055 358 3142 fugientis
378 3057 474 3122 silvae
492 3059 654 3123 texissent.

99 3174 111 3216 1
194 3150 331 3216 XXIII.
366 3150 456 3216 Dum
474 3154 515 3217 ad
528 3151 662 3217 Antium
680 3152 758 3217 haec
775 3161 937 3240 geruntur,
955 3148 1137 3219 interimlt·

132 3245 186 3328 qui
207 3245 318 3310 robore
347 3247 517 3312 iuventutis
543 3247 718 3334 praemisso
745 3268 850 3311 arcem
873 3246 1086 3314 Tusculanam
1103 3242 1136 3307 ’θ’

131 3339 257 3423 proviso
274 3353 365 3404 nocte
384 3342 524 3426 capiunt,
547 3340 667 3424 reliquo
685 3341 825 3406 exercitu
841 3340 929 3405 haud
950 3341 1061 3427 procul

130 3431 224 3497 nibus
243 3433 373 3498 Tusculi
391 3436 571 3513 considunt,
599 3444 634 3499 ut
652 3435 864 3500 distenderent
881 3435 1023 3502 hostium
1044 3430 1103 3503 ω’

97 3547 113 3594 2
131 3525 210 3591 haec
227 3527 366 3592 celeriter
382 3529 528 3608 Romam,
548 3528 587 3594 ab
601 3529 705 3594 Roma
721 3529 754 3593 in
772 3537 876 3594 eastra
888 3527 1026 3596 Antium
1124 3592 1129 3603 ,

131 3632 257 3686 movent
269 3622 429 3689 Romanos
446 3625 532 3689 haud
550 3646 641 3690 secus
660 3647 756 3708 quam
774 3624 801 3688 si
821 3623 1016 3709 Capitolium
1034 3646 1070 3689 ea

131 3716 338 3796 nuntiaretur3
357 3719 435 3784 adeo
453 3729 485 3784 et
498 3741 606 3784 reeens
620 3729 687 3784 erat
700 3717 954 3783 Tusculanorum
966 3718 1102 3784 meriton

132 3810 301 3877 similitudo
321 3812 392 3899 ipsa
413 3814 543 3899 periculi
568 3836 734 3900 reposcere
760 3813 869 3877 datum
896 3813 1047 3879 auxilinm
1087 3806 1109 3913 ἰ

97 3904 231 3975 ebatur.
253 3904 372 3972 Fabius
390 3908 516 3974 omissis
534 3908 679 3973 omuibus
697 3908 848 3993 praedam
864 3930 905 3972 ex
922 3906 1033 3973 eastris

130 3998 265 4065 Antium
292 4002 450 4082 convehit3
477 4001 522 4067 ibi
548 4002 671 4069 modico
697 4002 855 4089 praesidio
880 4001 986 4067 relicto
1046 3998 1055 4014 '
