2566 4524
144 254 209 320 422
354 261 572 334 LIBERVIII,
590 263 633 317 23.
646 260 688 316 24.
709 260 887 331 [auam.
900 258 965 332 428]

144 423 289 490 hostibus
313 421 493 488 societatem
515 421 623 486 auxilii
641 421 760 498 mutui,
778 442 855 504 qua,
879 428 916 484 ut
932 419 1065 505 quisque
1078 418 1198 527 locuti

96 539 128 588 11
144 525 346 607 premeretur,
369 517 450 581 inter
468 538 502 581 se
519 538 570 580 usr
559 514 719 581 fuerant.
755 515 861 599 itaque
884 536 958 580 cum
981 522 1013 580 et
1034 515 1152 582 comitio·
1194 490 1198 593 i

145 637 216 680 rum
234 613 301 677 dies
318 612 448 676 instaret
466 618 497 674 et
484 607 707 674 tPublilium
697 608 903 674 mminentem
919 608 1060 675 hostium
1073 608 1153 675 muris

147 709 271 776 avocari
292 705 332 772 ab
356 727 412 793 spe
430 705 625 792 capiendae
616 728 650 769 m
667 704 734 769 dies
752 703 839 769 urbis
857 703 944 770 haud
962 726 982 770 e
998 727 1034 770 re
1048 704 1154 791 publira

96 821 128 871 12
147 812 244 880 esset,
273 810 377 866 actum
400 821 472 864 cum
493 797 697 864 tribunist
649 807 710 877 est,
738 797 779 863 ad
798 797 954 885 populum
977 797 1100 877 ferrent,
1119 806 1153 875 ut,

147 920 219 963 cum
242 894 283 978 Q
306 893 461 959 Publilius
484 891 577 958 Philo
603 846 769 957 consulatu
795 890 928 972 abisset,
961 914 1021 980 pro
1046 890 1154 958 consule

96 1004 129 1054 18
146 1014 212 1058 rem
234 999 369 1077 gereret,
385 989 502 1099 'quoad
524 985 659 1052 debellat
646 995 713 1050 turn
740 1008 812 1051 cum
835 982 969 1053 Graecis
998 995 1082 1054 esset.
1118 984 1152 1049 Ιι.

149 1085 311 1163 Cornelio,
340 1085 414 1168 quia
435 1105 475 1148 ne
498 1105 570 1148 eum
592 1081 746 1167 quidem
736 1105 770 1146 m
789 1078 985 1148 Samnium
975 1105 1040 1147 ram
1054 1081 1155 1191 ingres·

147 1203 219 1248 sum
244 1200 384 1244 reuocari
410 1176 485 1243 ab
475 1184 573 1286 impet
573 1199 595 1240 u
561 1174 694 1241 tbelli
719 1174 876 1262 placebat,
904 1175 955 1240 litt
928 1184 1028 1242 tterae
1049 1175 1153 1252 missu

146 1273 301 1340 utdictat
289 1281 388 1338 torem
410 1271 607 1336 comitiorum
628 1291 725 1335 causa
747 1271 874 1336 diceret.
910 1270 993 1336 1111ι
1013 1269 1060 1335 Μ
1079 1267 1156 1336 Clau·

98 1382 131 1431 14
148 1368 236 1434 diurn
261 1364 463 1444 Marcellum3
499 1363 539 1430 ab
570 1386 607 1430 eo
638 1364 740 1451 magis
742 1373 789 1430 ter
818 1363 905 1449 equit
905 1386 961 1428 um
988 1364 1088 1430 dictus
1113 1360 1155 1448 Sp

147 1461 341 1528 Postumius.
386 1480 445 1524 nec
466 1466 572 1524 tamen
593 1457 633 1523 ab
652 1458 802 1523 dictatore
821 1457 948 1522 comitia
968 1467 1043 1523 sunt
1058 1455 1154 1532 habita,

148 1555 236 1641 quia,
255 1553 371 1619 vitione
389 1560 511 1618 creatus
530 1560 628 1631 esset,
650 1551 684 1615 in
701 1551 953 1635 disquisitionem
970 1551 1067 1618 venit.
1100 1571 1157 1616 con·

149 1647 223 1714 sulti
246 1668 381 1734 augures
404 1645 551 1710 vitiosum
569 1644 668 1710 videri
685 1644 868 1711 dictatorem
885 1645 1155 1730 pronuntiaverunt

98 1756 130 1807 15
148 1765 218 1808 eam
235 1763 302 1808 rem
320 1738 437 1805 tribuni
456 1747 634 1826 suspectam
650 1738 863 1825 infamemque
881 1739 1076 1805 criminando
1092 1738 1156 1804 fua

148 1846 234 1901 runt:
261 1857 336 1900 nam
356 1856 459 1918 neque
478 1833 570 1898 facile
588 1832 688 1899 fuisse
705 1833 739 1897 id
756 1833 866 1898 vitium
884 1833 990 1912 nosci,
1013 1856 1087 1899 cum
1101 1853 1157 1898 con·

149 1931 198 1996 sul
224 1929 327 1994 oriens
354 1936 444 1992 nocte
472 1927 594 1992 silentio
621 1927 738 1991 diceret
768 1927 967 2007 dictatorem,
1004 1949 1104 2013 neque
1127 1922 1156 1990 ab

149 2023 277 2089 consule
303 2023 450 2106 cuiquam
476 2021 600 2107 publice
627 2022 812 2108 privatimve
839 2021 878 2087 de
904 2044 943 2087 ea
969 2023 1157 2109 rescriptum

98 2131 130 2181 16
149 2125 246 2194 esset,
273 2137 332 2180 nec
359 2137 548 2200 quemquam
574 2115 752 2181 mortalium
775 2126 895 2194 extare,
923 2117 981 2201 qui
1004 2139 1039 2183 se
1062 2116 1157 2182 vidisse

148 2220 203 2277 aut
225 2210 351 2277 audisse
369 2210 445 2294 quid
462 2209 558 2288 dicat,
582 2211 667 2294 quod
684 2210 860 2297 auspicium
877 2210 1054 2291 dirimeret,
1076 2226 1158 2295 neque

149 2327 285 2393 augures
299 2304 438 2370 divinare
447 2304 568 2369 Romae
582 2304 727 2369 sedentes
745 2304 900 2390 potuisse,
919 2304 1000 2389 quid
1017 2306 1052 2370 in
1069 2301 1158 2371 casule

149 2400 272 2466 consuli
289 2400 356 2465 vitii
374 2397 562 2464 obvenisset.
598 2399 649 2463 cui
666 2420 731 2463 non
749 2420 912 2485 apparere,
932 2400 1020 2483 quod
1037 2398 1158 2486 plebeius

98 2509 130 2557 17
149 2494 281 2560 dictator
299 2494 353 2573 sit,
376 2493 409 2559 id
427 2494 539 2558 vitium
556 2491 728 2579 auguribus
746 2493 870 2558 visum?
894 2493 976 2559 haec
998 2488 1158 2580 aliaqueab

148 2587 282 2654 tribunis
305 2588 495 2673 nequiquam
516 2588 644 2653 iactata:
671 2588 797 2652 tandem
819 2589 860 2652 ad
885 2589 1103 2677 interregnum
1124 2605 1159 2654 ιιι

147 2683 241 2760 redit,
265 2682 431 2767 dilatisque
449 2683 510 2747 alia
528 2691 621 2766 atque
640 2682 701 2747 alia
718 2683 757 2747 de
776 2705 872 2748 causa
889 2685 1028 2751 comitiis
1052 2692 1159 2770 quartur

148 2776 289 2840 decimus
312 2777 439 2840 demum
460 2777 596 2841 interrex
617 2777 658 2842 L.
681 2775 838 2842 Aemilius
861 2778 1010 2844 consules
1034 2773 1159 2846 creatll

148 2869 338 2947 Poetelium,
362 2871 403 2934 L.
421 2870 583 2957 Papirium
602 2871 812 2958 Mugilanum.
859 2870 1035 2940 Cursorem
1058 2876 1091 2940 111
1109 2870 1159 2939 dii!

150 2960 315 3028 annalibus
333 2963 467 3029 invenio.

116 3075 129 3120 1
212 3056 366 3123 XXIIII.
402 3058 526 3125 Eodem
544 3082 625 3125 anno
640 3057 872 3124 Alexandream
890 3060 924 3124 in
937 3059 1093 3150 Aegypto
1108 3079 1161 3148 pro·

148 3153 247 3217 ditum
276 3153 433 3218 conditam
459 3151 740 3238 Alexandrumque
765 3153 856 3239 Epiri
882 3177 995 3242 regem
1022 3157 1064 3222 ab
1090 3152 1160 3222 exul

147 3247 280 3312 Lucano
302 3247 500 3312 interfectum
523 3256 622 3313 sortes
643 3247 811 3313 Dodonaei
832 3247 919 3314 Iovis
944 3260 1065 3316 eventu
1089 3247 1161 3316 adlit·

115 3357 129 3405 2
148 3363 262 3406 masse.
299 3342 398 3407 accito
422 3341 461 3406 ab
485 3341 662 3408 Tarentinis
684 3343 718 3406 in
739 3342 863 3407 Italiam
885 3343 962 3408 data
986 3346 1083 3412 dictio
1103 3349 1159 3417 eret,

148 3443 272 3498 caveret
280 3433 489 3500 Acherusiam
504 3457 618 3522 aquam
631 3436 885 3521 Pandosiamque
900 3437 1031 3520 urbem3
1049 3440 1094 3505 ibi
1104 3434 1159 3503 fad

116 3543 131 3592 3
151 3527 217 3592 eius
236 3528 403 3594 terminum
421 3531 496 3596 dari.
528 3554 628 3616 eoque
646 3533 732 3598 ocius
752 3531 947 3596 transmisit'
937 3556 974 3597 m
987 3533 1159 3611 Italiam&

148 3644 243 3705 quam
265 3623 401 3689 maxime
420 3625 532 3734 procul
554 3625 678 3691 abesset
700 3624 776 3691 urbe
795 3624 990 3692 Pandosia
980 3650 1016 3694 ιιι
1032 3628 1158 3716 Epirost

147 3715 328 3783 Acheronte
297 3719 444 3796 tamni,
467 3741 561 3803 quem
580 3743 620 3785 ex
637 3719 812 3786 Molosside
837 3721 936 3787 fluent
923 3730 991 3788 tem
1012 3723 1047 3788 in
1068 3732 1158 3808 supr

113 3810 269 3876 tinterna
290 3813 403 3899 accipit
421 3812 675 3900 Thesprotius
650 3837 748 3880 srnus.
784 3822 820 3879 ut
841 3823 984 3881 ceterum
1007 3816 1103 3882 ferme
1120 3810 1157 3876 11·

147 3905 289 3992 giendo
280 3929 313 3970 1n
330 3905 433 3972 media
451 3907 516 3973 fata
533 3909 641 3987 ruitur,
661 3931 733 3973 curn
748 3929 842 3994 saepe
854 3907 937 3974 Brut
925 3910 1001 3976 ttias
1014 3911 1156 3976 Ιιιιοιιιιιι·

147 4019 208 4082 que
225 4000 364 4088 legiones
382 4001 530 4079 fudisset,
549 4003 737 4070 Heracleam
748 4003 994 4072 Tarentinorum
1012 4001 1152 4074 colonen
