2566 4524
202 228 205 235 ·
302 238 421 297 urens
437 201 581 313 νωμᾶ.
599 244 638 312 [a.
649 240 680 297 c.
690 241 748 298 322.
761 243 826 315 321]
1014 233 1075 304 441

59 399 151 456 oedus
174 396 338 452 restitutum
361 401 419 466 est,
444 412 582 469 prospere
605 403 702 469 gestas
721 399 856 455 continet.
893 398 943 458 Cn.
960 403 1080 461 Flavius
1149 445 1154 455 .

59 477 157 546 oribe,
175 475 310 532 libertino
328 479 411 546 patro
428 484 526 544 natus,
550 475 651 530 aedilis
671 476 776 532 curulis
795 477 849 532 fuit
865 496 917 549 per
934 478 1079 538 forensem

59 555 203 611 sotionem
221 558 349 625 creatus,
372 568 448 626 quae
466 570 529 608 cum
548 553 664 610 comitia
678 560 708 611 et
721 572 850 627 campum
862 558 993 613 turbaret
1006 565 1036 614 et
1048 559 1079 614 in

59 633 90 688 ris
97 639 221 705 propter
229 631 331 687 nimias
339 630 415 687 vires
426 631 627 702 dominaretur,
646 631 709 698 aQ.
717 633 811 690 Fabio
826 650 944 691 censore
957 636 988 690 in
998 643 1078 707 quat·

59 727 110 766 uor
119 710 213 765 tribus
223 710 342 765 redacta
351 715 408 781 est,
423 726 495 782 quas
503 710 629 765 urbanas
639 711 810 781 appellavit,
828 729 919 784 saque
929 730 975 768 res
984 714 1078 770 Fabio

59 789 171 844 ianime
189 804 293 843 nomen
307 786 394 843 dedit.
422 786 452 841 in
465 787 522 842 hoo
535 787 609 844 libro
624 788 798 844 mentionem
810 789 901 846 habet
911 789 1077 864 Alexandri,

59 866 96 938 [ui
103 864 284 937 temporibus
293 863 338 919 his
347 864 411 935 fuit,
425 870 455 920 et
464 865 621 920 aestimatis
630 867 730 937 populi
738 866 861 922 Romani
869 868 1078 940 viribus,.quae

59 959 113 998 unc
127 947 224 1012 erant,
243 941 366 1014 colligit,
387 941 411 996 si
419 940 583 998 Alexander
596 943 627 997 in
635 943 747 998 Italiam
760 943 934 1016 traiecisset,
951 952 1078 1001 nontam

59 1021 161 1077 anilem
176 1020 203 1075 ei
212 1018 359 1075 victoriam
369 1021 405 1075 de
414 1020 523 1090 populo
532 1021 662 1076 Romano
672 1020 735 1076 fore
747 1038 832 1093 quam
841 1022 877 1078 de
886 1021 925 1077 iis·
931 1023 1076 1095 gentibus,

59 1115 117 1170 puae
128 1098 167 1152 ad
178 1096 323 1153 Orientem
331 1096 451 1169 imperio
462 1114 514 1152 suo
525 1097 712 1168 subiecerat]

430 1437 547 1519 ΤΙΤΙ
572 1437 696 1519 LIVI

295 1604 363 1664 AB
392 1605 537 1666 visen
572 1605 828 1668 connire

434 1777 563 1836 LIBER
584 1777 690 1838 VIIII.

108 1910 135 1975 Ι.
174 1907 324 1993 Sequitur
344 1908 428 1974 huno
450 1917 572 1974 annum'
589 1910 703 1975 nobilis
722 1909 810 1974 clade
827 1909 972 1976 Romana
991 1908 1076 1977 Cau·
1094 1936 1108 1983 1

59 2004 122 2069 lina
140 2027 202 2091 pax
225 2004 264 2068 Τ.
283 2002 415 2070 Veturio
439 2003 587 2083 Calvin0,
615 2003 671 2092 Sp.
695 2005 860 2078 Postumio
882 2006 1075 2074 consulibus.
1121 2034 1123 2038 ³

59 2097 206 2167 iamnites
226 2122 263 2163 eo
281 2122 363 2164 anno
376 2099 596 2186 imperatorem
610 2099 648 2166 Ο.
657 2100 809 2168 Pontium
820 2101 964 2169 Herenni
976 2102 1076 2169 filium
1094 2126 1110 2173 2

59 2195 230 2273 rabuerunt,
240 2205 329 2280 patre
338 2195 431 2283 longe
440 2196 684 2283 prudentissimo
692 2207 811 2275 natum,
820 2199 957 2284 primum
970 2198 1076 2284 ipsum

59 2289 226 2357 >ellatorem
245 2289 429 2375 ducemque.
464 2292 507 2370 ie,
525 2291 581 2358 ubi
596 2291 705 2379 legati,
724 2292 779 2376 qui
792 2292 834 2357 ad
847 2292 1006 2358 dedendas
1024 2314 1075 2358 res
1094 2313 1111 2360 3

59 2386 133 2451 nissi
151 2394 254 2463 erant,
281 2408 360 2472 pace
376 2387 494 2453 infecta
514 2387 686 2453 redierunt:
715 2392 768 2452 ‘ne
789 2386 867 2452 nihil
889 2387 1006 2453 actum'
1027 2387 1076 2452 in-

59 2481 112 2565 [uit
138 2480 218 2546 ‘hac
237 2480 395 2567 legatione
417 2483 585 2560 censeatis,
608 2483 768 2569 expiatum
791 2490 839 2547 est
860 2481 1014 2567 quidquid
1036 2503 1076 2546 ex

59 2575 171 2640 'oedere
192 2585 286 2661 rupto
307 2575 423 2640 irarum
444 2577 479 2640 in
499 2599 557 2643 uos
580 2577 762 2643 caelestium
788 2576 857 2642 suit.
893 2575 970 2642 satis
999 2577 1073 2654 scie,
1092 2595 1109 2642 4

59 2669 296 2754 [cibuscumque
314 2670 374 2735 diis
392 2671 478 2737 cordi
495 2671 568 2751 fuit,
592 2671 697 2760 subigi
714 2694 772 2738 nos
795 2671 836 2736 ad
856 2669 1075 2737 necessitatem

59 2759 184 2831 ledendi¹
200 2787 267 2843 res,
295 2787 376 2850 quae
398 2764 439 2831 ab
461 2765 553 2832 nobis
572 2789 612 2831 ex
628 2766 755 2833 foedere
772 2765 923 2853 repetitae
940 2764 1074 2842 fuerant,

59 2883 69 2926 s
90 2882 158 2926 non
179 2859 280 2926 fuisse
298 2860 385 2925 cordi
402 2869 467 2925 tam
485 2860 620 2948 superbe
637 2860 677 2927 ab
695 2861 849 2928 Romanis
867 2858 1003 2927 foederis
1021 2881 1076 2923 ex-

59 2954 215 3021 iationem
241 2963 389 3040 spretam.
425 2955 502 3040 quid
528 2957 611 3023 enim
636 2956 718 3022 ultra
743 2957 812 3021 fieri
837 2957 877 3021 ad
904 2954 1112 3042 placandose

59 3072 118 3116 ‚eos
136 3048 391 3135 mitigandosque
412 3048 555 3117 homiues
577 3050 679 3137 potuit
699 3072 795 3136 quam
818 3050 903 3133 quod
919 3072 978 3115 nos
997 3049 1074 3112 feci-

59 3144 134 3209 uusi
148 3167 202 3210 res
220 3143 360 3209 hostium
372 3142 406 3208 in
419 3146 537 3230 praeda
550 3154 668 3231 captas,
687 3166 767 3229 quae
779 3142 855 3209 belli
867 3143 934 3207 iure
947 3129 1082 3206 nostrae

59 3235 240 3316 idebantur,
258 3236 451 3316 remisimus3
470 3248 612 3305 auctores
629 3237 717 3315 belli,
736 3237 811 3323 quia
828 3236 918 3302 vivos
936 3257 999 3300 non
1016 3256 1073 3320 po·
1091 3256 1106 3303 s

59 3332 175 3410 rimus,
202 3331 386 3419 perfunctos
408 3331 555 3398 iamfato
573 3330 765 3410 dedidimus,
788 3330 872 3397 bona
889 3351 1010 3405 eorum,
1033 3349 1074 3394 ne

59 3426 118 3493 uid
140 3448 182 3492 ex
205 3427 392 3515 contagione
413 3449 516 3493 noxae
537 3435 712 3492 remaneret
729 3447 826 3512 penes
843 3445 916 3501 nos,
939 3422 1075 3488 Romam

59 3521 247 3588 ortuvimus.
283 3521 361 3606 quid
378 3521 459 3587 ultra
476 3520 726 3610 tibi‚·Romane,
749 3519 826 3604 quid
842 3516 974 3596 foederi,
997 3516 1074 3601 quid
1093 3539 1108 3586 7

59 3616 99 3682 iis
127 3614 255 3681 arbitris
281 3615 417 3682 foederis
444 3616 563 3681 debeo?
593 3638 687 3700 quem
713 3615 770 3681 tibi
797 3626 921 3681 tuarum
946 3613 1073 3690 irarum,

59 3730 136 3777 uem
163 3729 307 3775 meorum
334 3710 558 3797 suppliciorum
588 3711 724 3775 iudicem
754 3709 883 3788 feram‚‘
905 3708 1072 3784 neminem,

59 3825 143 3890 sque
162 3803 315 3890 populum
332 3826 435 3890 neque
451 3805 622 3891 privatum,
641 3804 740 3892 fugio.
767 3805 853 3889 quod
866 3803 893 3872 si
906 3802 984 3868 nihil
1001 3811 1106 3866 cums

59 3897 218 3967 utentiore
237 3896 315 3965 iuris
336 3898 466 3965 humani
486 3899 670 3985 relinquitur
687 3899 787 3986 inopi,
810 3909 842 3965 at
860 3920 919 3984 ego
937 3896 978 3961 ad
995 3894 1071 3959 deos

59 3993 185 4060 indices
203 3991 414 4060 intolerandae
432 3993 598 4080 superbiae
616 3993 797 4081 confugiam
815 4000 845 4057 et
856 3987 1016 4077 precabor,
1036 3997 1071 4050 ut
1089 3999 1103 4048 9
