2566 4524
305 264 438 352 mans
454 264 524 336 vn,
543 264 654 320 as-sc.
673 268 711 334 [a.
722 263 911 336 carc-mu
1069 255 1133 323 379

100 426 213 492 bustns
232 423 325 488 datus
345 433 402 488 est.
437 445 502 488 non
519 421 617 488 tribus
636 431 757 488 tantum
775 424 985 512 supplicatum
1001 426 1046 493 ire
1063 427 1133 514 pla

101 520 178 599 cuit,
204 518 263 584 sed
279 516 428 583 finitimos
447 517 541 585 etiam
557 516 707 605 populos,
730 517 870 605 ordoque
887 519 940 598 iis,
964 541 1026 605 quo
1045 521 1132 607 quis-

102 637 161 700 que
179 613 232 679 die
252 611 478 699 supplicarent,
498 621 643 679 statutus.

161 706 288 773 Iudicia
301 728 339 772 eo
352 728 433 771 anno
445 705 555 792 populi
568 705 669 771 tristia
680 705 716 771 in
727 705 937 774 faeneratores
952 709 1045 788 facta,
1064 710 1132 795 qui-
1150 731 1165 780 9

101 801 157 868 bus
177 800 219 867 ab
238 799 392 865 aedilibus
411 798 494 864 dicta
512 799 579 865 dies
598 810 696 879 esset,
716 800 888 867 traduntur.
929 811 961 867 et
977 825 1028 869 res
1045 802 1132 868 haud

104 896 164 963 ulla
180 893 302 982 insigni
319 893 360 959 ad
377 893 559 959 memoriam
578 915 674 958 causa
691 894 733 958 ad
749 894 963 983 interregnum
975 897 1065 963 redit.
1093 920 1133 963 ex
1152 917 1185 967 10

104 990 298 1076 interregno,
321 998 357 1052 ut
373 987 406 1052 id
424 997 529 1052 actum
546 986 646 1052 videri
662 997 783 1073 posset,
808 988 901 1054 ambo
918 990 1041 1075 patricii
1059 1013 1132 1057 con-

103 1085 185 1151 sules
206 1083 303 1150 creati
320 1093 406 1149 sunt:
425 1081 473 1146 M.
487 1081 633 1148 Valerius
650 1081 773 1151 Corvus
792 1084 930 1164 tertium,
949 1084 992 1150 A.
1013 1085 1133 1152 Come·

103 1179 162 1244 lius
181 1177 317 1245 Cossus.

166 1270 354 1338 XXVIIII.
389 1268 513 1336 Maiora
534 1271 599 1338 iam
620 1270 694 1336 hinc
715 1270 798 1337 bella
820 1281 851 1336 et
872 1270 991 1338 viribus
1015 1282 1046 1338 et
1062 1272 1164 1342 lon-1

101 1365 277 1455 ginquitate
302 1364 353 1431 vel
377 1365 544 1453 regionum
569 1364 621 1430 vel
646 1375 822 1452 temporum
844 1363 988 1451 (spatio),
1015 1366 1131 1451 quibus

102 1460 253 1528 bellatum
267 1467 329 1539 est,
347 1459 498 1525 dicentur.
529 1480 664 1543 namque
682 1480 720 1525 eo
738 1481 820 1525 anno
838 1459 989 1526 adversus
1005 1457 1132 1526 Samni·

102 1565 164 1637 tes,
182 1565 313 1643 gentem
330 1552 443 1641 opibus
462 1554 619 1638 armisque
636 1553 787 1632 validam,
806 1564 892 1620 mota
909 1578 1005 1621 arma.
1039 1552 1164 1625 Sam-2

102 1650 214 1716 uitium
231 1647 349 1716 bellum
366 1647 494 1735 ancipiti
509 1646 615 1714 Marte
632 1659 758 1735 gestum
775 1645 895 1736 Pyrrus
912 1649 1027 1729 hostis,
1050 1648 1132 1737 Pyr-

101 1765 172 1811 rum
201 1741 304 1809 Poeni
335 1743 443 1808 secuti.
488 1752 605 1828 quanta
634 1765 739 1809 rerum
770 1743 883 1810 molest
923 1745 1068 1828 quotiens
1099 1744 1132 1808 in

101 1848 244 1905 anema
264 1836 473 1923 periculorum
495 1846 638 1916 ventum,
666 1847 700 1903 ut
722 1837 755 1901 in
771 1836 854 1902 hanc
870 1837 1129 1924 magnitudinem,

102 1954 184 2019 quae
201 1931 257 1997 vix
279 1931 462 2009 sustinetur,
486 1930 564 2018 erigi
584 1931 750 2018 imperium
771 1931 893 2018 possetl
929 1931 1004 1999 belli
1025 1941 1166 2002 autema

103 2048 202 2095 consa
220 2048 293 2092 cum
312 2023 507 2092 Samnitibus
524 2025 691 2105 Romanis,
717 2049 789 2092 cum
812 2027 960 2093 societate
982 2027 1133 2093 amicitia-

101 2142 165 2209 que
179 2120 281 2189 iuncti
298 2130 416 2198 essent,
439 2120 632 2186 extrinsecus
650 2121 749 2200 venit,
772 2144 836 2187 non
854 2131 922 2187 orta
942 2122 1024 2188 inter
1044 2123 1131 2209 ipsos

102 2225 161 2285 est
208 2212 368 2283 Samnites
388 2212 537 2280 Sidicinis
559 2214 676 2280 iniusta
696 2237 797 2293 arma,
825 2216 900 2300 quia
921 2214 1046 2282 viribus
1057 2216 1129 2301 plus
1148 2235 1166 2282 4

101 2319 262 2399 poterant,
286 2331 359 2375 cum
375 2307 568 2385 intulissent,
591 2308 691 2373 coacti
708 2309 817 2394 inopes
841 2309 882 2373 ad
903 2307 1132 2395 opulentiorum

100 2402 256 2471 mxilium
270 2404 454 2492 confugere,
474 2400 646 2488 Campanis
661 2422 730 2468 sese
745 2402 947 2489 coniungunt.
976 2400 1132 2489 Campani
1150 2423 1165 2471 5

100 2497 205 2585 magis
232 2518 347 2563 nomen
373 2497 415 2562 ad
438 2495 631 2582 praesidium
657 2495 813 2561 sociorum
835 2517 930 2581 quam
951 2495 1034 2562 vires
1058 2517 1130 2561 cum

102 2588 295 2670 attulissent,
322 2590 453 2656 fluentes
475 2590 554 2654 luxu
575 2588 615 2655 ab
638 2589 756 2657 duratis
773 2613 835 2656 usu
853 2612 1010 2655 armorum
1027 2591 1061 2654 in
1079 2586 1132 2655 Si-

98 2682 206 2753 dicino
228 2684 313 2773 pulsi
335 2707 425 2772 agro,
447 2684 481 2748 in
504 2706 538 2749 se
560 2683 673 2749 deinde
695 2683 810 2749 molem
829 2706 953 2749 omnem
970 2683 1045 2750 belli
1062 2706 1132 2750 ver-

100 2788 217 2845 terunt
262 2800 398 2862 namque
417 2775 576 2845 Samnites
595 2779 720 2845 omissis
741 2775 889 2844 Sidicinis
907 2779 1011 2865 ipsam
1028 2800 1132 2845 arcem
1150 2799 1165 2848 6

97 2872 321 2952 finitimorum,
341 2871 537 2958 Campanos,
560 2871 674 2952 adorti,
697 2872 780 2938 unde
799 2895 898 2957 acque
915 2872 1018 2939 facilis
1036 2872 1134 2937 victo-

97 2966 163 3049 ria,
184 2966 324 3053 praedae
342 2976 436 3053 atque
452 2967 571 3055 gloriae
587 2966 660 3053 plus
683 2978 781 3048 esset,
805 2968 925 3048 Tifata,
951 2968 1132 3034 inminentis

99 3058 237 3148 capuae
260 3060 363 3140 collis,
387 3083 459 3127 cum
475 3062 633 3150 praesidio
650 3062 741 3128 firmo
758 3071 980 3149 occupassent,
1002 3063 1134 3128 descen·

99 3154 186 3221 dunt
208 3154 283 3231 inde
309 3157 462 3241 quadrato
485 3158 610 3244 agmine
632 3158 666 3223 in
686 3157 861 3244 planitiem,
889 3178 969 3242 quae
988 3154 1132 3242 Capuam

100 3246 276 3335 Tifataque
291 3249 461 3317 interiacet.
497 3251 541 3317 ibi
557 3273 667 3318 rursus
685 3251 752 3317 acie
769 3250 966 3328 dimicatum,
985 3249 1133 3316 adverso-
1151 3270 1166 3318 7

96 3366 164 3433 quo
179 3343 302 3433 proelio
321 3343 477 3432 Campani
493 3346 574 3411 intra
595 3346 720 3412 moenia
742 3343 898 3432 conpulsi,
926 3366 998 3410 cum
1018 3344 1131 3411 robore

97 3438 277 3513 Iuventutis
295 3461 371 3505 suae
389 3438 493 3506 acciso
511 3439 597 3506 nulla
614 3439 789 3526 propinqua
811 3460 884 3526 spes
906 3447 1004 3518 esset,
1031 3436 1133 3505 coacti

98 3530 237 3607 suntab
254 3532 407 3599 Romanis
424 3542 531 3620 petere
549 3533 710 3599 auxilium.

163 3624 289 3701 XXX.
315 3628 434 3716 Legati
450 3627 618 3694 introducti
634 3628 668 3693 in
686 3635 829 3693 senatum
845 3626 983 3693 maxime
1000 3626 1034 3692 in
1050 3627 1132 3693 hanc
1151 3648 1165 3695 1

95 3722 291 3789 sententiam
311 3721 408 3789 locuti
430 3732 517 3789 sunt=
545 3722 695 3810 ‘populus
716 3745 776 3788 nos
799 3720 983 3809 Campanus
1009 3723 1132 3810 legatos

94 3816 140 3883 nd
156 3837 235 3894 vos,
255 3825 362 3904 patres
379 3816 562 3904 conscripti,
584 3816 670 3882 misit
691 3816 860 3883 amicitiam
881 3817 915 3882 in
935 3825 1130 3904 perpetuum,

92 3910 255 3979 auxilium
280 3933 431 3999 praesens
458 3935 477 3977 a
502 3910 593 3978 vobis
618 3911 761 3999 petitum.
804 3934 901 3997 quam
931 3911 959 3976 si
985 3907 1164 3976 seeundisa

91 4002 196 4073 rebus
214 4004 332 4072 nostris
349 4004 553 4095 petissemus,
578 4006 659 4072 sicut
676 4015 788 4093 coepta
809 4004 955 4082 celerius,
982 4003 1026 4068 ita
1046 4000 1132 4066 infir-
