2566 4524
317 248 434 303 LIBER
452 247 480 320 1,
498 247 591 304 15.·16.
612 253 650 318 [a.
661 248 690 304 C.
701 248 848 320 753-717]
1057 242 1098 306 19

59 428 197 494 quorum
214 404 292 471 nihil
311 406 466 473 absonum
483 406 557 471 fidei
574 406 699 471 divinoe
717 406 847 494 originis
862 407 1098 494 divinitatisque

58 512 132 590 post
149 508 286 566 mortem
304 502 439 566 creditae
456 501 531 579 fuit,
554 523 619 565 non
637 501 761 565 animus
779 502 812 564 in
828 525 927 589 regno
945 504 1030 568 avito
1049 528 1098 570 re-

60 595 255 684 cuperando,
278 615 342 661 non
361 595 542 661 condendae
563 594 651 659 urbis
670 595 848 674 consilium,
875 620 938 661 non
960 597 1042 663 bello
1060 622 1098 664 ac

61 712 138 780 pace
159 691 344 756 firmandae.
384 691 425 757 ab
447 691 502 756 illo
525 691 608 754 enim
630 691 772 776 profecto
789 692 909 758 viribus
928 694 1009 760 datis
1029 704 1130 764 tan-7

62 799 128 852 tum
149 787 266 865 valuit,
290 787 375 851 utin
393 787 602 874 quadraginta
620 787 732 852 deinde
751 811 849 854 anuos
868 798 968 854 tutam
986 813 1098 877 pacem

60 880 202 948 baberet.
243 881 435 946 multitudini
461 891 567 945 tamen
592 883 710 968 gratior
735 882 796 946 fuit
822 904 917 966 quam
943 885 1130 970 patribus,8

61 976 156 1064 longe
180 986 254 1042 ante
272 977 350 1042 alios
368 976 606 1062 acceptissimus
624 977 759 1042 militum
777 979 904 1044 animis:
926 988 1098 1046 trecentos-

60 1088 120 1156 que
139 1080 277 1136 armatos
297 1072 338 1135 ad
356 1071 531 1137 custodiam
550 1072 701 1156 corporis,
726 1094 805 1155 quos
825 1073 941 1138 celeres
960 1074 1097 1161 appella-

60 1166 116 1245 rit,
136 1189 204 1231 non
217 1166 255 1230 ⁴iu
270 1165 355 1232 bello
373 1166 489 1244 solum,
512 1166 571 1230 sed
584 1165 683 1229 ¹etiam
700 1167 734 1231 in
751 1189 829 1251 pace
846 1167 965 1232 habuit.

121 1260 221 1326 XVI.
257 1260 320 1326 His
338 1260 554 1326 inmortalibus
574 1261 669 1326 edifis
692 1261 839 1346 operibus
858 1284 931 1326 oum
949 1264 989 1327 ad
1003 1285 1096 1328 erer-
1116 1284 1128 1330 1

60 1356 158 1421 citum
180 1356 408 1421 recensendum
431 1355 607 1420 contionem
628 1355 662 1419 in
684 1377 795 1441 eampo
819 1357 860 1420 ad
878 1379 990 1442 caprae
1004 1358 1096 1443 -palu-

63 1451 134 1515 dem
148 1449 294 1529 haberet,
314 1450 418 1516 subito
426 1460 539 1516 coorta
553 1458 727 1536 tempestas
746 1472 817 1514 cum
836 1473 952 1537 magno
969 1451 1095 1537 fragore

59 1544 292 1628 tonitribusque
316 1555 382 1610 tarn
409 1545 507 1610 denso
533 1567 641 1632 regem
668 1544 790 1630 operuit
815 1545 937 1624 nimbo,
964 1556 1000 1610 ut
1022 1568 1096 1611 con-

61 1648 206 1725 spectum
232 1639 300 1704 eius
327 1639 464 1704 contioni
490 1638 663 1705 abstulerit.
707 1661 766 1705 nes
791 1639 909 1703 deiude
938 1640 973 1704 in
1004 1640 1094 1704 terris

59 1730 217 1800 Romulus
244 1733 313 1798 fuit.
357 1733 502 1798 Romana
537 1733 638 1819 pubes
678 1732 787 1798 sedato
814 1734 940 1797 tandem
966 1756 1092 1819 pavore,
1113 1755 1127 1800 2

60 1839 230 1915 postquam
245 1849 285 1892 ex
297 1836 367 1892 tam
380 1826 505 1893 turbido
523 1827 574 1892 die
592 1849 703 1893 serena
720 1837 752 1892 et
768 1827 935 1911 tranquilla
951 1827 1008 1892 lux
1024 1828 1095 1892 red-

59 1923 107 2002 iit,
128 1921 192 1988 ¹ubi
214 1943 348 1987 vacuam
370 1923 479 1986 sedem
504 1922 624 2008 regiam
646 1923 738 2001 vidit,
766 1923 826 1987 etsi
848 1922 924 1987 satis
948 1922 1095 1987 credebat

59 2017 216 2103 patribus,
244 2017 299 2100 qui
323 2017 470 2102 proxumi
493 2026 655 2095 steterant,
683 2017 850 2082 sublimem
872 2026 996 2102 raptum
1022 2039 1095 2102 pro-
1149 2019 1151 2024 ’

61 2112 153 2189 oolla,
168 2121 280 2176 tamen
293 2111 380 2175 velut
393 2110 535 2176 orbitatis
549 2121 635 2176 metu
648 2111 711 2176 icta
727 2124 883 2176 maestum
901 2111 1094 2195 aliquamdiu

61 2204 222 2272 silentium
243 2205 391 2270 ‘obtinuit
427 2204 554 2284 deinde,
582 2206 731 2291 apauois
758 2205 846 2270 initio
872 2205 971 2284 facto,
1000 2207 1127 2272 deum3

60 2300 117 2366 deo
139 2310 266 2377 natum,
289 2321 400 2386 regem
417 2309 646 2385 ⁴parentemque
673 2298 761 2363 urbis
783 2299 946 2364 Romanae
974 2299 1094 2364 salvere

58 2389 200 2461 milversi
211 2390 389 2459 Romulum
405 2393 528 2471 iubent,
547 2417 658 2480 pacem
675 2392 822 2479 precihus
841 2404 1029 2478 exposcunt,
1048 2393 1095 2457 uti

59 2491 169 2556 volens
187 2488 342 2575 propitius
362 2511 451 2554 suam
470 2512 594 2576 semper
612 2489 745 2574 sospitet
761 2489 954 2575 progeniem.
994 2487 1094 2552 fuisse
1112 2509 1129 2554 4

10 2590 12 2641 ἱ
61 2580 242 2650 credo'tum
260 2604 385 2668 quoque
403 2583 540 2668 aliquos,
563 2584 618 2668 qui
636 2584 828 2669 discerptum
845 2604 953 2669 regem
970 2591 1096 2667 patrum

10 2730 15 2739 .
60 2676 206 2745 manibus
226 2677 509 2766 tacitiarguerent:
528 2678 667 2744 manavit
686 2679 769 2743 enim
787 2679 865 2743 haec
884 2699 1018 2762 quoque,
1039 2676 1096 2742 sed

61 2772 308 2851 obscura'iama3
325 2772 561 2839 illamalteram
580 2774 744 2838 admiratio
762 2774 822 2838 viri
841 2783 872 2838 et
889 2795 989 2859 pavor
1005 2793 1096 2858 prae-

62 2888 132 2936 sens
147 2863 341 2934 nobilitavit.

120 2958 168 3030 Et
182 2960 314 3028 consilio
327 2962 527 3028 eliamunirs
542 2962 678 3028 hominis
689 2963 799 3027 addita
811 2963 986 3027 rei-dicitur
997 2962 1092 3026 ¹tides.
1113 2981 1128 3027 5

56 3075 196 3144 ‘namque
213 3054 370 3124 Proculus
377 3056 504 3136 lulius,
532 3058 664 3124 sollicita
683 3057 811 3122 civitate
828 3057 989 3122 'desiderio
1010 3056 1095 3142 regis

61 3163 91 3219 et
107 3154 235 3219 irriensa
255 3152 411 3239 patribus,
435 3154 555 3241 gravis,
577 3163 613 3218 ut
630 3153 776 3230 traditur,
798 3151 943 3236 quamvis
955 3172 1096 3236 magnae

10 3256 17 3331 :⁸
61 3242 232 3314 re'iauctor
248 3248 282 3312 in
294 3248 605 3334 'contionemprodit
639 3246 832 3325 ‘Romulus,'
850 3245 953 3329 inquit
972 3243 1094 3328 ‘'Quiri·
1113 3264 1128 3311 s

10 3338 16 3407 ’ζ
63 3352 105 3409 tes
110 3362 256 3430 ,parens
275 3339 361 3408 uibis
374 3342 487 3420 buius,
506 3343 607 3429 prima
620 3342 772 3407 hodierna
783 3342 854 3407 luce
868 3340 955 3405 eaelo
967 3348 1096 3426 repente

10 3484 12 3489 -
66 3434 210 3525 delapsus
240 3456 275 3502 se
297 3434 378 3502 mihi
403 3437 532 3504 obvium
558 3437 654 3503 dedit.
694 3459 767 3502 cum
793 3436 941 3523 perfusus
968 3436 1096 3501 horrore

63 3531 303 3598 venerabundus
326 3532 532 3610 adstitissem,
555 3541 665 3618 petens
681 3531 845 3618 precibus,
868 3541 904 3596 ut
922 3541 1031 3596 contra
1048 3530 1096 3593 in-

62 3624 206 3693 tueri'fas
225 3636 325 3692 esset:
349 3626 440 3705 “abi,
463 3626 593 3691 nuntia'’
611 3627 712 3710 inquit
731 3626 922 3703 “Romanis‚
943 3624 1095 3690 caelestes
1115 3643 1128 3692 7

60 3720 214 3800 itavelle,
231 3731 274 3786 ut
291 3743 363 3786 mea
378 3720 483 3787 Roma
500 3731 594 3807 caput
611 3720 695 3787 orbis
714 3730 866 3785 terrarum
888 3720 941 3798 sit,
954 3717 1096 3805 proinde

60 3838 124 3901 rem
152 3815 324 3881 militarem
354 3815 458 3881 colant
485 3816 647 3900 sciantque
674 3824 706 3879 et
730 3815 775 3881 ita
800 3813 934 3901 posteris
961 3814 1095 3888 tradant,

61 3911 159 3978 nullas
192 3932 271 3998 opes
295 3909 456 3989 ¹‚humanas
488 3911 582 3976 armis
613 3910 767 3976 Romanis
790 3909 943 3975 resistere
969 3902 1096 3993 posse.'’

60 4003 271 4093 haec'inquit
290 4002 427 4072 ‘locutus
446 4005 588 4073 sublimis
608 4004 702 4070 abiit!
737 4005 852 4069 mirum
875 4009 1027 4086 quantum
1049 3996 1095 4061 illi
1113 4017 1128 4064 8

887 4102 922 4155 2⁸
