2566 4524
146 227 212 292 270
412 237 530 292 LIBER
546 238 582 309 V,
600 236 698 292 18.19.
717 239 755 306 [a.
764 253 794 291 u.
806 251 830 291 c.
839 234 904 305 858]

147 397 285 483 collegas
299 396 426 462 eosdem
439 395 565 460 reficitis
580 395 674 459 etiam
686 416 748 459 usu
761 393 906 459 meliores
919 392 1033 472 factos,
1051 416 1103 460 me
1113 395 1167 461 iam

146 491 362 568 noneundcm,
383 491 438 555 sed
448 488 591 554 umbram
600 487 931 571 nomenqueP.Licini
939 486 1086 554 relictum
1093 490 1167 556 vidc-

147 586 197 650 tis.
220 585 303 651 vires
317 583 454 670 corporis
467 584 620 660 adfectae,
640 605 751 647 sensus
766 583 928 647 oculorum
942 593 1039 668 atque
1058 585 1166 650 aurium

113 700 129 749 5
146 679 290 757 hebetes,
309 678 457 743 memoria
475 677 573 754 labat,
592 678 684 764 vigor
700 676 796 743 animi
814 677 980 743 obtunsus.
1011 700 1054 743 en
1071 677 1165 756 vobis}

147 774 248 857 inquit
257 773 402 837 iuvenem
411 771 510 836 lilium
519 782 638 848 tenens,
654 770 807 857 ‘effigiem
816 780 909 854 atque
918 771 1093 859 imaginem
1100 772 1166 850 eius,

148 889 242 950 quem
255 889 312 932 vos
325 881 418 931 antea
431 866 591 931 tribunum
604 865 738 929 militum
751 865 891 950 explebe
900 865 1041 951 primum
1049 865 1163 932 fecistis.

147 960 232 1025 hunc
245 983 305 1047 ego
318 961 495 1025 institutum
508 960 673 1046 disciplina
687 981 757 1024 mea
770 959 921 1024 vicanum
929 981 988 1044 pro
1003 983 1057 1026 me
1069 960 1165 1046 reipu-

148 1054 248 1121 blicae
267 1055 308 1120 do
326 1056 467 1139 dicoque,
487 1077 608 1138 vosque
625 1076 753 1138 quaeso,
774 1051 924 1136 Quirites,
943 1053 1086 1119 delatum
1101 1052 1164 1119 mihi

147 1149 228 1214 ultro
242 1149 391 1215 honorem
405 1150 478 1214 huic
487 1149 605 1235 petenti
619 1149 759 1232 meisque
773 1170 830 1233 pro
839 1171 877 1213 eo
891 1148 1024 1215 adiectis
1033 1149 1162 1235 precibus

115 1265 129 1314 6
148 1244 323 1310 mandetis.⁹
345 1245 453 1309 datum
467 1244 500 1309 id
512 1244 630 1329 petenti
643 1243 733 1329 patri,
752 1242 898 1326 filiusque
907 1243 976 1308 eius
986 1242 1025 1309 P.
1035 1243 1162 1309 Licinius

147 1338 291 1403 tribunus
308 1338 443 1402 militum
462 1337 618 1403 consulari
635 1346 789 1421 potestate
807 1359 879 1403 cum
901 1336 955 1414 iis,
981 1358 1063 1420 quos
1086 1358 1166 1422 supra

114 1453 129 1499 7
149 1433 341 1517 scripsimus,
361 1433 546 1497 declaratus.
574 1431 710 1496 Titinius
726 1428 951 1515 Genuciusque
964 1429 1083 1495 tribuni
1098 1429 1165 1495 mili·

148 1534 215 1589 tum
233 1527 364 1611 profecti
382 1527 533 1591 adversus
547 1525 688 1591 Faliscos
703 1523 954 1609 Capenatesque,
973 1525 1052 1590 dum
1063 1524 1165 1591 bellum

148 1621 265 1684 maiore
283 1621 388 1685 animo
406 1631 519 1707 gerunt
540 1643 637 1704 quam
660 1620 803 1698 consilio,
825 1620 1074 1706 praecipitavere
1094 1619 1162 1687 sein

113 1731 129 1781 8
147 1712 288 1778 insidias.
326 1711 487 1780 Genucius
506 1725 605 1779 morte
623 1715 756 1779 honesta
773 1715 980 1780 temeritatem
998 1714 1090 1780 luens
1105 1722 1163 1780 ante
1201 1788 1203 1795 Ι

149 1810 240 1896 signa
257 1810 337 1874 inter
353 1811 505 1896 primores
524 1809 649 1874 cecidit:
673 1808 809 1873 Titinius
831 1809 865 1872 in
886 1809 1007 1873 editum
1025 1808 1163 1875 tumulum

149 1926 188 1969 ex
206 1903 304 1967 multa
321 1904 525 1988 trepidatione
539 1902 689 1967 militibus
704 1902 841 1967 collectis
857 1924 960 1967 acrem
972 1903 1106 1969 restituit
1115 1920 1162 1965 nec

113 2015 129 2064 9
148 2019 183 2061 se
201 2007 305 2060 tamen
324 2018 423 2079 aequo
440 1996 509 2060 loco
528 1996 611 2060 hosti
629 1996 793 2060 commisit.
820 1996 892 2082 plus
906 1996 1098 2082 ignominiae
1110 2002 1163 2060 erat

148 2113 244 2174 quam
266 2090 363 2154 cladis
386 2101 563 2176 acceptum,
590 2113 670 2175 quae
692 2113 789 2177 prope
811 2091 845 2155 in
871 2091 994 2156 cladem
1019 2092 1163 2180 ingentem

149 2185 255 2249 vertitt
275 2193 397 2249 tantum
414 2185 487 2249 inde
505 2185 631 2250 terroris
649 2207 714 2249 non
731 2185 852 2250 Romae
869 2186 974 2264 modo,
994 2208 1058 2271 quo
1074 2182 1162 2251 multi·

147 2279 221 2364 plex
239 2279 324 2344 fama
340 2290 533 2364 pervenerat,
553 2280 609 2345 sed
626 2280 659 2344 in
677 2280 787 2345 castris
800 2302 925 2363 quoque
939 2280 1001 2346 fuit
1014 2282 1057 2346 ad
1069 2279 1161 2346 Veios.

98 2394 130 2442 10
149 2396 241 2459 aegre
258 2373 303 2437 ibi
321 2373 410 2438 miles
428 2384 566 2439 retentus
590 2399 609 2439 a
631 2374 710 2459 fuga
732 2383 794 2452 est,
822 2396 895 2438 eum
916 2375 1108 2461 pervasisset
1122 2394 1162 2437 ca·

149 2478 214 2533 stra
230 2490 349 2545 rumor,
374 2468 507 2534 ducibus
527 2469 726 2551 exercituque
746 2491 839 2534 caeso
862 2469 1014 2535 victorem
1034 2468 1162 2556 Capena·

148 2572 212 2627 tem
225 2585 262 2627 ac
275 2563 435 2629 Faliscum
448 2562 656 2646 Etruriaeque
670 2585 795 2627 omnem
808 2564 1003 2628 iuventutem
1016 2563 1094 2629 haut
1104 2581 1162 2649 pro·

97 2677 127 2725 11
148 2656 198 2722 cul
216 2657 289 2721 inde
307 2656 428 2721 abesse.
460 2657 510 2721 his
529 2657 768 2721 tumultuosiora
784 2658 915 2736 Romae,
933 2658 999 2723 iam
1017 2650 1161 2724 castraad

147 2750 245 2815 Veios
264 2751 451 2836 oppugnari,
480 2751 542 2815 iam
560 2763 681 2836 partem
698 2751 837 2816 hostium
858 2752 986 2818 tendere
1008 2754 1052 2818 ad
1068 2750 1161 2818 urbem

148 2844 272 2929 agmine
290 2844 405 2908 infesto
424 2846 627 2923 crediderant,
646 2868 896 2930 concursumque
913 2846 947 2911 in
964 2870 1073 2913 muros
1086 2848 1162 2912 estet

147 2948 366 3015 matronarum,
387 2962 464 3023 quas
484 2963 523 3004 ex
539 2941 632 3006 domo
647 2941 823 3006 conciverat
836 2940 981 3024 publicus
995 2963 1102 3027 pavor,
1118 2935 1162 3002 ob·

148 3032 335 3097 sacrationes
353 3033 387 3097 in
405 3034 528 3120 templis
547 3034 649 3099 factae
670 3033 880 3120 precibusque
902 3033 942 3099 ab
961 3036 1011 3100 dis
1034 3034 1159 3120 petitum,

97 3147 128 3195 12
146 3137 182 3191 ut
199 3127 328 3193 exitium
347 3127 386 3193 ab
405 3128 491 3194 urbis
510 3130 601 3194 tectis
620 3128 807 3213 templisque
825 3150 862 3193 ac
879 3129 1046 3195 moenibus
1060 3128 1161 3193 Roma·

145 3222 195 3286 nis
213 3234 353 3289 arcerent
370 3222 531 3307 Veiosque
554 3246 626 3288 eum
649 3231 824 3288 averterent
845 3231 1010 3302 terrorem,
1038 3223 1067 3288 si
1088 3237 1159 3286 sacra

145 3329 294 3382 renovata
311 3319 379 3396 rite,
398 3320 425 3383 si
442 3326 609 3402 procurata
625 3317 770 3403 prodigia
788 3326 902 3382 essent.

113 3432 126 3479 1
208 3410 358 3475 XVIIII.
382 3413 451 3478 Iam
465 3413 531 3476 ludi
544 3412 742 3495 Latinaeque
756 3410 929 3476 instaurata
942 3420 1041 3490 erant,
1059 3411 1118 3475 iam
1128 3424 1157 3469 cx

145 3503 216 3568 lacu
233 3503 361 3569 Albano
379 3529 461 3589 aqua
479 3507 595 3572 emissa
612 3507 644 3570 in
662 3529 765 3592 agros,
785 3505 945 3589 Veiosque
964 3505 1032 3571 fata
1048 3505 1157 3590 adpete-

112 3618 126 3664 2
145 3597 230 3662 bant.
253 3598 349 3684 igitur
366 3599 469 3664 fatalis
485 3601 549 3664 dux
563 3601 608 3664 ad'
617 3600 773 3665 excidium
787 3599 871 3664 illius
886 3599 975 3665 urbis
990 3596 1155 3666 servandae·

145 3713 207 3774 que
224 3693 343 3777 patriae
356 3693 403 3758 M.
417 3695 532 3760 Furius
551 3693 705 3760 Camillus
723 3695 855 3759 dictator
872 3694 976 3760 dicans
989 3693 1153 3780 magistrum

112 3808 127 3855 s
146 3786 286 3869 equitum
295 3786 332 3852 P.
344 3787 527 3854 Cornelium
538 3787 718 3874 Scipionem
733 3789 820 3853 dixit.
844 3788 950 3853 omnia
962 3795 1089 3874 repente
1100 3800 1152 3846 mu·

145 3890 287 3946 taverant
304 3883 490 3968 imperatore
508 3893 641 3948 mutato:
661 3883 722 3948 alia
741 3906 823 3968 spes,
842 3883 923 3947 alius
937 3882 1059 3947 animus
1072 3870 1152 3943 homi·

111 3996 128 4042 4
145 3999 231 4055 num,
250 3978 377 4043 fortuna
387 4001 513 4064 quoque
526 3980 587 4044 alia
600 3979 686 4044 urbis
700 3979 808 4044 videri.
836 3978 979 4042 omnium
991 3966 1149 4064 primumin
