<?xml version="1.0" encoding="UTF-8"?>
<!DOCTYPE html PUBLIC "-//W3C//DTD XHTML 1.0 Transitional//EN"
    "http://www.w3.org/TR/xhtml1/DTD/xhtml1-transitional.dtd">
<html xmlns="http://www.w3.org/1999/xhtml" xml:lang="en" lang="en">
 <head>
  <title>
</title>
<meta http-equiv="Content-Type" content="text/html;charset=utf-8" />
  <meta name='ocr-system' content='tesseract 3.04.00' />
  <meta name='ocr-capabilities' content='ocr_page ocr_carea ocr_par ocr_line ocrx_word'/>
</head>
<body>
  <div class='ocr_page' id='page_1' title='image "./titiliviaburbec01weisgoog_0625.png"; bbox 0 0 2566 4524; ppageno 0'>
   <div class='ocr_carea' id='block_1_1' title="bbox 192 239 1009 323">
    <p class='ocr_par' dir='ltr' id='par_1_1' title="bbox 192 239 1009 323">
     <span class='ocr_line' id='line_1_1' title="bbox 192 239 1009 323; baseline 0 -17"><span class='ocrx_word' id='word_1_1' title='bbox 192 239 258 306; x_wconf 72' lang='lat'>370</span> <span class='ocrx_word' id='word_1_2' title='bbox 407 248 526 304; x_wconf 76' lang='lat' dir='ltr'>Lusus</span> <span class='ocrx_word' id='word_1_3' title='bbox 544 249 614 321; x_wconf 86' lang='lat' dir='ltr'>vn,</span> <span class='ocrx_word' id='word_1_4' title='bbox 633 250 674 305; x_wconf 88' lang='lat'>19.</span> <span class='ocrx_word' id='word_1_5' title='bbox 687 249 730 306; x_wconf 78' lang='lat'>20.</span> <span class='ocrx_word' id='word_1_6' title='bbox 751 252 788 322; x_wconf 79' lang='lat' dir='ltr'>[a.</span> <span class='ocrx_word' id='word_1_7' title='bbox 797 267 825 306; x_wconf 82' lang='lat' dir='ltr'>u.</span> <span class='ocrx_word' id='word_1_8' title='bbox 836 266 860 306; x_wconf 67' lang='grc' dir='ltr'>ο.</span> <span class='ocrx_word' id='word_1_9' title='bbox 868 249 928 306; x_wconf 81' lang='lat'>401.</span> <span class='ocrx_word' id='word_1_10' title='bbox 942 250 1009 323; x_wconf 72' lang='lat' dir='ltr'>roa]</span> 
     </span>
    </p>
   </div>
   <div class='ocr_carea' id='block_1_2' title="bbox 192 392 1233 501">
    <p class='ocr_par' dir='ltr' id='par_1_2' title="bbox 192 392 1233 501">
     <span class='ocr_line' id='line_1_2' title="bbox 192 392 1233 501; baseline 0.002 -22"><span class='ocrx_word' id='word_1_11' title='bbox 192 435 305 501; x_wconf 81' lang='lat' dir='ltr'>agrum</span> <span class='ocrx_word' id='word_1_12' title='bbox 323 412 405 476; x_wconf 86' lang='lat' dir='ltr'>eirea</span> <span class='ocrx_word' id='word_1_13' title='bbox 422 409 583 476; x_wconf 76' lang='lat' dir='ltr'>Romanas</span> <span class='ocrx_word' id='word_1_14' title='bbox 602 408 716 474; x_wconf 85' lang='lat' dir='ltr'>salinas</span> <span class='ocrx_word' id='word_1_15' title='bbox 734 409 933 495; x_wconf 82' lang='lat' dir='ltr'>praedaeque</span> <span class='ocrx_word' id='word_1_16' title='bbox 949 420 1074 497; x_wconf 78' lang='lat' dir='ltr'>partem</span> <span class='ocrx_word' id='word_1_17' title='bbox 1090 413 1124 479; x_wconf 85' lang='lat' dir='ltr'>in</span> <span class='ocrx_word' id='word_1_18' title='bbox 1140 410 1207 480; x_wconf 78' lang='lat' dir='ltr'>Cae·</span> <span class='ocrx_word' id='word_1_19' title='bbox 1231 392 1233 409; x_wconf 42' lang='grc' dir='ltr'>Ι</span> 
     </span>
    </p>
   </div>
   <div class='ocr_carea' id='block_1_3' title="bbox 41 503 1213 4106">
    <p class='ocr_par' dir='ltr' id='par_1_3' title="bbox 41 503 1213 4106">
     <span class='ocr_line' id='line_1_3' title="bbox 192 503 1207 597; baseline 0.001 -23"><span class='ocrx_word' id='word_1_20' title='bbox 192 511 287 574; x_wconf 88' lang='lat' dir='ltr'>ritum</span> <span class='ocrx_word' id='word_1_21' title='bbox 303 505 383 572; x_wconf 80' lang='lat' dir='ltr'>fines</span> <span class='ocrx_word' id='word_1_22' title='bbox 402 514 543 571; x_wconf 76' lang='lat' dir='ltr'>avectam</span> <span class='ocrx_word' id='word_1_23' title='bbox 561 512 592 570; x_wconf 87' lang='lat' dir='ltr'>et</span> <span class='ocrx_word' id='word_1_24' title='bbox 608 503 695 569; x_wconf 86' lang='lat' dir='ltr'>haud</span> <span class='ocrx_word' id='word_1_25' title='bbox 711 503 806 570; x_wconf 89' lang='lat' dir='ltr'>dubie</span> <span class='ocrx_word' id='word_1_26' title='bbox 823 504 1021 575; x_wconf 85' lang='lat' dir='ltr'>iuventutem·</span> <span class='ocrx_word' id='word_1_27' title='bbox 1033 506 1101 574; x_wconf 83' lang='lat' dir='ltr'>eius</span> <span class='ocrx_word' id='word_1_28' title='bbox 1111 506 1207 597; x_wconf 88' lang='lat' dir='ltr'>populi</span> 
     </span>
     <span class='ocr_line' id='line_1_4' title="bbox 160 596 1207 688; baseline 0 -20"><span class='ocrx_word' id='word_1_29' title='bbox 160 619 174 668; x_wconf 85' lang='lat'>9</span> <span class='ocrx_word' id='word_1_30' title='bbox 191 601 482 688; x_wconf 85' lang='lat' dir='ltr'>interpraedatures</span> <span class='ocrx_word' id='word_1_31' title='bbox 490 598 600 664; x_wconf 79' lang='lat' dir='ltr'>fuisse.</span> <span class='ocrx_word' id='word_1_32' title='bbox 625 598 731 684; x_wconf 84' lang='lat' dir='ltr'>itaque</span> <span class='ocrx_word' id='word_1_33' title='bbox 739 596 904 665; x_wconf 84' lang='lat' dir='ltr'>Valerium</span> <span class='ocrx_word' id='word_1_34' title='bbox 913 600 1207 682; x_wconf 85' lang='lat' dir='ltr'>oonsulem,Volseis</span> 
     </span>
     <span class='ocr_line' id='line_1_5' title="bbox 77 690 1207 784; baseline 0 -21"><span class='ocrx_word' id='word_1_35' title='bbox 77 732 82 741; x_wconf 93' lang='lat'>·</span> <span class='ocrx_word' id='word_1_36' title='bbox 193 696 373 784; x_wconf 88' lang='lat' dir='ltr'>oppositum</span> <span class='ocrx_word' id='word_1_37' title='bbox 390 702 555 777; x_wconf 79' lang='lat' dir='ltr'>castraque</span> <span class='ocrx_word' id='word_1_38' title='bbox 572 692 613 758; x_wconf 86' lang='lat' dir='ltr'>ad</span> <span class='ocrx_word' id='word_1_39' title='bbox 630 692 725 758; x_wconf 89' lang='lat' dir='ltr'>finem</span> <span class='ocrx_word' id='word_1_40' title='bbox 739 690 956 760; x_wconf 84' lang='lat' dir='ltr'>Tusculanum</span> <span class='ocrx_word' id='word_1_41' title='bbox 973 692 1154 776; x_wconf 81' lang='lat' dir='ltr'>habentem,</span> <span class='ocrx_word' id='word_1_42' title='bbox 1168 712 1207 763; x_wconf 74' lang='lat' dir='ltr'>rs·</span> 
     </span>
     <span class='ocr_line' id='line_1_6' title="bbox 143 782 1205 859; baseline -0.002 0"><span class='ocrx_word' id='word_1_43' title='bbox 143 808 176 859; x_wconf 84' lang='lat'>10</span> <span class='ocrx_word' id='word_1_44' title='bbox 194 798 341 857; x_wconf 85' lang='lat' dir='ltr'>voestnm</span> <span class='ocrx_word' id='word_1_45' title='bbox 361 788 437 853; x_wconf 86' lang='lat' dir='ltr'>inde</span> <span class='ocrx_word' id='word_1_46' title='bbox 458 794 586 854; x_wconf 86' lang='lat' dir='ltr'>senatus</span> <span class='ocrx_word' id='word_1_47' title='bbox 609 786 792 852; x_wconf 74' lang='lat' dir='ltr'>dietatorem</span> <span class='ocrx_word' id='word_1_48' title='bbox 808 786 914 854; x_wconf 80' lang='lat' dir='ltr'>dicere</span> <span class='ocrx_word' id='word_1_49' title='bbox 931 788 1035 856; x_wconf 75' lang='lat' dir='ltr'>iussit.</span> <span class='ocrx_word' id='word_1_50' title='bbox 1071 786 1112 857; x_wconf 80' lang='grc' dir='ltr'>Τ.</span> <span class='ocrx_word' id='word_1_51' title='bbox 1127 782 1205 856; x_wconf 80' lang='lat' dir='ltr'>Man·</span> 
     </span>
     <span class='ocr_line' id='line_1_7' title="bbox 193 880 1206 972; baseline 0.002 -22"><span class='ocrx_word' id='word_1_52' title='bbox 193 885 269 950; x_wconf 91' lang='lat' dir='ltr'>lium</span> <span class='ocrx_word' id='word_1_53' title='bbox 310 883 352 948; x_wconf 87' lang='lat' dir='ltr'>L.</span> <span class='ocrx_word' id='word_1_54' title='bbox 375 882 475 948; x_wconf 87' lang='lat' dir='ltr'>fllium</span> <span class='ocrx_word' id='word_1_55' title='bbox 516 880 603 946; x_wconf 82' lang='lat' dir='ltr'>dixit</span> <span class='ocrx_word' id='word_1_56' title='bbox 642 881 671 946; x_wconf 87' lang='lat' dir='ltr'>is</span> <span class='ocrx_word' id='word_1_57' title='bbox 693 900 766 946; x_wconf 87' lang='lat' dir='ltr'>aum</span> <span class='ocrx_word' id='word_1_58' title='bbox 788 880 850 951; x_wconf 87' lang='lat' dir='ltr'>sibi</span> <span class='ocrx_word' id='word_1_59' title='bbox 871 884 1062 971; x_wconf 81' lang='lat' dir='ltr'>magistrum</span> <span class='ocrx_word' id='word_1_60' title='bbox 1084 885 1206 972; x_wconf 79' lang='lat' dir='ltr'>equum</span> 
     </span>
     <span class='ocr_line' id='line_1_8' title="bbox 193 975 1204 1056; baseline -0.002 -11"><span class='ocrx_word' id='word_1_61' title='bbox 193 978 236 1046; x_wconf 84' lang='lat' dir='ltr'>A.</span> <span class='ocrx_word' id='word_1_62' title='bbox 259 976 443 1044; x_wconf 84' lang='lat' dir='ltr'>Cornelium</span> <span class='ocrx_word' id='word_1_63' title='bbox 466 975 605 1043; x_wconf 80' lang='lat' dir='ltr'>Cossum</span> <span class='ocrx_word' id='word_1_64' title='bbox 626 976 772 1056; x_wconf 74' lang='lat' dir='ltr'>dixisset,</span> <span class='ocrx_word' id='word_1_65' title='bbox 799 978 956 1044; x_wconf 78' lang='lat' dir='ltr'>consulari</span> <span class='ocrx_word' id='word_1_66' title='bbox 982 978 1124 1045; x_wconf 82' lang='lat' dir='ltr'>exeruitu</span> <span class='ocrx_word' id='word_1_67' title='bbox 1145 1002 1204 1045; x_wconf 88' lang='lat' dir='ltr'>oon-</span> 
     </span>
     <span class='ocr_line' id='line_1_9' title="bbox 193 1070 1207 1160; baseline 0 -22"><span class='ocrx_word' id='word_1_68' title='bbox 193 1082 298 1139; x_wconf 85' lang='lat' dir='ltr'>tentus</span> <span class='ocrx_word' id='word_1_69' title='bbox 325 1094 366 1138; x_wconf 83' lang='lat' dir='ltr'>ex</span> <span class='ocrx_word' id='word_1_70' title='bbox 391 1071 574 1138; x_wconf 80' lang='lat' dir='ltr'>auctoritate</span> <span class='ocrx_word' id='word_1_71' title='bbox 598 1080 724 1156; x_wconf 89' lang='lat' dir='ltr'>patrum</span> <span class='ocrx_word' id='word_1_72' title='bbox 746 1092 783 1137; x_wconf 88' lang='lat' dir='ltr'>ao</span> <span class='ocrx_word' id='word_1_73' title='bbox 803 1072 913 1160; x_wconf 90' lang='lat' dir='ltr'>populi</span> <span class='ocrx_word' id='word_1_74' title='bbox 932 1073 1025 1140; x_wconf 88' lang='lat' dir='ltr'>iussu</span> <span class='ocrx_word' id='word_1_75' title='bbox 1042 1070 1207 1141; x_wconf 74' lang='lat' dir='ltr'>Caeritibus</span> 
     </span>
     <span class='ocr_line' id='line_1_10' title="bbox 192 1166 451 1235; baseline -0.012 0"><span class='ocrx_word' id='word_1_76' title='bbox 192 1168 313 1235; x_wconf 85' lang='lat' dir='ltr'>bellum</span> <span class='ocrx_word' id='word_1_77' title='bbox 328 1166 451 1232; x_wconf 86' lang='lat' dir='ltr'>indixit.</span> 
     </span>
     <span class='ocr_line' id='line_1_11' title="bbox 160 1261 1207 1350; baseline -0.001 -19"><span class='ocrx_word' id='word_1_78' title='bbox 160 1288 173 1336; x_wconf 90' lang='lat'>1</span> <span class='ocrx_word' id='word_1_79' title='bbox 256 1263 340 1331; x_wconf 91' lang='lat' dir='ltr'>XX.</span> <span class='ocrx_word' id='word_1_80' title='bbox 378 1262 463 1328; x_wconf 81' lang='lat' dir='ltr'>Tum</span> <span class='ocrx_word' id='word_1_81' title='bbox 478 1263 615 1350; x_wconf 88' lang='lat' dir='ltr'>primum</span> <span class='ocrx_word' id='word_1_82' title='bbox 634 1261 791 1341; x_wconf 81' lang='lat' dir='ltr'>Caerites,</span> <span class='ocrx_word' id='word_1_83' title='bbox 813 1273 974 1348; x_wconf 84' lang='lat' dir='ltr'>tamquam</span> <span class='ocrx_word' id='word_1_84' title='bbox 991 1264 1026 1330; x_wconf 84' lang='lat' dir='ltr'>in</span> <span class='ocrx_word' id='word_1_85' title='bbox 1041 1264 1146 1332; x_wconf 84' lang='lat' dir='ltr'>verbis</span> <span class='ocrx_word' id='word_1_86' title='bbox 1161 1262 1207 1330; x_wconf 91' lang='lat' dir='ltr'>bo-</span> 
     </span>
     <span class='ocr_line' id='line_1_12' title="bbox 96 1351 1207 1446; baseline 0.003 -23"><span class='ocrx_word' id='word_1_87' title='bbox 96 1386 116 1423; x_wconf 78' lang='lat'><strong>·</strong></span> <span class='ocrx_word' id='word_1_88' title='bbox 194 1362 289 1428; x_wconf 86' lang='lat' dir='ltr'>stium</span> <span class='ocrx_word' id='word_1_89' title='bbox 309 1359 359 1425; x_wconf 83' lang='lat' dir='ltr'>ris</span> <span class='ocrx_word' id='word_1_90' title='bbox 380 1358 481 1424; x_wconf 83' lang='lat' dir='ltr'>maior</span> <span class='ocrx_word' id='word_1_91' title='bbox 502 1358 543 1424; x_wconf 89' lang='lat' dir='ltr'>ad</span> <span class='ocrx_word' id='word_1_92' title='bbox 564 1355 683 1422; x_wconf 84' lang='lat' dir='ltr'>ballum</span> <span class='ocrx_word' id='word_1_93' title='bbox 706 1351 946 1444; x_wconf 77' lang='lat' dir='ltr'>significandum</span> <span class='ocrx_word' id='word_1_94' title='bbox 972 1378 1071 1446; x_wconf 88' lang='lat' dir='ltr'>quam</span> <span class='ocrx_word' id='word_1_95' title='bbox 1095 1361 1129 1426; x_wconf 82' lang='lat' dir='ltr'>in</span> <span class='ocrx_word' id='word_1_96' title='bbox 1152 1359 1207 1426; x_wconf 85' lang='lat' dir='ltr'>sois</span> 
     </span>
     <span class='ocr_line' id='line_1_13' title="bbox 193 1448 1205 1540; baseline 0 -19"><span class='ocrx_word' id='word_1_97' title='bbox 193 1455 301 1534; x_wconf 70' lang='lat' dir='ltr'>botis,</span> <span class='ocrx_word' id='word_1_98' title='bbox 320 1454 375 1538; x_wconf 90' lang='lat' dir='ltr'>qui</span> <span class='ocrx_word' id='word_1_99' title='bbox 391 1472 448 1540; x_wconf 90' lang='lat' dir='ltr'>per</span> <span class='ocrx_word' id='word_1_100' title='bbox 463 1451 698 1539; x_wconf 83' lang='lat' dir='ltr'>populationem</span> <span class='ocrx_word' id='word_1_101' title='bbox 711 1448 873 1518; x_wconf 84' lang='lat' dir='ltr'>Romanos</span> <span class='ocrx_word' id='word_1_102' title='bbox 890 1453 1109 1535; x_wconf 73' lang='lat' dir='ltr'>lacessissent,</span> <span class='ocrx_word' id='word_1_103' title='bbox 1128 1463 1205 1531; x_wconf 78' lang='lat' dir='ltr'>esset,</span> 
     </span>
     <span class='ocr_line' id='line_1_14' title="bbox 41 1547 1208 1632; baseline -0.002 -16"><span class='ocrx_word' id='word_1_104' title='bbox 41 1626 45 1631; x_wconf 47' lang='grc'><strong>,</strong></span> <span class='ocrx_word' id='word_1_105' title='bbox 192 1568 287 1616; x_wconf 75' lang='lat' dir='ltr'>rems</span> <span class='ocrx_word' id='word_1_106' title='bbox 305 1547 380 1614; x_wconf 89' lang='lat' dir='ltr'>belli</span> <span class='ocrx_word' id='word_1_107' title='bbox 395 1552 496 1612; x_wconf 87' lang='lat' dir='ltr'>terror</span> <span class='ocrx_word' id='word_1_108' title='bbox 512 1547 643 1625; x_wconf 82' lang='lat' dir='ltr'>invasit3</span> <span class='ocrx_word' id='word_1_109' title='bbox 661 1555 692 1612; x_wconf 84' lang='lat' dir='ltr'>et</span> <span class='ocrx_word' id='word_1_110' title='bbox 709 1565 807 1632; x_wconf 86' lang='lat' dir='ltr'>quarn</span> <span class='ocrx_word' id='word_1_111' title='bbox 824 1566 888 1613; x_wconf 86' lang='lat' dir='ltr'>uun</span> <span class='ocrx_word' id='word_1_112' title='bbox 906 1566 1036 1615; x_wconf 83' lang='lat' dir='ltr'>suarum</span> <span class='ocrx_word' id='word_1_113' title='bbox 1050 1548 1163 1616; x_wconf 88' lang='lat' dir='ltr'>virium</span> <span class='ocrx_word' id='word_1_114' title='bbox 1178 1570 1208 1614; x_wconf 88' lang='lat' dir='ltr'>eo</span> 
     </span>
     <span class='ocr_line' id='line_1_15' title="bbox 159 1640 1208 1731; baseline -0.004 -18"><span class='ocrx_word' id='word_1_115' title='bbox 159 1642 352 1714; x_wconf 80' lang='lat' dir='ltr'>sdimieatio</span> <span class='ocrx_word' id='word_1_116' title='bbox 375 1650 472 1720; x_wconf 87' lang='lat' dir='ltr'>esset,</span> <span class='ocrx_word' id='word_1_117' title='bbox 499 1640 669 1707; x_wconf 78' lang='lat' dir='ltr'>cernebant</span> <span class='ocrx_word' id='word_1_118' title='bbox 689 1641 930 1727; x_wconf 79' lang='lat' dir='ltr'>paenitebatque</span> <span class='ocrx_word' id='word_1_119' title='bbox 951 1640 1161 1731; x_wconf 83' lang='lat' dir='ltr'>populationis</span> <span class='ocrx_word' id='word_1_120' title='bbox 1183 1652 1208 1709; x_wconf 88' lang='lat' dir='ltr'>et</span> 
     </span>
     <span class='ocr_line' id='line_1_16' title="bbox 192 1731 1208 1824; baseline -0.001 -20"><span class='ocrx_word' id='word_1_121' title='bbox 192 1736 439 1824; x_wconf 73' lang='lat' dir='ltr'>Tarquinienses</span> <span class='ocrx_word' id='word_1_122' title='bbox 490 1735 717 1805; x_wconf 77' lang='lat' dir='ltr'>execrabantur</span> <span class='ocrx_word' id='word_1_123' title='bbox 752 1731 939 1803; x_wconf 77' lang='lat' dir='ltr'>delectionis</span> <span class='ocrx_word' id='word_1_124' title='bbox 968 1748 1128 1819; x_wconf 79' lang='lat' dir='ltr'>auctores3</span> <span class='ocrx_word' id='word_1_125' title='bbox 1160 1760 1208 1804; x_wconf 84' lang='lat' dir='ltr'>nee</span> 
     </span>
     <span class='ocr_line' id='line_1_17' title="bbox 194 1830 1208 1919; baseline -0.002 -19"><span class='ocrx_word' id='word_1_126' title='bbox 194 1853 282 1900; x_wconf 83' lang='lat' dir='ltr'>orme</span> <span class='ocrx_word' id='word_1_127' title='bbox 303 1840 358 1898; x_wconf 88' lang='lat' dir='ltr'>aut</span> <span class='ocrx_word' id='word_1_128' title='bbox 375 1830 493 1898; x_wconf 90' lang='lat' dir='ltr'>bellum</span> <span class='ocrx_word' id='word_1_129' title='bbox 511 1831 678 1915; x_wconf 88' lang='lat' dir='ltr'>quisquam</span> <span class='ocrx_word' id='word_1_130' title='bbox 696 1848 861 1917; x_wconf 86' lang='lat' dir='ltr'>apparare,</span> <span class='ocrx_word' id='word_1_131' title='bbox 885 1831 942 1897; x_wconf 85' lang='lat' dir='ltr'>sed</span> <span class='ocrx_word' id='word_1_132' title='bbox 958 1850 1017 1919; x_wconf 88' lang='lat' dir='ltr'>pro</span> <span class='ocrx_word' id='word_1_133' title='bbox 1036 1852 1072 1900; x_wconf 84' lang='lat' dir='ltr'>se</span> <span class='ocrx_word' id='word_1_134' title='bbox 1090 1834 1208 1919; x_wconf 87' lang='lat' dir='ltr'>quisque</span> 
     </span>
     <span class='ocr_line' id='line_1_18' title="bbox 159 1920 1208 2016; baseline -0.003 -21"><span class='ocrx_word' id='word_1_135' title='bbox 159 1946 175 1995; x_wconf 79' lang='lat' dir='ltr'>s</span> <span class='ocrx_word' id='word_1_136' title='bbox 192 1929 314 2015; x_wconf 84' lang='lat' dir='ltr'>legatos</span> <span class='ocrx_word' id='word_1_137' title='bbox 331 1926 415 1992; x_wconf 87' lang='lat' dir='ltr'>mitti</span> <span class='ocrx_word' id='word_1_138' title='bbox 430 1923 560 1991; x_wconf 86' lang='lat' dir='ltr'>iubebat</span> <span class='ocrx_word' id='word_1_139' title='bbox 577 1920 803 2011; x_wconf 87' lang='lat' dir='ltr'>adpetendam</span> <span class='ocrx_word' id='word_1_140' title='bbox 820 1926 931 1993; x_wconf 79' lang='lat' dir='ltr'>erroris</span> <span class='ocrx_word' id='word_1_141' title='bbox 950 1926 1087 1995; x_wconf 80' lang='lat' dir='ltr'>veniam.</span> <span class='ocrx_word' id='word_1_142' title='bbox 1125 1927 1208 2016; x_wconf 83' lang='lat' dir='ltr'>legali</span> 
     </span>
     <span class='ocr_line' id='line_1_19' title="bbox 194 2015 1209 2111; baseline 0.001 -25"><span class='ocrx_word' id='word_1_143' title='bbox 194 2031 338 2087; x_wconf 82' lang='lat' dir='ltr'>senatum</span> <span class='ocrx_word' id='word_1_144' title='bbox 356 2040 429 2086; x_wconf 89' lang='lat' dir='ltr'>oum</span> <span class='ocrx_word' id='word_1_145' title='bbox 446 2019 600 2098; x_wconf 89' lang='lat' dir='ltr'>adissent,</span> <span class='ocrx_word' id='word_1_146' title='bbox 619 2018 660 2085; x_wconf 83' lang='lat' dir='ltr'>ab</span> <span class='ocrx_word' id='word_1_147' title='bbox 674 2029 786 2086; x_wconf 86' lang='lat' dir='ltr'>senatu</span> <span class='ocrx_word' id='word_1_148' title='bbox 798 2015 906 2088; x_wconf 78' lang='lat' dir='ltr'>reiecti</span> <span class='ocrx_word' id='word_1_149' title='bbox 919 2020 960 2087; x_wconf 88' lang='lat' dir='ltr'>ad</span> <span class='ocrx_word' id='word_1_150' title='bbox 971 2022 1129 2111; x_wconf 88' lang='lat' dir='ltr'>populum</span> <span class='ocrx_word' id='word_1_151' title='bbox 1144 2024 1209 2089; x_wconf 84' lang='lat' dir='ltr'>deos</span> 
     </span>
     <span class='ocr_line' id='line_1_20' title="bbox 192 2109 1211 2207; baseline 0.003 -24"><span class='ocrx_word' id='word_1_152' title='bbox 192 2123 396 2204; x_wconf 83' lang='lat' dir='ltr'>rogaverunt,</span> <span class='ocrx_word' id='word_1_153' title='bbox 419 2128 552 2201; x_wconf 84' lang='lat' dir='ltr'>quorum</span> <span class='ocrx_word' id='word_1_154' title='bbox 575 2134 664 2181; x_wconf 76' lang='lat' dir='ltr'>raom</span> <span class='ocrx_word' id='word_1_155' title='bbox 685 2112 768 2182; x_wconf 87' lang='lat' dir='ltr'>bello</span> <span class='ocrx_word' id='word_1_156' title='bbox 786 2109 910 2183; x_wconf 76' lang='lat' dir='ltr'>Gallico</span> <span class='ocrx_word' id='word_1_157' title='bbox 928 2118 1134 2204; x_wconf 65' lang='lat' dir='ltr'>acceptabile</span> <span class='ocrx_word' id='word_1_158' title='bbox 1149 2141 1211 2207; x_wconf 89' lang='lat' dir='ltr'>pro·</span> 
     </span>
     <span class='ocr_line' id='line_1_21' title="bbox 192 2208 1210 2290; baseline 0 -11"><span class='ocrx_word' id='word_1_159' title='bbox 192 2220 370 2290; x_wconf 78' lang='lat' dir='ltr'>curassent,</span> <span class='ocrx_word' id='word_1_160' title='bbox 393 2218 429 2275; x_wconf 86' lang='lat' dir='ltr'>ut</span> <span class='ocrx_word' id='word_1_161' title='bbox 449 2208 612 2276; x_wconf 85' lang='lat' dir='ltr'>Romanos</span> <span class='ocrx_word' id='word_1_162' title='bbox 633 2208 780 2277; x_wconf 85' lang='lat' dir='ltr'>florentes</span> <span class='ocrx_word' id='word_1_163' title='bbox 803 2228 840 2278; x_wconf 84' lang='lat' dir='ltr'>ea</span> <span class='ocrx_word' id='word_1_164' title='bbox 863 2212 913 2278; x_wconf 89' lang='lat' dir='ltr'>sui</span> <span class='ocrx_word' id='word_1_165' title='bbox 933 2213 1149 2281; x_wconf 67' lang='lat' dir='ltr'>misericordia</span> <span class='ocrx_word' id='word_1_166' title='bbox 1167 2236 1210 2279; x_wconf 86' lang='lat' dir='ltr'>eu·</span> 
     </span>
     <span class='ocr_line' id='line_1_22' title="bbox 192 2303 1209 2395; baseline 0.001 -22"><span class='ocrx_word' id='word_1_167' title='bbox 192 2316 294 2394; x_wconf 91' lang='lat' dir='ltr'>peret,</span> <span class='ocrx_word' id='word_1_168' title='bbox 321 2327 402 2390; x_wconf 88' lang='lat' dir='ltr'>quae</span> <span class='ocrx_word' id='word_1_169' title='bbox 429 2326 464 2371; x_wconf 92' lang='lat' dir='ltr'>se</span> <span class='ocrx_word' id='word_1_170' title='bbox 488 2303 584 2370; x_wconf 87' lang='lat' dir='ltr'>rebus</span> <span class='ocrx_word' id='word_1_171' title='bbox 611 2304 746 2372; x_wconf 88' lang='lat' dir='ltr'>adfeotis</span> <span class='ocrx_word' id='word_1_172' title='bbox 771 2306 930 2391; x_wconf 87' lang='lat' dir='ltr'>quondam</span> <span class='ocrx_word' id='word_1_173' title='bbox 954 2307 1067 2395; x_wconf 90' lang='lat' dir='ltr'>populi</span> <span class='ocrx_word' id='word_1_174' title='bbox 1088 2304 1209 2376; x_wconf 83' lang='lat' dir='ltr'>Romani</span> 
     </span>
     <span class='ocr_line' id='line_1_23' title="bbox 158 2398 1211 2490; baseline 0 -19"><span class='ocrx_word' id='word_1_175' title='bbox 158 2423 176 2471; x_wconf 77' lang='lat' dir='ltr'>r</span> <span class='ocrx_word' id='word_1_176' title='bbox 194 2402 344 2490; x_wconf 61' lang='lat' dir='ltr'>cepissem</span> <span class='ocrx_word' id='word_1_177' title='bbox 366 2399 571 2484; x_wconf 78' lang='lat' dir='ltr'>conversique</span> <span class='ocrx_word' id='word_1_178' title='bbox 589 2399 630 2466; x_wconf 91' lang='lat' dir='ltr'>ad</span> <span class='ocrx_word' id='word_1_179' title='bbox 648 2398 778 2466; x_wconf 88' lang='lat' dir='ltr'>delubra</span> <span class='ocrx_word' id='word_1_180' title='bbox 794 2398 913 2468; x_wconf 84' lang='lat' dir='ltr'>Vestae</span> <span class='ocrx_word' id='word_1_181' title='bbox 931 2400 1107 2490; x_wconf 82' lang='lat' dir='ltr'>hospitium</span> <span class='ocrx_word' id='word_1_182' title='bbox 1124 2402 1211 2470; x_wconf 89' lang='lat' dir='ltr'>flami·</span> 
     </span>
     <span class='ocr_line' id='line_1_24' title="bbox 191 2493 1212 2585; baseline -0.002 -21"><span class='ocrx_word' id='word_1_183' title='bbox 191 2518 269 2563; x_wconf 91' lang='lat' dir='ltr'>num</span> <span class='ocrx_word' id='word_1_184' title='bbox 285 2496 525 2582; x_wconf 82' lang='lat' dir='ltr'>Vestaliumque</span> <span class='ocrx_word' id='word_1_185' title='bbox 547 2493 588 2560; x_wconf 88' lang='lat' dir='ltr'>ab</span> <span class='ocrx_word' id='word_1_186' title='bbox 612 2516 647 2560; x_wconf 93' lang='lat' dir='ltr'>se</span> <span class='ocrx_word' id='word_1_187' title='bbox 669 2504 755 2562; x_wconf 84' lang='lat' dir='ltr'>caste</span> <span class='ocrx_word' id='word_1_188' title='bbox 778 2516 815 2561; x_wconf 83' lang='lat' dir='ltr'>aa</span> <span class='ocrx_word' id='word_1_189' title='bbox 831 2495 978 2585; x_wconf 85' lang='lat' dir='ltr'>religiose</span> <span class='ocrx_word' id='word_1_190' title='bbox 997 2497 1120 2565; x_wconf 83' lang='lat' dir='ltr'>cultum</span> <span class='ocrx_word' id='word_1_191' title='bbox 1134 2499 1212 2563; x_wconf 78' lang='lat' dir='ltr'>inve</span> 
     </span>
     <span class='ocr_line' id='line_1_25' title="bbox 160 2584 1211 2682; baseline -0.006 -20"><span class='ocrx_word' id='word_1_192' title='bbox 160 2593 320 2664; x_wconf 74' lang='lat' dir='ltr'>stabant:</span> <span class='ocrx_word' id='word_1_193' title='bbox 348 2610 425 2658; x_wconf 86' lang='lat' dir='ltr'>eane</span> <span class='ocrx_word' id='word_1_194' title='bbox 446 2589 575 2656; x_wconf 82' lang='lat' dir='ltr'>meritos</span> <span class='ocrx_word' id='word_1_195' title='bbox 602 2584 742 2656; x_wconf 83' lang='lat' dir='ltr'>erederet</span> <span class='ocrx_word' id='word_1_196' title='bbox 767 2591 934 2676; x_wconf 87' lang='lat' dir='ltr'>quisquam</span> <span class='ocrx_word' id='word_1_197' title='bbox 960 2592 1070 2660; x_wconf 88' lang='lat' dir='ltr'>hostes</span> <span class='ocrx_word' id='word_1_198' title='bbox 1096 2601 1211 2682; x_wconf 85' lang='lat' dir='ltr'>repenle</span> 
     </span>
     <span class='ocr_line' id='line_1_26' title="bbox 194 2680 1213 2770; baseline -0.003 -15"><span class='ocrx_word' id='word_1_199' title='bbox 194 2689 261 2755; x_wconf 88' lang='lat' dir='ltr'>sine</span> <span class='ocrx_word' id='word_1_200' title='bbox 279 2704 375 2753; x_wconf 80' lang='lat' dir='ltr'>eausa</span> <span class='ocrx_word' id='word_1_201' title='bbox 391 2684 507 2762; x_wconf 83' lang='lat' dir='ltr'>faetus,</span> <span class='ocrx_word' id='word_1_202' title='bbox 527 2694 594 2763; x_wconf 91' lang='lat' dir='ltr'>aut,</span> <span class='ocrx_word' id='word_1_203' title='bbox 614 2682 730 2770; x_wconf 83' lang='lat' dir='ltr'>siquid</span> <span class='ocrx_word' id='word_1_204' title='bbox 741 2682 896 2752; x_wconf 79' lang='lat' dir='ltr'>hostiliter</span> <span class='ocrx_word' id='word_1_205' title='bbox 908 2680 1074 2768; x_wconf 72' lang='lat' dir='ltr'>fecissent,</span> <span class='ocrx_word' id='word_1_206' title='bbox 1094 2686 1213 2755; x_wconf 82' lang='lat' dir='ltr'>consilio</span> 
     </span>
     <span class='ocr_line' id='line_1_27' title="bbox 192 2774 1212 2866; baseline 0 -19"><span class='ocrx_word' id='word_1_207' title='bbox 192 2783 226 2848; x_wconf 91' lang='lat' dir='ltr'>id</span> <span class='ocrx_word' id='word_1_208' title='bbox 244 2781 346 2866; x_wconf 77' lang='lat' dir='ltr'>magis</span> <span class='ocrx_word' id='word_1_209' title='bbox 364 2798 461 2864; x_wconf 88' lang='lat' dir='ltr'>quam</span> <span class='ocrx_word' id='word_1_210' title='bbox 478 2776 583 2844; x_wconf 85' lang='lat' dir='ltr'>furore</span> <span class='ocrx_word' id='word_1_211' title='bbox 599 2778 706 2865; x_wconf 86' lang='lat' dir='ltr'>lapsos</span> <span class='ocrx_word' id='word_1_212' title='bbox 724 2774 853 2858; x_wconf 78' lang='lat' dir='ltr'>fecisse,</span> <span class='ocrx_word' id='word_1_213' title='bbox 871 2789 908 2845; x_wconf 88' lang='lat' dir='ltr'>ut</span> <span class='ocrx_word' id='word_1_214' title='bbox 926 2798 985 2847; x_wconf 85' lang='lat' dir='ltr'>sua</span> <span class='ocrx_word' id='word_1_215' title='bbox 1001 2792 1113 2849; x_wconf 83' lang='lat' dir='ltr'>vetera</span> <span class='ocrx_word' id='word_1_216' title='bbox 1129 2783 1212 2849; x_wconf 87' lang='lat' dir='ltr'>bene·</span> 
     </span>
     <span class='ocr_line' id='line_1_28' title="bbox 192 2872 1213 2963; baseline 0.005 -23"><span class='ocrx_word' id='word_1_217' title='bbox 192 2875 278 2952; x_wconf 85' lang='lat' dir='ltr'>fioia,</span> <span class='ocrx_word' id='word_1_218' title='bbox 300 2874 403 2940; x_wconf 82' lang='lat' dir='ltr'>locata</span> <span class='ocrx_word' id='word_1_219' title='bbox 419 2872 603 2963; x_wconf 86' lang='lat' dir='ltr'>praesertim</span> <span class='ocrx_word' id='word_1_220' title='bbox 621 2874 706 2962; x_wconf 87' lang='lat' dir='ltr'>apud</span> <span class='ocrx_word' id='word_1_221' title='bbox 727 2882 792 2940; x_wconf 86' lang='lat' dir='ltr'>tam</span> <span class='ocrx_word' id='word_1_222' title='bbox 813 2883 935 2963; x_wconf 71' lang='lat' dir='ltr'>gestos,</span> <span class='ocrx_word' id='word_1_223' title='bbox 961 2877 1055 2944; x_wconf 87' lang='lat' dir='ltr'>novis</span> <span class='ocrx_word' id='word_1_224' title='bbox 1080 2896 1213 2945; x_wconf 87' lang='lat' dir='ltr'>conrum-</span> 
     </span>
     <span class='ocr_line' id='line_1_29' title="bbox 193 2967 1213 3056; baseline 0.006 -23"><span class='ocrx_word' id='word_1_225' title='bbox 193 2974 304 3056; x_wconf 83' lang='lat' dir='ltr'>perent</span> <span class='ocrx_word' id='word_1_226' title='bbox 321 2967 482 3034; x_wconf 81' lang='lat' dir='ltr'>maleficiis</span> <span class='ocrx_word' id='word_1_227' title='bbox 501 2968 725 3053; x_wconf 89' lang='lat' dir='ltr'>florentemque</span> <span class='ocrx_word' id='word_1_228' title='bbox 743 2969 895 3056; x_wconf 85' lang='lat' dir='ltr'>populum</span> <span class='ocrx_word' id='word_1_229' title='bbox 908 2970 1093 3039; x_wconf 76' lang='lat' dir='ltr'>Romanum</span> <span class='ocrx_word' id='word_1_230' title='bbox 1106 2990 1143 3041; x_wconf 81' lang='lat' dir='ltr'>at</span> <span class='ocrx_word' id='word_1_231' title='bbox 1154 2970 1213 3039; x_wconf 71' lang='lat' dir='ltr'>fell</span> 
     </span>
     <span class='ocr_line' id='line_1_30' title="bbox 193 3061 1213 3143; baseline 0.002 -13"><span class='ocrx_word' id='word_1_232' title='bbox 193 3064 356 3131; x_wconf 74' lang='lat' dir='ltr'>tissimum</span> <span class='ocrx_word' id='word_1_233' title='bbox 385 3061 468 3129; x_wconf 91' lang='lat' dir='ltr'>bello</span> <span class='ocrx_word' id='word_1_234' title='bbox 500 3061 560 3129; x_wconf 88' lang='lat' dir='ltr'>sibi</span> <span class='ocrx_word' id='word_1_235' title='bbox 591 3063 791 3129; x_wconf 88' lang='lat' dir='ltr'>desumerent</span> <span class='ocrx_word' id='word_1_236' title='bbox 816 3063 954 3143; x_wconf 89' lang='lat' dir='ltr'>hostem,</span> <span class='ocrx_word' id='word_1_237' title='bbox 987 3062 1080 3134; x_wconf 83' lang='lat' dir='ltr'>euius</span> <span class='ocrx_word' id='word_1_238' title='bbox 1109 3064 1213 3134; x_wconf 70' lang='lat' dir='ltr'>alliot</span> 
     </span>
     <span class='ocr_line' id='line_1_31' title="bbox 193 3156 1212 3248; baseline -0.001 -22"><span class='ocrx_word' id='word_1_239' title='bbox 193 3158 362 3226; x_wconf 83' lang='lat' dir='ltr'>amicitiam</span> <span class='ocrx_word' id='word_1_240' title='bbox 383 3157 557 3245; x_wconf 84' lang='lat' dir='ltr'>petissent?</span> <span class='ocrx_word' id='word_1_241' title='bbox 582 3178 622 3222; x_wconf 89' lang='lat' dir='ltr'>ue</span> <span class='ocrx_word' id='word_1_242' title='bbox 642 3156 837 3244; x_wconf 88' lang='lat' dir='ltr'>appellarent</span> <span class='ocrx_word' id='word_1_243' title='bbox 859 3158 1041 3240; x_wconf 82' lang='lat' dir='ltr'>eonsilium,</span> <span class='ocrx_word' id='word_1_244' title='bbox 1070 3178 1152 3248; x_wconf 86' lang='lat' dir='ltr'>quae</span> <span class='ocrx_word' id='word_1_245' title='bbox 1172 3160 1212 3225; x_wconf 85' lang='lat' dir='ltr'>vis</span> 
     </span>
     <span class='ocr_line' id='line_1_32' title="bbox 159 3246 1212 3342; baseline -0.001 -18"><span class='ocrx_word' id='word_1_246' title='bbox 159 3277 174 3324; x_wconf 83' lang='lat' dir='ltr'>e</span> <span class='ocrx_word' id='word_1_247' title='bbox 193 3274 230 3321; x_wconf 86' lang='lat' dir='ltr'>ao</span> <span class='ocrx_word' id='word_1_248' title='bbox 248 3253 419 3320; x_wconf 71' lang='lat' dir='ltr'>necessitas</span> <span class='ocrx_word' id='word_1_249' title='bbox 438 3246 626 3340; x_wconf 69' lang='lat' dir='ltr'>appellantia</span> <span class='ocrx_word' id='word_1_250' title='bbox 643 3261 736 3318; x_wconf 85' lang='lat' dir='ltr'>esset.</span> <span class='ocrx_word' id='word_1_251' title='bbox 763 3252 952 3320; x_wconf 86' lang='lat' dir='ltr'>transeuntis</span> <span class='ocrx_word' id='word_1_252' title='bbox 965 3248 1098 3342; x_wconf 74' lang='lat' dir='ltr'>agmine</span> <span class='ocrx_word' id='word_1_253' title='bbox 1110 3252 1212 3323; x_wconf 78' lang='lat' dir='ltr'>infesto</span> 
     </span>
     <span class='ocr_line' id='line_1_33' title="bbox 192 3340 1212 3437; baseline 0.001 -22"><span class='ocrx_word' id='word_1_254' title='bbox 192 3373 249 3437; x_wconf 84' lang='lat' dir='ltr'>per</span> <span class='ocrx_word' id='word_1_255' title='bbox 266 3370 376 3437; x_wconf 85' lang='lat' dir='ltr'>agrum</span> <span class='ocrx_word' id='word_1_256' title='bbox 399 3368 493 3415; x_wconf 81' lang='lat' dir='ltr'>suum</span> <span class='ocrx_word' id='word_1_257' title='bbox 510 3340 771 3434; x_wconf 78' lang='lat' dir='ltr'>Tarquinienses,</span> <span class='ocrx_word' id='word_1_258' title='bbox 798 3365 870 3415; x_wconf 84' lang='lat' dir='ltr'>eun</span> <span class='ocrx_word' id='word_1_259' title='bbox 891 3359 1017 3436; x_wconf 80' lang='lat' dir='ltr'>praeter</span> <span class='ocrx_word' id='word_1_260' title='bbox 1038 3346 1128 3418; x_wconf 78' lang='lat' dir='ltr'>viam</span> <span class='ocrx_word' id='word_1_261' title='bbox 1147 3342 1212 3416; x_wconf 84' lang='lat' dir='ltr'>nihil</span> 
     </span>
     <span class='ocr_line' id='line_1_34' title="bbox 192 3438 1210 3535; baseline 0.004 -28"><span class='ocrx_word' id='word_1_262' title='bbox 192 3443 358 3530; x_wconf 88' lang='lat' dir='ltr'>petissent,</span> <span class='ocrx_word' id='word_1_263' title='bbox 385 3443 519 3510; x_wconf 68' lang='lat' dir='ltr'>uamsse</span> <span class='ocrx_word' id='word_1_264' title='bbox 541 3439 696 3535; x_wconf 77' lang='lat' dir='ltr'>quosdam</span> <span class='ocrx_word' id='word_1_265' title='bbox 715 3443 889 3532; x_wconf 83' lang='lat' dir='ltr'>agrestium</span> <span class='ocrx_word' id='word_1_266' title='bbox 909 3438 1128 3531; x_wconf 65' lang='lat' dir='ltr'>popsdationis</span> <span class='ocrx_word' id='word_1_267' title='bbox 1145 3440 1210 3521; x_wconf 83' lang='lat' dir='ltr'>eius,</span> 
     </span>
     <span class='ocr_line' id='line_1_35' title="bbox 159 3530 1210 3629; baseline 0.005 -27"><span class='ocrx_word' id='word_1_268' title='bbox 159 3558 274 3623; x_wconf 75' lang='lat' dir='ltr'>aquae</span> <span class='ocrx_word' id='word_1_269' title='bbox 297 3537 359 3604; x_wconf 90' lang='lat' dir='ltr'>sibi</span> <span class='ocrx_word' id='word_1_270' title='bbox 380 3536 501 3604; x_wconf 72' lang='lat' dir='ltr'>sumini</span> <span class='ocrx_word' id='word_1_271' title='bbox 522 3536 627 3618; x_wconf 75' lang='lat' dir='ltr'>deum,</span> <span class='ocrx_word' id='word_1_272' title='bbox 652 3533 794 3612; x_wconf 67' lang='lat' dir='ltr'>¹comites.</span> <span class='ocrx_word' id='word_1_273' title='bbox 835 3552 889 3605; x_wconf 87' lang='lat' dir='ltr'>eos</span> <span class='ocrx_word' id='word_1_274' title='bbox 913 3548 971 3604; x_wconf 82' lang='lat' dir='ltr'>seu</span> <span class='ocrx_word' id='word_1_275' title='bbox 993 3530 1070 3606; x_wconf 82' lang='lat' dir='ltr'>dedi</span> <span class='ocrx_word' id='word_1_276' title='bbox 1089 3539 1210 3629; x_wconf 74' lang='lat' dir='ltr'>‘placeat</span> 
     </span>
     <span class='ocr_line' id='line_1_36' title="bbox 193 3626 1209 3722; baseline 0.004 -24"><span class='ocrx_word' id='word_1_277' title='bbox 193 3633 307 3700; x_wconf 84' lang='lat' dir='ltr'>dedere</span> <span class='ocrx_word' id='word_1_278' title='bbox 325 3654 359 3700; x_wconf 87' lang='lat' dir='ltr'>ss</span> <span class='ocrx_word' id='word_1_279' title='bbox 376 3643 502 3720; x_wconf 77' lang='lat' dir='ltr'>paratos</span> <span class='ocrx_word' id='word_1_280' title='bbox 521 3648 607 3714; x_wconf 86' lang='lat' dir='ltr'>esse,</span> <span class='ocrx_word' id='word_1_281' title='bbox 624 3650 683 3701; x_wconf 88' lang='lat' dir='ltr'>seu</span> <span class='ocrx_word' id='word_1_282' title='bbox 701 3626 854 3722; x_wconf 83' lang='lat' dir='ltr'>supplicio</span> <span class='ocrx_word' id='word_1_283' title='bbox 872 3626 979 3712; x_wconf 75' lang='lat' dir='ltr'>adiici,</span> <span class='ocrx_word' id='word_1_284' title='bbox 999 3633 1131 3702; x_wconf 90' lang='lat' dir='ltr'>daturos</span> <span class='ocrx_word' id='word_1_285' title='bbox 1147 3648 1209 3722; x_wconf 82' lang='lat' dir='ltr'>poe·</span> 
     </span>
     <span class='ocr_line' id='line_1_37' title="bbox 192 3722 1209 3818; baseline -0.003 -22"><span class='ocrx_word' id='word_1_286' title='bbox 192 3751 260 3796; x_wconf 88' lang='lat' dir='ltr'>nas.</span> <span class='ocrx_word' id='word_1_287' title='bbox 303 3728 416 3810; x_wconf 87' lang='lat' dir='ltr'>Caere,</span> <span class='ocrx_word' id='word_1_288' title='bbox 441 3726 611 3798; x_wconf 79' lang='lat' dir='ltr'>saemrium</span> <span class='ocrx_word' id='word_1_289' title='bbox 631 3724 743 3818; x_wconf 81' lang='lat' dir='ltr'>popuii</span> <span class='ocrx_word' id='word_1_290' title='bbox 758 3722 909 3810; x_wconf 79' lang='lat' dir='ltr'>Romani,</span> <span class='ocrx_word' id='word_1_291' title='bbox 932 3722 1150 3799; x_wconf 68' lang='lat' dir='ltr'>deversorium</span> <span class='ocrx_word' id='word_1_292' title='bbox 1169 3748 1209 3793; x_wconf 81' lang='lat' dir='ltr'>sa·</span> 
     </span>
     <span class='ocr_line' id='line_1_38' title="bbox 192 3822 1208 3915; baseline -0.004 -23"><span class='ocrx_word' id='word_1_293' title='bbox 192 3825 355 3892; x_wconf 84' lang='lat' dir='ltr'>serdotum</span> <span class='ocrx_word' id='word_1_294' title='bbox 368 3844 405 3892; x_wconf 86' lang='lat' dir='ltr'>ao</span> <span class='ocrx_word' id='word_1_295' title='bbox 416 3824 870 3915; x_wconf 78' lang='lat' dir='ltr'>receptaculumltomanorum</span> <span class='ocrx_word' id='word_1_296' title='bbox 883 3840 1055 3905; x_wconf 73' lang='lat' dir='ltr'>saeuorum,</span> <span class='ocrx_word' id='word_1_297' title='bbox 1071 3822 1208 3892; x_wconf 71' lang='lat' dir='ltr'>intactum</span> 
     </span>
     <span class='ocr_line' id='line_1_39' title="bbox 190 3912 1206 4010; baseline 0 -24"><span class='ocrx_word' id='word_1_298' title='bbox 190 3921 436 4008; x_wconf 82' lang='lat' dir='ltr'>inviolatumque</span> <span class='ocrx_word' id='word_1_299' title='bbox 459 3918 588 3988; x_wconf 87' lang='lat' dir='ltr'>erimine</span> <span class='ocrx_word' id='word_1_300' title='bbox 609 3916 685 3988; x_wconf 86' lang='lat' dir='ltr'>belli</span> <span class='ocrx_word' id='word_1_301' title='bbox 706 3913 842 4010; x_wconf 86' lang='lat' dir='ltr'>hospitio</span> <span class='ocrx_word' id='word_1_302' title='bbox 863 3912 1043 3990; x_wconf 76' lang='lat' dir='ltr'>Vestalium</span> <span class='ocrx_word' id='word_1_303' title='bbox 1068 3914 1206 4002; x_wconf 75' lang='lat' dir='ltr'>suusque</span> 
     </span>
     <span class='ocr_line' id='line_1_40' title="bbox 156 4014 1203 4106; baseline -0.002 -22"><span class='ocrx_word' id='word_1_304' title='bbox 156 4030 175 4084; x_wconf 79' lang='lat' dir='ltr'>s</span> <span class='ocrx_word' id='word_1_305' title='bbox 192 4015 252 4082; x_wconf 89' lang='lat' dir='ltr'>diis</span> <span class='ocrx_word' id='word_1_306' title='bbox 266 4016 384 4084; x_wconf 84' lang='lat' dir='ltr'>darent</span> <span class='ocrx_word' id='word_1_307' title='bbox 411 4016 509 4084; x_wconf 87' lang='lat' dir='ltr'>movit</span> <span class='ocrx_word' id='word_1_308' title='bbox 521 4014 675 4104; x_wconf 83' lang='lat' dir='ltr'>populum</span> <span class='ocrx_word' id='word_1_309' title='bbox 687 4036 751 4082; x_wconf 86' lang='lat' dir='ltr'>uon</span> <span class='ocrx_word' id='word_1_310' title='bbox 764 4025 829 4082; x_wconf 90' lang='lat' dir='ltr'>tam</span> <span class='ocrx_word' id='word_1_311' title='bbox 843 4034 941 4085; x_wconf 85' lang='lat' dir='ltr'>eausa</span> <span class='ocrx_word' id='word_1_312' title='bbox 956 4030 1107 4106; x_wconf 77' lang='lat' dir='ltr'>praesens</span> <span class='ocrx_word' id='word_1_313' title='bbox 1125 4028 1203 4100; x_wconf 70' lang='lat' dir='ltr'>quw</span> 
     </span>
    </p>
   </div>
   <div class='ocr_carea' id='block_1_4' title="bbox 0 0 1291 4524">
    <p class='ocr_par' dir='ltr' id='par_1_4' title="bbox 0 0 1291 4524">
     <span class='ocr_line' id='line_1_41' title="bbox 0 0 1291 4524; baseline 0 0"><span class='ocrx_word' id='word_1_314' title='bbox 0 0 1291 4524; x_wconf 95' lang='lat' dir='ltr'> </span> 
     </span>
    </p>
   </div>
  </div>
 </body>
</html>
