2566 4524
214 261 280 329 244
433 271 553 327 LIBER
568 270 641 338 1111,
659 270 701 326 bb
714 269 757 326 55.
776 275 815 340 [a.
824 288 851 326 u
861 289 886 326 e.
894 269 954 326 345.
963 270 1028 343 346]

214 433 383 499 multarum
395 452 644 518 magnarumque
657 453 762 495 rerum
776 430 891 495 molem
906 428 1092 495 avidissimo
1106 429 1237 516 adeopo-

182 551 198 599 5
215 528 291 615 pulo
309 537 501 592 ostentantes
520 564 576 603 -,
594 548 667 590 cum
684 526 919 602 adfirmassent,
942 524 1020 589 nihil
1045 546 1081 590 se
1099 537 1234 603 moturos,

217 625 245 689 si
258 646 297 687 ne
312 622 496 706 quaestoriis
511 622 638 704 quidem
653 621 797 698 comitiis,
816 643 897 704 quae
911 619 980 686 sola
992 620 1174 705 promiscua
1184 620 1236 705 ple-
1273 662 1275 711 j

216 717 268 783 bei
286 716 490 802 patribusque
507 716 685 799 reliquisset
702 729 840 793 senatus,
860 715 937 780 satis
955 714 1054 779 animi
1071 715 1237 801 populoes·
1269 714 1275 761 '⁴

183 835 199 882 s
218 821 266 877 set
284 811 324 875 ad
342 811 388 888 id,
412 810 498 894 quod
515 820 580 874 tam
598 810 653 873 diu
670 810 785 874 vellent
804 820 835 874 et
852 832 909 894 per
926 808 1014 894 leges
1033 808 1152 874 liceret.
1190 828 1235 894 pro

215 904 337 992 ingenti
358 904 464 988 iraque
487 904 616 968 victoria
641 904 674 968 id
696 904 756 968 fuit
777 904 863 990 plebi
889 913 1156 987 quaesturamque
1179 924 1234 967 eam

216 1022 280 1064 non
294 998 420 1064 honoris
434 999 535 1084 ipsius
549 998 610 1062 fine
624 998 842 1074 aestimabant,
863 998 920 1063 sed
932 997 1114 1085 patefactus
1128 997 1235 1061 adcon·

217 1094 353 1159 sulatum
376 1115 413 1158 ac
435 1093 611 1178 triumphos
633 1092 722 1157 locus
749 1093 840 1156 novis
867 1091 1049 1157 hominibus
1076 1091 1233 1156 videbatur.

184 1211 198 1258 7
216 1204 321 1275 patres
339 1201 447 1253 eontra
464 1211 528 1253 non
544 1210 601 1272 pro
620 1187 872 1262 communicatis,
897 1186 954 1250 sed
971 1208 1029 1270 pro
1052 1186 1176 1250 amissis
1189 1184 1235 1247 lo·

216 1283 346 1348 noribus
364 1283 510 1360 fremere3
537 1304 667 1367 negare,
696 1282 723 1346 si
741 1303 779 1345 ea
796 1282 840 1344 ita
860 1281 935 1358 sint,
962 1279 1079 1345 liberos
1099 1277 1233 1344 tollendos

217 1400 297 1454 esse,
316 1377 371 1460 qui
388 1377 471 1461 pulsi
489 1377 642 1441 maiorum
659 1377 729 1441 loco
747 1388 973 1459 cernentesque
987 1375 1066 1440 alios
1080 1376 1115 1439 in
1127 1394 1234 1461 posses-

218 1473 305 1536 sione
324 1472 484 1557 dignitatis
503 1493 579 1535 suae
597 1470 667 1547 salii
685 1471 891 1553 flaminesque
908 1492 1067 1553 nusquam
1081 1469 1145 1534 alio
1156 1488 1234 1552 quam

218 1567 259 1630 ad
278 1565 515 1629 sacrificandum
533 1589 590 1650 pro
608 1566 724 1651 populo
744 1566 811 1630 sine
829 1565 968 1650 imperiis
987 1586 1025 1629 ac
1042 1561 1234 1650 potestatibus

183 1679 199 1729 8
218 1652 446 1743 relinquantur.¹
464 1660 596 1724 inritatis
615 1661 778 1743 utriusque
797 1660 895 1745 partis
914 1659 1038 1735 animis,
1058 1680 1134 1722 cum
1145 1655 1234 1741 etspi·

217 1756 295 1819 ritus
313 1754 403 1841 plebs
423 1754 611 1840 sumpsisset
628 1765 660 1818 et
677 1765 741 1818 tres
760 1754 800 1819 ad
817 1753 1001 1839 popularem
1023 1775 1155 1818 causam
1169 1749 1236 1816 cele·

219 1848 345 1916 berrimi
362 1849 497 1914 nominis
520 1848 649 1913 haberet
671 1849 783 1926 duces,
811 1862 915 1934 patres
938 1847 1045 1911 omnia
1066 1843 1235 1931 quaestoriis

218 1942 362 2019 comitiis,
381 1942 437 2007 ubi
455 1951 621 2026 utrumque
639 1943 723 2027 plebi
739 1943 856 2021 liceret,
876 1942 990 2007 similia
1007 1941 1077 2007 fore
1092 1950 1234 2006 cernentes

217 2036 346 2100 tendere
373 2037 413 2101 ad
440 2035 604 2100 consulum
631 2038 770 2114 comitia,
799 2059 880 2120 quae
906 2037 1047 2101 nondum
1074 2036 1235 2123 promissus
1273 2062 1275 2067 ·

185 2152 200 2199 9
219 2142 338 2207 essent3
365 2130 445 2194 Icilii
468 2143 575 2195 contra
597 2131 738 2196 tribunos
761 2133 895 2196 militum
918 2132 1072 2196 creandos
1098 2133 1196 2196 dicere
1212 2132 1250 2191 st·

179 2236 183 2241 ”
220 2226 346 2290 tandem
364 2225 532 2309 aliquando
550 2227 762 2311 inpertiendos
780 2226 866 2311 plebi
883 2226 1029 2291 honores.
1245 2232 1249 2241 '

186 2342 200 2389 1
284 2319 357 2384 LV.
391 2319 457 2386 Sed
470 2321 556 2385 nulla
569 2333 635 2385 erat
649 2321 822 2385 consularis
841 2321 931 2396 actio,
950 2343 1047 2404 quam
1063 2312 1234 2404 inpediendo

218 2415 252 2480 id
270 2415 354 2499 quod
372 2415 520 2500 petebant
539 2417 756 2501 exprimerent,
776 2437 848 2478 cum
862 2416 940 2478 mira
954 2415 1165 2500 oportunitate
1176 2406 1235 2475 Vol-

221 2533 291 2575 scos
311 2521 342 2574 et
355 2510 485 2594 Aequos
504 2512 688 2596 praedatum
706 2523 794 2574 extra
807 2511 885 2575 fines
900 2510 1003 2574 exisse
1016 2511 1050 2573 in
1064 2532 1175 2595 agrum
1185 2507 1235 2571 In·
1271 2504 1275 2509 ’

186 2625 201 2672 2
220 2606 320 2669 tinum
334 2605 571 2688 Hernicumque
590 2606 738 2669 adfertur.
775 2605 815 2669 ad
834 2605 918 2688 quod
936 2604 1055 2668 bellum
1073 2604 1131 2669 ubi
1147 2624 1184 2668 ex
1198 2619 1234 2664 ss·

219 2713 313 2764 natus
332 2699 476 2763 consulto
490 2699 634 2763 consules
650 2699 798 2763 dilectum
812 2699 928 2764 habere
942 2700 1113 2784 occipiunt,
1132 2698 1246 2785 obstes,

220 2802 295 2856 tunc
318 2793 407 2855 enixe
430 2792 561 2870 tribuni,
589 2793 649 2858 sibi
671 2793 818 2878 plebique
841 2815 911 2857 eam
934 2793 1096 2857 fortunam
1119 2793 1234 2859 oblatus

187 2899 439 2954 smemorantes.
475 2898 538 2952 tres
562 2899 649 2952 erant
672 2900 702 2953 et
725 2910 833 2953 omnes
853 2888 995 2953 acerrimi
1017 2889 1078 2952 viri
1096 2882 1235 2976 generos'·

221 3002 283 3065 que
301 2983 363 3046 iam
381 2993 416 3046 ut
432 2983 513 3047 inter
530 2983 681 3068 plebeios.
717 2983 780 3048 duo
799 2983 917 3069 singuli
935 2983 1079 3068 singulos
1104 2983 1164 3049 sibi
1179 2998 1235 3046 oon·

221 3076 305 3142 sules
315 3079 527 3144 adservandos
537 3080 671 3144 adsidua
684 3102 779 3164 opera
793 3081 971 3156 desumunt,
989 3080 1047 3143 uni
1057 3075 1234 3144 contionibus

186 3193 202 3239 4
221 3173 295 3237 data
311 3196 395 3238 nunc
413 3174 580 3238 detinenda
597 3196 680 3238 nunc
698 3174 869 3238 concienda
886 3173 986 3258 plebs.
1029 3195 1090 3238 nec
1109 3175 1234 3238 dilectum

221 3269 366 3332 consules
385 3290 443 3332 nec
461 3269 600 3345 comitia,
620 3291 700 3352 quae
719 3268 880 3353 petebant,
900 3266 1017 3331 tribuni
1036 3266 1233 3352 expediebat

220 3359 388 3424 inclinante
407 3361 518 3425 deinde
542 3384 576 3426 se
594 3362 720 3426 fortuna
742 3362 783 3426 ad
806 3385 934 3426 causam
957 3360 1061 3446 plebis
1084 3360 1234 3426 nuntiive

219 3455 319 3531 niunt,
339 3477 443 3519 arcem
463 3454 694 3521 Carventanam
713 3456 842 3541 dilapsis
861 3456 902 3519 ad
923 3455 1076 3539 praedam
1094 3452 1232 3525 militibus

221 3550 276 3631 qui
293 3549 326 3611 in
344 3550 500 3632 praesidio
519 3560 619 3626 erant,
647 3549 779 3635 Aequos
797 3550 969 3614 interfectis
988 3551 1102 3634 paucis
1121 3540 1232 3616 cusud·

221 3640 281 3706 bus
300 3643 380 3707 arcis
398 3644 567 3722 invasisse3
594 3645 671 3710 alios
689 3657 883 3709 recurrentes
901 3645 934 3707 iu
956 3666 1077 3723 arcem,
1106 3646 1231 3727 aliosps·
1267 3636 1275 3643 ¹

188 3735 321 3804 slantes
339 3738 373 3801 in
391 3739 474 3824 agris
493 3761 612 3803 caesos.
641 3761 678 3802 ea
695 3740 828 3803 adversa
846 3738 981 3803 civitatis
995 3761 1047 3804 res
1062 3740 1146 3805 vires
1158 3732 1230 3802 trib*

221 3832 321 3896 niciae
340 3833 453 3897 actioni
472 3834 593 3897 adiecit.
629 3835 819 3918 nequiquam
843 3834 927 3897 enim
949 3835 1108 3919 temptati,
1135 3842 1169 3898 ut
1182 3838 1230 3893 tun

222 3926 356 4010 denique
374 3928 560 3992 desisterent
577 3929 765 4014 inpediendo
789 3930 885 4008 bello,
913 3945 1084 4016 postquam
1106 3953 1167 3995 non
1180 3938 1228 3989 cst·

222 4041 290 4085 sere
303 4044 362 4087 neo
374 4023 520 4108 publicae
533 4026 711 4110 tempestati
724 4049 783 4091 nec
797 4048 874 4091 suae
891 4026 1039 4105 invidiae,
1056 4020 1226 4113 pervincunt
