2566 4524
334 264 525 338 1111111111,
542 265 584 322 rs.
603 263 824 340 [acassam]
1030 257 1096 325 323

77 425 159 490 minia
173 446 283 492 recens
300 424 335 490 in
352 423 457 489 animo
475 424 516 489 ad
530 424 751 491 contumeliam
765 426 928 512 inexperto
933 453 943 506 3
963 427 1093 514 spiritus

78 519 169 600 dabat,
187 520 274 605 quod
291 540 350 584 nec
367 541 464 585 ausus
483 528 567 585 esset
584 519 669 584 idem
686 520 719 585 in
738 543 772 586 se
784 520 933 601 dictator,
956 523 1041 607 quod
1058 523 1093 588 in

78 612 179 702 Spurio
195 612 316 682 Maelio
332 611 540 680 Cincinnatus
555 612 723 697 Quinctius
742 614 883 696 fecisset,
903 625 934 682 et
951 616 1093 684 vinculo⁴

76 731 134 775 rum
150 729 279 775 suorum
296 707 447 774 invidiam
464 730 530 774 non
547 708 681 774 dictator
697 710 792 776 modo
805 710 981 778 abdicando
994 711 1093 778 dictor

76 811 163 869 mum
179 802 330 890 fugisset,
349 802 407 867 sed
421 824 462 867 ne
476 811 604 869 senatus
618 803 745 889 quidem
760 805 914 872 sustinere
927 806 1092 892 potuisset.

128 897 188 964 His
202 897 298 964 simul
310 896 438 962 inflatus
452 897 721 983 exacerbatusque
733 899 797 964 iam
814 922 872 986 per
889 923 924 966 se
942 923 1092 968 accensos
1111 927 1127 975 5

76 990 211 1060 incitabat
236 990 338 1079 plebis
361 991 497 1058 animos:
526 997 726 1079 ‘quousque
753 994 881 1060 tandem
907 995 1092 1082 ignorabitis

76 1087 146 1154 vires
164 1095 300 1165 vestras,
319 1108 398 1171 quas
416 1096 528 1152 natura
544 1109 585 1152 ne
602 1086 712 1153 beluas
731 1088 858 1173 quidem
875 1088 1020 1176 ignorare
1038 1112 1094 1155 vo-

76 1179 139 1247 luit?
163 1190 324 1247 numerate
347 1181 473 1261 saltem,
500 1191 578 1268 quot
597 1183 661 1270 ipsi
683 1183 766 1262 sitis,
793 1192 871 1269 quot
896 1185 1092 1251 adversarios

76 1274 215 1344 habeatis.
256 1276 284 1343 si
310 1276 428 1364 singuli
452 1276 595 1365 singulos
622 1277 804 1364 adgressuri
830 1279 957 1359 essetis,
988 1289 1128 1354 tamena

76 1372 166 1438 acrius
185 1371 345 1437 crederem
361 1392 420 1438 vos
437 1393 495 1457 pro
512 1370 655 1438 libertate
673 1393 771 1458 quam
787 1371 858 1438 illos
875 1395 934 1459 pro
952 1373 1095 1439 domina-

76 1466 148 1532 tione
165 1473 347 1532 certaturos.
383 1475 461 1551 quot
479 1466 563 1532 enim
580 1465 709 1532 clientes
728 1466 811 1533 circa
829 1467 970 1555 singulos
988 1467 1093 1533 fuistis

76 1571 226 1646 patronos,
250 1569 296 1627 tot
317 1581 401 1626 nnnc
423 1561 575 1628 adversus
599 1584 698 1627 unum
714 1562 839 1628 hostem
856 1563 951 1629 eritis.
988 1574 1128 1636 osten-7

76 1654 129 1722 dite
144 1656 239 1722 modo
256 1653 389 1722 bellum:
411 1678 522 1742 pacem
540 1654 706 1723 habebitis.
742 1657 870 1723 videant
890 1681 948 1724 vos
966 1670 1093 1745 paratos

77 1750 201 1816 odvim:
218 1750 269 1816 ius
286 1750 348 1837 ipsi
365 1750 532 1815 remittent
568 1751 749 1816 audendum
767 1760 815 1817 est
832 1752 952 1836 aliquid
969 1753 1096 1818 univer-

77 1846 110 1912 sis
131 1856 185 1912 aut
206 1845 312 1911 omnia
335 1845 467 1932 singulis
488 1845 646 1932 patienda
683 1868 869 1931 quousque
891 1869 943 1911 me
961 1846 1095 1911 circum-

77 1938 265 2028 spectabitis?
290 1962 350 2028 ego
373 1939 501 2025 quidem
518 1940 596 2005 nulli
613 1949 754 2006 vestrum
771 1942 880 2021 deero;
907 1955 946 2007 ne
968 1940 1128 2013 fortunas

77 2057 135 2104 nes
152 2036 248 2116 desit,
266 2035 380 2101 videte.
412 2036 481 2122 ipse
499 2037 615 2102 vindex
632 2047 746 2116 vester,
765 2036 820 2104 ubi
838 2038 941 2103 visum
959 2037 1093 2104 inimicis

77 2142 126 2214 at,
143 2133 250 2199 nullus
267 2139 396 2220 repente
412 2131 474 2211 fui,
494 2141 524 2197 et
542 2132 666 2201 vidistis
684 2133 718 2196 in
729 2132 856 2198 vincula
869 2133 943 2199 duci
956 2133 1094 2200 universi

77 2244 146 2308 tum,
164 2228 221 2314 qui
233 2251 253 2293 a
266 2226 398 2315 singulis
412 2226 502 2293 vobis
517 2225 641 2290 vincula
649 2226 840 2313 depuleram.
868 2227 944 2310 quid
959 2249 1092 2312 sperem,
1113 2248 1128 2296 9

77 2324 180 2413 tiplus
198 2323 231 2389 in
247 2345 299 2388 me
318 2322 454 2388 audeant
470 2321 607 2387 inimici?
628 2345 670 2386 an
684 2323 801 2387 exitum
817 2320 1094 2405 CassiMaeliique

77 2416 265 2506 exspectem?
290 2416 507 2496 benefacitis,
526 2416 611 2502 quod
628 2415 865 2483 abominamini:
889 2415 932 2480 dii
949 2415 1096 2502 prohibe-

77 2533 142 2579 ›unt
166 2513 256 2579 haec.
292 2511 350 2577 sed
374 2533 547 2597 numquam
572 2521 700 2601 propter
721 2532 772 2575 me
795 2510 834 2575 de
856 2508 943 2575 caelo
965 2510 1096 2574 descen-

77 2608 149 2675 lent.
182 2608 275 2676 vobis
302 2608 378 2673 dent
399 2615 537 2672 mentem
559 2615 694 2693 oportet,
721 2615 758 2671 ut
778 2603 984 2692 prohibeatis,
1013 2603 1095 2668 sicut

77 2704 141 2770 nihi
158 2703 314 2770 dederunt
330 2711 451 2768 armato
468 2710 653 2790 togatoque,
670 2712 707 2768 ut
724 2725 782 2767 vos
800 2725 818 2766 a
835 2698 979 2766 barbaris
996 2697 1096 2774 hosti-

77 2823 138 2881 rus,
163 2824 183 2866 a
201 2796 346 2884 superbis
364 2796 567 2863 defenderem
585 2797 717 2864 civibus.
752 2806 818 2862 tam
834 2817 952 2883 parvus
971 2794 1094 2860 animus
1114 2811 1147 2861 10

77 2895 142 2963 anti
163 2893 275 2982 populi
297 2902 360 2972 est,
386 2901 423 2958 ut
444 2915 570 2979 semper
587 2890 678 2958 vobis
696 2891 848 2958 auxilium
866 2890 1018 2955 adversus
1036 2888 1096 2954 ini-

77 2993 162 3058 ricos
186 2989 263 3056 satis
285 2989 340 3068 sit,
366 3010 426 3054 nec
448 2986 561 3067 ullum,
583 2987 645 3052 nisi
667 2996 822 3071 quatenus
840 2985 987 3071 imperari
1003 2983 1095 3049 vobis

77 3087 191 3166 iustis,
214 3093 373 3152 certamen
389 3084 542 3150 adversm
559 3093 665 3169 patres
682 3081 810 3147 noritis?
832 3101 891 3145 nec
907 3078 968 3145 hoc
985 3087 1098 3143 natura

77 3182 195 3250 nsitnm
210 3179 304 3247 vobis
322 3187 384 3259 est,
407 3179 464 3245 sed
481 3201 542 3244 usu
558 3176 774 3264 possidemini.
810 3197 866 3240 cur
883 3172 968 3237 enim
985 3172 1096 3236 adver-
1116 3189 1146 3235 11

78 3301 118 3347 us
143 3284 290 3343 externos
312 3283 434 3341 tantum
456 3273 632 3339 animorum
652 3271 776 3360 geritis,
801 3278 838 3335 ut
858 3267 1013 3354 imperare
1034 3264 1096 3329 illis

78 3395 204 3460 equum
225 3368 399 3438 censeatis?
423 3368 499 3455 quia
521 3368 697 3434 consuestis
719 3388 792 3431 cum
814 3363 860 3430 eis
881 3384 940 3450 pro
965 3358 1097 3448 imperio

78 3478 202 3546 ertare,
224 3464 377 3532 adversus
393 3463 454 3530 hos
472 3471 623 3550 temptare
640 3460 743 3547 magis
761 3481 857 3544 quam
874 3456 955 3523 tueri
972 3456 1098 3522 liberta-

78 3587 137 3634 em.
175 3571 297 3639 tamem
319 3558 565 3647 qualescumque
586 3557 684 3622 duces
706 3552 877 3632 habuistis,
899 3550 1098 3637 qualescum·
1117 3568 1149 3616 12

78 3681 124 3727 ne
143 3655 209 3743 ipsi
225 3654 345 3734 fuistis,
363 3652 469 3719 omnia
481 3652 599 3731 adhuc,
618 3658 871 3737 quantacumque
883 3645 1023 3735 petistis,
1042 3643 1099 3710 ob-

78 3751 205 3822 nuistis
233 3770 291 3816 sen
315 3748 348 3815 vi
375 3770 431 3815 seu
457 3747 583 3813 fortuna
608 3754 723 3811 vestra.
768 3754 892 3830 tempus
923 3749 973 3808 est
1003 3739 1097 3805 etiam

78 3849 188 3918 raiora
206 3844 325 3913 conari:
348 3842 533 3931 experimini
549 3841 645 3907 modo
663 3850 694 3907 et
711 3849 850 3907 vestram
867 3837 1050 3903 felicitatem
1068 3841 1099 3898 et
1118 3848 1149 3897 13

78 3968 132 4025 ne,
155 3952 194 4009 ut
211 3961 317 4030 spero,
339 3939 472 4006 feliciter
488 3947 666 4026 expertum3
688 3936 807 4002 minore
824 3932 951 4021 negotio
969 3929 1023 4014 qui
1040 3928 1099 3991 im-

78 4051 156 4110 eret
164 4035 307 4126 patribus
320 4034 486 4124 inponetis,
504 4055 600 4119 quarn
614 4031 669 4118 qui
680 4031 862 4097 resisterent
873 4019 1098 4112 imperantibus

876 4127 928 4180 21·
946 4175 949 4181 .
