2566 4524
145 273 209 340 266
382 283 501 340 LIBER
517 282 553 355 V,
573 282 615 337 13.
629 281 670 336 14.
691 285 729 351 [a.
738 299 766 339 ιι.
777 297 800 337 c.
809 280 944 352 3ὸ5.356]

145 446 275 523 nissent,
294 445 446 510 adversus
464 452 528 508 tres
546 441 701 508 exercitus
720 440 848 526 ancipiti
865 438 986 526 proelio
1002 448 1158 526 pugnatun

97 550 203 610 tuest.
241 550 312 606 ante
335 538 440 604 omnia
461 536 581 602 adiuvit
569 536 752 601 tmemoria
777 534 988 600 damnationis
1012 530 1112 621 Sergii
1131 556 1201 605 ao

145 633 298 722 Verginii.
334 629 511 718 itaquee[]
530 630 701 696 ma1or1bus
720 630 844 708 castris,
862 630 947 695 unde
966 637 1061 695 antea
1075 651 1159 694 cessu-

146 740 214 794 tum
235 729 352 805 fuerat,
382 726 470 792 brevi
493 726 595 813 spatio
618 726 849 791 circumductae
871 723 983 810 copiae
1002 722 1159 810 Capenates

64 890 68 897 ,
96 845 126 892 ιι
145 825 179 888 in
196 823 314 917 vallum
330 822 510 887 Romanum
528 842 636 886 versos
659 819 699 885 ab
723 828 811 907 tergo
834 818 1072 907 adgrediuntur.
1103 817 1159 883 inde

146 903 254 1005 pugna
272 927 432 1004 coeptaet
420 915 616 982 tFaliscis
607 925 653 981 mt
641 915 712 981 tulit
699 924 897 993 tterrorem,
925 914 1159 1001 trepidantesque

148 1011 267 1097 eruptio
286 1034 326 1076 ex
344 1021 411 1076 cast
412 1010 455 1076 ris
474 1022 626 1096 oportune
643 1009 729 1075 facta
746 1008 867 1074 avertit.
903 1008 1051 1095 repulsos
1068 1006 1159 1073 deinde

97 1129 128 1177 12
146 1107 280 1174 insecuti
289 1108 423 1172 victores
437 1107 596 1193 ingentem
610 1106 775 1171 ediderunt
788 1107 926 1172 caedem.
953 1127 1014 1171 nee
1028 1105 1073 1171 ιιι
1083 1103 1158 1170 multo

146 1213 219 1289 post
236 1203 300 1268 iam
317 1202 458 1289 palantes
477 1201 574 1267 veluti
591 1201 673 1267 forte
696 1201 793 1267 ablati
813 1200 1018 1287 populatores
1038 1199 1158 1286 Capena·

97 1317 129 1366 ιι
148 1299 187 1363 ιιι
210 1299 279 1385 agri
300 1296 447 1382 reliquias
469 1318 595 1383 pugnae
617 1295 831 1382 absumpsere.
876 1304 910 1360 et
929 1293 1108 1360 Veientium
1123 1314 1159 1359 re-

147 1393 306 1482 fugientes
320 1392 354 1457 ιιι
367 1392 478 1458 urbem
492 1392 581 1456 multi
595 1401 667 1456 unte
680 1400 787 1478 portas
802 1390 895 1468 caesi,
915 1390 992 1455 dum
1000 1413 1077 1477 prae
1084 1397 1158 1466 metu,

146 1510 187 1552 ne
206 1488 300 1554 simul
317 1487 480 1554 Romanus
498 1487 702 1571 inrumperet,
730 1483 860 1553 obiectis
882 1484 1006 1551 foribus
1026 1494 1158 1552 ιιιιιιιιιι

150 1604 279 1646 suorum
297 1581 469 1647 exclusere.

115 1697 128 1742 1
213 1676 331 1741 XIIII.
367 1676 459 1741 Haeo
477 1698 514 1742 eo
538 1698 620 1741 anno
639 1685 717 1740 acta.
764 1685 795 1741 et
811 1675 875 1740 iam
897 1674 1027 1741 comitia
1043 1624 1159 1742 tribuno·

147 1793 218 1835 rum
235 1771 315 1835 milit
304 1780 370 1835 tum
388 1772 527 1848 aderant,
506 1780 681 1854 qtuorum
697 1792 795 1879 prope
813 1770 913 1834 maior
924 1770 1070 1856 patribus
1085 1788 1160 1855 quam

146 1864 222 1930 belli
232 1889 307 1931 eura
316 1875 399 1974 erat,
410 1866 527 1952 quippe
535 1888 600 1930 non
613 1865 824 1930 communicat
824 1887 879 1929 um
812 1864 988 1931 tmodo
997 1862 1158 1952 cumplebe,

114 1979 130 2026 ι
149 1961 204 2024 sed
222 1983 320 2046 prope
339 1961 490 2025 amissum
509 1959 709 2025 cernentibus
729 1982 888 2025 summum
909 1960 1106 2047 imperium.
1116 1959 1159 2023 itu

148 2075 210 2137 que
232 2053 465 2118 clarissimis
435 2054 511 2119 vnis
534 2076 574 2118 ex
596 2054 770 2141 composito
791 2055 985 2141 praeparatis
1013 2057 1056 2122 ad
1074 2063 1161 2143 peten-

148 2147 233 2225 dum,
253 2169 333 2231 quos
346 2148 565 2233 praetereundi
579 2149 802 2215 verecundiam
815 2150 977 2214 crederent
989 2149 1067 2229 fore,
1084 2146 1163 2214 niblo

1195 620 1201 781 l

148 2241 253 2307 minus
270 2243 346 2329 ipsi,
369 2243 499 2329 perinde
518 2265 555 2308 ac
574 2243 601 2308 si
618 2266 727 2310 omnes
747 2244 904 2310 candidati
922 2255 1044 2325 essent,
1071 2251 1164 2310 cuncta
1197 2272 1201 2285 ·

149 2337 345 2423 experientes
363 2361 428 2403 non
449 2337 591 2403 homines
614 2339 722 2417 modo,
751 2338 808 2404 sed
830 2340 906 2404 deos
930 2341 1026 2405 etiam
1049 2338 1166 2425 excipie-

115 2452 130 2499 3
147 2430 233 2511 bant,
252 2433 284 2496 in
293 2433 477 2519 religionem
490 2442 646 2498 vertentes
661 2434 787 2498 comitia
796 2433 922 2500 biennio
935 2434 1054 2501 habita.
1080 2434 1165 2523 priore

148 2549 230 2592 anno
256 2527 484 2592 intolerandam
505 2527 642 2593 hiemem
664 2527 879 2615 prodigiisque
906 2528 1023 2595 divinis
1050 2528 1165 2597 similem

149 2633 300 2700 coortam,
324 2645 478 2708 proxumo
496 2645 559 2688 non
576 2621 734 2708 prodigia,
763 2623 819 2687 sed
836 2624 899 2687 iam
918 2633 1065 2704 eventus,
1086 2620 1164 2711 pesti·

114 2715 277 2780 Ilentiam
295 2717 379 2802 agris
398 2714 531 2799 urbique
549 2716 680 2780 inlatam
697 2716 783 2780 haud
801 2715 897 2781 dubia
914 2717 961 2782 ira
980 2719 1084 2798 deum,
1102 2738 1162 2802 quos

147 2809 247 2894 pestis
266 2808 333 2872 eius
352 2809 505 2875 arcendae
524 2831 620 2875 causa
637 2810 808 2896 placandos
831 2833 902 2877 esse
924 2811 958 2875 in
976 2812 1064 2879 libris
1082 2808 1164 2876 fatali-

147 2902 209 2968 bus
227 2902 389 2994 inventum
409 2904 457 2968 sit.
495 2905 643 2984 comitiis,
672 2907 834 2991 auspicato
852 2928 933 2990 quae
951 2907 1077 2986 fierent,
1101 2903 1164 2971 indi

148 3020 247 3083 gnum
265 2997 313 3062 dis
337 2998 453 3075 visum,
478 2998 612 3064 honores
635 3000 757 3085 volgari
775 3001 1021 3085 discriminaque
1043 2999 1163 3089 gentium

114 3113 130 3160 5
149 3092 308 3158 confundi.
336 3104 556 3178 praeterquam
566 3094 728 3159 maiestate
737 3095 911 3180 petentium
922 3095 1075 3182 religione
1089 3093 1162 3161 etium

148 3188 270 3252 attoniti
287 3188 431 3253 homines
449 3189 597 3274 patricios
617 3189 729 3266 omnis,
748 3201 870 3274 partem
887 3213 1039 3276 magnam
1052 3191 1161 3256 honore·

147 3281 305 3347 tissimum
330 3305 500 3366 quemque,
528 3283 668 3347 tribunos
692 3284 827 3347 militum
849 3284 1008 3349 consulari
1030 3288 1160 3371 potestate

148 3397 306 3441 creavere:
333 3377 374 3441 L.
399 3376 561 3442 Valerium
588 3377 673 3442 P0t1t'
637 3388 728 3442 utum
755 3379 914 3462 quintum,
942 3378 991 3444 M.
1021 3377 1160 3445 Valerium

147 3467 336 3547 Maximum,
355 3470 402 3534 M.
421 3471 553 3536 Furium
573 3469 883 3551 Camillumt1t‚erum
903 3474 945 3538 L.
965 3473 1095 3538 Furium
1106 3467 1161 3534 Me·

150 3563 332 3628 dullinumt
320 3565 454 3641 tertium,
475 3563 697 3646 QServilium
710 3567 844 3631 Fidenat
831 3577 896 3632 tem
913 3568 1037 3647 iterum,
1057 3558 1164 3650 QSul·

116 3658 266 3743 opicium
290 3656 522 3723 Camerinum
515 3672 637 3724 rterum.
682 3661 731 3726 his
759 3660 893 3726 tribunis
921 3663 963 3727 ad
984 3661 1080 3727 VeIos
1098 3647 1162 3722 nibil

149 3753 318 3817 admodum
336 3752 538 3819 memorabile
556 3769 661 3819 actum
680 3765 742 3833 est;
766 3766 832 3820 tota
850 3757 898 3821 vis
917 3756 950 3820 in
973 3745 1201 3843 populationi-

116 3868 130 3914 ι
149 3846 209 3912 bus
227 3847 296 3912 fuit.
328 3849 391 3912 duo
410 3850 525 3913 summi
542 3850 755 3935 imperatores,
774 3849 900 3916 Potittrtus
920 3875 939 3916 a
956 3849 1090 3925 Faleriis,
1106 3840 1158 3906 (ι’

148 3943 253 4007 millus
276 3967 295 4008 a
318 3942 448 4054 Capena
469 3945 638 4054 praedas
629 3956 772 4032 ingentes
800 3968 894 4056 egere
921 3946 1008 4012 nulla
1030 3924 1153 4011 incolum

147 4038 255 4104 relicta
272 4061 315 4118 re,
335 4060 386 4104 cu1
376 4039 559 4104 ferret
505 4049 559 4104 uut
576 4039 643 4126 igni
660 4041 767 4107 noceri
783 4041 895 4127 possit.
