2566 4524
371 226 491 281 Lusus
508 227 536 298 1,
554 227 598 284 as.
619 226 856 298 [acum-cao]
1085 218 1127 283 29

101 385 132 452 in
154 385 285 451 victoria
311 407 370 451 sua
395 393 544 470 tantoque
570 386 686 473 gaudio
711 385 848 473 publico.
889 387 996 453 stricto
1022 388 1128 474 itaque

96 481 200 567 gladio
228 480 324 544 simul
353 479 459 545 verbis
484 480 651 566 increpans
682 481 838 568 transfigit
867 481 1015 570 puellum.
1062 483 1128 550 ‘abi
1145 505 1162 552 4

101 575 167 639 hinc
192 597 266 639 cum
293 574 449 639 inmaturo
477 597 582 640 amore
608 575 650 641 ad
677 575 853 661 sponsum‚'
883 575 986 660 inquit
1017 577 1128 643 ‘oblita

103 669 226 732 fratrum
244 679 439 734 mortuorum
457 668 598 753 vivique,
617 669 714 734 oblita
735 669 865 755 patriae.
900 669 946 736 sic
964 681 1015 736 eat
1032 693 1129 756 quae-

104 785 229 847 cumque
247 763 393 829 Romana
410 762 532 850 lugebit
548 764 696 829 hostem!

156 857 263 923 Atrox
281 858 385 922 risum
401 857 436 921 id
452 857 575 923 facinus
592 856 734 944 patribus
752 858 914 944 plebique,
943 859 999 925 sed
1016 881 1126 927 recens
1145 884 1161 931 5

103 952 240 1017 ueritum
262 953 347 1018 facto
369 951 524 1018 obstabat.
556 964 665 1018 tamen
686 963 795 1039 raptus
817 955 851 1019 in
871 954 922 1020 ius
945 955 986 1020 ad
1008 978 1125 1042 regem.

103 1069 162 1125 rex,
189 1070 231 1112 ne
253 1048 323 1132 ipso
345 1056 410 1112 tam
432 1047 530 1113 tristis
551 1048 729 1135 ingratique
752 1049 793 1114 ad
816 1049 931 1136 vulgus
954 1050 1062 1115 iudicii
1088 1073 1127 1117 ac

102 1144 269 1208 secundum
287 1143 436 1208 iudicium
455 1144 602 1230 supplicii
618 1155 728 1210 auctor
745 1153 843 1222 esset,
868 1145 1001 1210 concilio
1018 1147 1127 1232 populi

102 1239 247 1303 advocato
268 1237 489 1317 ‘duumviros,’
510 1239 613 1322 inquit
636 1239 705 1323 ‘qui
722 1239 857 1305 Horatio
879 1240 1127 1325 perduellionem

100 1332 231 1398 iudicent
250 1333 424 1397 secundum
440 1333 555 1420 legem,
573 1333 681 1399 facio'

155 1429 230 1492 Lex
248 1428 394 1492 horrendi
412 1428 558 1493 carminis
577 1438 657 1493 erat:
686 1427 858 1493 ‘duumviri
879 1427 1127 1513 perduellionem
1145 1450 1159 1498 6

97 1521 240 1587 iudicent.
278 1522 307 1587 si
324 1545 344 1587 a
360 1522 534 1587 duumviris
552 1522 739 1608 provocarit,
759 1521 981 1609 provocatione
999 1532 1126 1590 certato.

96 1616 121 1681 si
136 1616 275 1693 vincent,
294 1627 390 1702 caput
406 1616 567 1694 obnubito,
586 1616 704 1681 infelici
718 1615 822 1682 arbori
835 1625 918 1681 reste
933 1617 1126 1703 suspendito,

94 1710 257 1776 verberato
279 1711 331 1776 vel
352 1711 433 1776 intra
454 1711 629 1797 pomerium
646 1711 698 1775 vel
720 1720 808 1776 extra
828 1711 1027 1797 pomerium.'
1067 1711 1127 1778 hac
1147 1735 1160 1779 7

93 1803 161 1893 lego
184 1805 344 1870 duumviri
366 1806 474 1884 creati,
503 1806 558 1889 qui
584 1827 618 1870 se
645 1804 808 1872 absolvere
830 1826 894 1872 non
920 1805 1069 1870 rebantur
1090 1828 1128 1871 ea

93 1899 161 1988 lege
175 1922 217 1966 ne
230 1899 393 1964 innoxium
407 1900 536 1984 quidem
548 1921 653 1985 posse,
673 1921 746 1964 cum
760 1900 1032 1965 condemnassent.
1059 1909 1127 1964 tum

91 1994 171 2067 alter
188 2017 229 2058 ex
247 1993 297 2058 his
317 1993 426 2059 ‘Publi
443 1993 571 2072 Horati,
595 1992 654 2060 tibi
675 1993 922 2079 perduellionem
943 1993 1062 2058 iudico’
1079 1994 1126 2057 in·

94 2089 170 2174 quit.
210 2087 327 2165 ‘lictor,
351 2087 476 2175 conliga
492 2087 625 2153 munus?
660 2098 836 2154 accesserat
853 2088 944 2153 lictor
965 2088 1127 2153 iniciebat·
1144 2107 1160 2158 8

91 2204 153 2267 que
169 2181 329 2266 laqueum.
357 2191 425 2246 tum
442 2181 595 2248 Horatius
613 2191 740 2247 auctore
754 2182 857 2260 Tullo,
877 2181 1029 2247 clemente
1045 2182 1127 2268 legis

91 2277 270 2362 interprete,
290 2277 453 2362 ‘provoco'
469 2277 580 2362 inquit.
616 2278 661 2343 ita
678 2279 717 2342 de
734 2278 956 2362 provocatione
974 2287 1127 2343 certatum

92 2372 132 2444 ad
148 2371 304 2457 populum
323 2382 380 2436 est.

154 2465 241 2529 Moti
249 2466 392 2532 homines
407 2467 527 2532 suntin
540 2489 578 2532 eo
591 2466 708 2532 iudicio
721 2465 858 2530 maxime
867 2464 982 2530 Publio
991 2465 1126 2531 Horatio
1144 2483 1160 2534 9

91 2571 179 2648 patre
192 2560 416 2646 proclamante,
432 2584 467 2627 se
480 2561 577 2627 filiam
590 2562 658 2628 iure
671 2584 797 2627 caesam
809 2561 962 2638 iudicare;
975 2561 1008 2624 ni
1021 2561 1065 2625 ita
1079 2583 1128 2626 es·

93 2667 149 2732 set,
164 2655 268 2741 patrio
280 2656 348 2720 iure
357 2656 390 2720 in
399 2656 498 2721 lilium
511 2657 803 2721 animadversurum
812 2655 921 2721 fuisse.
950 2654 1060 2720 orabat
1073 2655 1128 2718 de-

91 2749 175 2828 inde,
190 2772 232 2815 ne
242 2772 287 2827 se,
305 2773 399 2835 quem
412 2751 507 2837 paulo
520 2760 592 2816 ante
607 2774 679 2817 cum
694 2751 821 2838 egregia
835 2751 930 2836 stirpe
945 2750 1127 2836 conspexis-

92 2856 176 2923 sent,
195 2845 308 2910 orbum
317 2844 423 2912 liberis
433 2847 581 2912 facerent.
609 2847 690 2912 inter
703 2847 781 2913 haec
791 2869 889 2911 senex
901 2847 1048 2911 iuvenem
1061 2869 1127 2910 am·
1146 2864 1178 2912 10

89 2939 215 3027 plexus,
226 2940 328 3024 spolia
338 2939 667 3007 Curiatiorumfixaeo
676 2942 755 3020 loco,
765 2942 820 3025 qui
828 2964 912 3005 nunc
920 2941 985 3026 pila
994 2941 1128 3006 Horatia

90 3034 278 3120 appellatur,
298 3044 467 3114 ostentans,
489 3035 657 3114 ‘huncine'
675 3035 779 3100 aiebat
798 3042 906 3118 ‘quem
923 3035 1017 3099 modo
1034 3035 1128 3098 deco-

90 3141 196 3194 ratum
214 3140 425 3214 ovantemque
443 3131 574 3197 victoria
595 3131 790 3195 incedentem
815 3129 952 3205 vidistis,
977 3127 1125 3209 Quirites,

91 3246 165 3288 eum
175 3222 236 3288 sub
250 3223 340 3289 furca
349 3224 488 3289 vinctum
501 3226 582 3290 inter
596 3225 728 3290 verbera
741 3234 772 3288 et
786 3223 941 3288 cruciatus
955 3221 1062 3285 videre
1070 3242 1127 3306 po·

93 3318 191 3396 testis,
211 3317 298 3401 quod
311 3316 573 3385 vixAlbanorum
587 3319 670 3385 oculi
683 3330 748 3383 tam
758 3319 899 3382 deforme
913 3314 1127 3401 spectaculum

94 3413 175 3477 ferre
186 3413 340 3499 possenti
356 3413 376 3492 i,
390 3414 489 3493 lictor,
505 3415 630 3501 conliga
642 3438 764 3491 manus,
784 3435 865 3499 quae
881 3412 974 3499 paulo
988 3422 1060 3476 ante
1078 3435 1127 3476 ar·
1145 3429 1176 3479 11

95 3519 194 3573 matae
203 3507 372 3593 imperium
382 3509 648 3596 populoRomano
657 3519 853 3594 pepererunt,
868 3508 888 3586 i,
899 3516 994 3593 caput
1002 3504 1127 3571 obnube

96 3599 268 3669 liberatoris
278 3600 366 3667 urbis
374 3603 478 3682 huius,
497 3603 601 3669 arbori
613 3603 731 3668 infelici
745 3603 912 3689 suspende,
932 3601 1064 3667 verbera
1076 3600 1128 3666 vcl

96 3694 172 3763 intra
187 3697 377 3784 pomerium,
395 3699 490 3764 modo
506 3699 588 3764 inter
604 3698 658 3764 illa
674 3698 739 3785 pila
751 3708 783 3763 et
797 3698 897 3784 spolia
910 3696 1058 3775 hostium,
1076 3693 1127 3760 vel

98 3806 180 3859 extra
202 3792 395 3879 pomerium,
417 3794 511 3859 modo
533 3794 614 3858 inter
636 3793 780 3879 sepulcra
802 3791 1024 3858 Curiatiorum.
1064 3808 1128 3872 quo

98 3888 175 3953 cnim
192 3889 312 3954 ducere
334 3887 419 3954 huno
439 3889 584 3956 iuvenem
606 3889 751 3974 potestis,
779 3888 835 3953 ubi
851 3909 916 3953 non
938 3909 997 3953 sua
1014 3885 1128 3949 decora

99 4001 166 4048 eum
182 4008 202 4050 a
219 3994 311 4050 tanta
327 3983 477 4051 foeditate
495 3983 640 4072 supplicii
657 3981 847 4050 vindicentl’
