2566 4524
376 255 495 313 ursus
511 255 555 327 x,
573 255 616 313 11.
634 254 855 327 [asscensu]
1066 245 1133 313 505

104 415 232 502 equites,
256 413 297 481 ab
319 413 430 500 rapido
452 435 548 481 cursu
570 414 813 502 circumagendo
835 436 918 501 equo
936 416 1058 483 effusus
1077 440 1132 483 ex-

103 509 213 597 templo
230 531 330 597 prope
348 508 511 595 expiravit.
539 509 648 574 tertius
666 508 707 575 ab
721 531 759 576 eo
777 531 854 577 casu
871 508 939 577 dies
956 509 1028 578 linis
1046 509 1131 579 vitae

101 604 218 671 consuli
239 604 309 670 fuit.
346 625 408 688 quo
431 603 517 669 velut
539 603 643 670 omine
664 603 739 672 belli
760 615 891 693 accepto
914 605 991 673 deos
1013 627 1071 693 pro
1094 625 1164 676 sea

100 699 294 768 commisisse
313 697 433 766 bellum
450 708 659 766 memorantes
676 699 807 767 Etrusci
824 700 980 770 sustulere
997 700 1130 769 animos.

97 792 217 863 Romae
243 816 318 861 cum
342 793 497 860 desiderio
519 793 579 859 viri
605 803 673 860 tum
698 794 954 863 incommoditate
980 795 1166 883 temperies

99 889 195 957 tristis
213 888 343 955 nuntius
361 887 436 967 suit,
459 899 495 954 ut
510 898 616 976 patres
634 888 675 955 ab
692 888 830 957 iubendo
848 890 999 959 dictatore
1017 914 1132 960 cousu-

96 982 133 1050 lis
154 982 350 1071 subrogandi
373 982 499 1049 comitia
515 1006 556 1049 ex
574 983 728 1050 sententia
747 984 925 1071 principum
946 985 1055 1053 habita
1076 987 1132 1053 de·

97 1077 270 1145 terruerint
309 1076 359 1143 M.
376 1076 540 1144 Valerium
558 1077 721 1145 consulem
738 1099 848 1146 omnes
867 1081 1040 1148 sententiae
1057 1101 1166 1149 cen-4

97 1173 260 1257 lunaeque
282 1171 404 1250 dixere,
427 1194 523 1257 quem
544 1183 673 1239 senatus
695 1172 880 1241 dictatorem
901 1174 966 1241 dici
984 1174 1130 1241 iussurus

96 1267 209 1333 fuerat.
251 1278 319 1332 tum
340 1265 499 1353 extemplo
520 1266 554 1332 in
570 1265 732 1333 Etruriam
748 1269 790 1334 ad
811 1267 952 1356 legiones
974 1269 1132 1358 proficisci

96 1362 198 1429 iussit.
220 1362 375 1429 adrentus
389 1361 457 1427 eius
471 1361 808 1449 conpressitEtruscos
821 1365 911 1443 adeo,
920 1375 956 1431 ut
968 1387 1061 1432 nemo
1075 1388 1131 1433 ex·
1148 1383 1166 1433 c

96 1466 141 1525 tru
154 1457 352 1525 munimenta
369 1457 478 1545 egredi
494 1457 625 1525 auderet
642 1459 797 1544 timorque
813 1459 955 1546 ipsorum
973 1458 1131 1528 obsidioni

96 1552 208 1619 similis
218 1562 312 1619 esset.
330 1573 434 1637 neque
447 1552 518 1619 illos
531 1574 634 1620 novus
648 1553 759 1620 consul
766 1555 1022 1644 vastandisagris
1036 1579 1130 1622 uren-
1148 1575 1164 1624 o

95 1648 209 1734 disque
226 1647 327 1726 tectis,
342 1670 415 1714 cum
431 1648 552 1734 passim
569 1670 634 1714 non
645 1647 739 1715 villae
753 1649 865 1728 solum,
880 1650 938 1717 sed
949 1650 1130 1737 frequentes

95 1764 221 1829 quoque
234 1742 297 1808 vici
313 1742 466 1808 incendiis
484 1742 650 1821 fumarent,
665 1742 777 1808 elicere
789 1744 831 1809 ad
844 1753 1002 1811 certamen
1018 1746 1130 1832 potuit.

159 1837 246 1904 Cum
262 1837 325 1903 hoo
342 1837 470 1923 segnius
487 1835 607 1903 bellum
624 1836 770 1924 opinione
788 1848 883 1918 esset,
896 1838 1024 1905 alterius
1042 1839 1127 1918 belli,
1149 1855 1164 1904 1

95 1932 183 2019 quod
211 1932 319 1998 multis
355 1931 492 1997 invicem
523 1930 665 1999 cladibus
700 1931 787 1999 baud
819 1932 963 2000 inmerito
992 1932 1129 2000 terribile

95 2038 177 2105 erat,
204 2027 292 2093 fama
311 2025 490 2093 Picentium
516 2042 669 2093 novorum
696 2027 853 2095 sociorum
878 2027 994 2096 indicio
1021 2039 1130 2096 exorte

95 2134 159 2191 est:
186 2120 346 2190 Samnites
364 2146 452 2189 arma
469 2132 501 2187 et
517 2121 721 2189 rebellionem
738 2135 894 2210 spectare,
917 2147 1014 2210 seque
1031 2124 1072 2192 ab
1089 2126 1129 2193 iis

95 2216 281 2286 sollicitatos
304 2239 385 2284 esse.
420 2215 606 2284 Picentibus
627 2216 747 2304 gutiae
765 2226 854 2284 actae
872 2227 904 2283 et
920 2241 1037 2305 magna
1053 2242 1127 2304 pars
1146 2235 1163 2283 8

95 2333 193 2378 curae
211 2310 354 2397 patribus
372 2311 413 2379 ab
430 2311 559 2377 Etruria
575 2311 610 2377 in
629 2308 789 2378 Samnites
807 2332 900 2378 versa
921 2321 979 2378 est.
1015 2312 1128 2377 caritas
1147 2330 1163 2377 e

96 2406 193 2473 etiam
215 2402 359 2473 annonae
377 2406 543 2473 sollicitam
560 2405 720 2473 civitatem
736 2404 861 2485 babuit,
879 2415 1070 2490 ventumque
1088 2406 1129 2471 ad

94 2499 221 2587 inopiae
239 2500 384 2566 ultimum
401 2501 497 2578 foret,
520 2509 556 2566 ut
573 2499 727 2586 scripsere
744 2499 859 2585 quibus
877 2499 1012 2566 aedilem
1028 2499 1129 2566 fuisse

95 2617 133 2662 co
151 2616 237 2661 anno
253 2594 390 2661 Fabium
405 2593 586 2661 Maximum
602 2595 715 2683 placet,
733 2595 768 2660 ni
784 2594 852 2661 eius
870 2593 930 2661 viri
947 2615 1033 2672 cura,
1051 2616 1129 2679 qua·

94 2689 134 2756 lis
151 2689 186 2755 in
198 2688 320 2756 bellicis
337 2688 432 2757 rebus
449 2690 557 2756 multis
573 2688 813 2777 tempestatibus
831 2689 944 2769 suerat,
957 2688 1029 2759 talis
1043 2689 1130 2754 domi

94 2794 164 2850 tum
181 2783 215 2848 in
232 2807 375 2850 annonae
392 2785 626 2871 dispensatione
642 2785 860 2872 praeparando
873 2807 910 2852 ac
925 2783 1129 2852 convehendo

93 2878 256 2945 frumento
274 2877 396 2945 fuisset.

162 2973 215 3040 Eo
233 2996 316 3039 anno
330 3011 372 3021 —
385 2995 444 3040 nec
462 2974 595 3039 tradbur
612 2996 764 3040 cauea-
776 2975 990 3062 interregnum
1007 2975 1129 3040 initum.
1149 2989 1182 3038 lo

95 3069 271 3155 interreges
289 3068 379 3135 fuere
391 3068 457 3155 Ap.
469 3068 634 3147 Claudius,
653 3068 726 3134 dein
738 3066 777 3133 P.
790 3065 960 3153 Sulpicius.
987 3068 1014 3133 ie
1033 3068 1130 3132 comi-

95 3164 141 3229 tia
158 3163 337 3229 consularia
354 3163 473 3242 habuit,
488 3164 606 3230 creavit
617 3163 659 3229 L.
670 3161 854 3230 Cornelium
864 3159 1056 3247 Scipionem,
1067 3160 1129 3227 Cn.

93 3257 248 3325 Fulvium
270 3258 426 3324 consules.
460 3257 615 3344 principio
640 3257 735 3324 huius
762 3256 837 3323 anni
863 3265 1001 3322 oratores
1021 3255 1179 3320 Luca-11

94 3375 213 3420 norum
230 3353 272 3418 ad
288 3375 388 3419 novos
411 3353 556 3419 consules
574 3361 727 3418 venerunt
748 3360 910 3437 questum,
932 3349 1007 3435 quia
1023 3349 1130 3415 condi-

95 3447 242 3516 cionibus
263 3447 414 3534 perlicere
433 3470 468 3514 se
485 3448 683 3532 nequiverint
699 3447 740 3513 ad
762 3446 944 3514 societatem
960 3467 1129 3524 armorum,

97 3541 260 3610 Samnites
277 3543 393 3609 infesto
410 3543 550 3609 exercitu
567 3542 729 3629 ingressos
745 3541 824 3607 fines
838 3562 913 3607 suos
926 3548 1050 3607 vastare
1063 3538 1131 3606 bel-

95 3637 193 3722 loque
215 3636 257 3701 ad
278 3635 397 3702 bellum
419 3658 542 3723 cogere.
577 3637 711 3702 Lucano
732 3635 851 3721 populo
874 3633 950 3700 satis
973 3655 1130 3721 superque
1150 3649 1181 3699 12

97 3742 237 3799 erratum
263 3732 437 3816 quondam,
463 3754 547 3798 nunc
568 3732 613 3797 ita
634 3730 808 3798 obstinatos
835 3729 956 3797 animos
983 3751 1068 3806 esse,
1096 3739 1131 3792 ut

96 3827 207 3894 omnia
223 3827 305 3892 ferre
324 3849 362 3892 ac
380 3827 445 3912 pati
462 3826 654 3893 tolerabilius
673 3826 798 3904 ducant,
813 3847 910 3910 quam
927 3833 963 3890 ut
979 3842 1130 3905 umquam

94 3931 211 4009 postea
227 3942 343 3987 nomen
360 3920 540 3986 Romanum
558 3921 685 3987 violent.
721 3942 810 3987 orare
827 3929 942 4006 patres,
960 3925 996 3981 ut
1013 3924 1045 3980 et
1060 3915 1130 3979 Lu·
1149 3929 1182 3979 re

95 4038 197 4083 canos
222 4015 256 4080 in
281 4014 378 4081 fidem
404 4015 559 4102 accipiant
585 4028 617 4082 et
642 4016 707 4080 vim
733 4025 828 4099 atque
854 4010 1000 4077 iniuriam
1026 4007 1066 4075 ab
1094 4030 1129 4075 se
