2566 4524
335 239 455 295 LIBER
470 240 544 313 1111,
562 241 605 297 ro.
619 242 660 296 1a
679 245 718 311 [a.
728 240 839 312 otaa]
1036 233 1100 300 209

77 401 127 466 oui
154 399 332 466 tmbrmatus
361 398 463 485 plebis
493 398 594 486 magis
625 400 780 486 optandus
806 423 900 485 quam
928 405 1101 495 sperandus

79 495 178 571 luerit,
207 492 444 559 frumentarium
467 493 611 572 divitem,
637 493 757 560 bilibris
780 494 871 561 farris
895 519 1039 582 sperasse
1064 498 1102 563 li-

79 588 225 654 bertatem
248 610 284 652 se
306 587 421 652 civium
445 609 572 652 suomm
590 587 704 655 emisse
722 588 854 673 ciboque
872 589 1036 670 obiciendo
1053 615 1103 658 ra-

85 692 141 747 tum
157 683 308 747 victorem
325 681 527 746 finitimorum
545 682 684 747 omnium
702 682 852 769 populum
869 684 903 748 in
921 686 1102 751 servitutem

86 776 180 860 perlici
200 798 312 862 posse,
339 786 375 840 ut
395 797 489 859 quem
512 787 687 840 senatorem
710 799 902 861 concoquere
920 779 1030 844 civitas
1048 781 1134 848 vixt

88 880 197 954 posset,
217 891 327 956 regem
344 868 454 947 terret,
470 869 598 935 Romuli
617 870 798 948 conditoris,
822 871 861 937 ab
880 873 939 938 diis
958 874 1031 951 orti,
1053 897 1103 939 re

90 965 157 1050 copti
178 964 219 1029 ad
243 964 333 1041 deos,
361 963 499 1049 insignia
519 976 613 1047 atque
634 964 800 1050 imperium
821 965 999 1032 habentem.
1038 991 1102 1033 non

89 1079 133 1143 pro
157 1058 274 1123 scelere
300 1057 333 1121 id
359 1056 461 1144 inagis
486 1080 581 1141 quam
603 1081 659 1144 pro
682 1071 821 1124 monstro
842 1059 1020 1125 habendum
1042 1079 1135 1129 neos

89 1153 150 1217 satis
173 1174 244 1217 esse
263 1152 416 1237 sanguine
434 1151 502 1218 eius
520 1153 693 1238 expiatum,
716 1154 778 1218 nisi
796 1163 878 1218 tecta
893 1155 1100 1239 parietesque,

89 1245 158 1312 intra
171 1269 252 1330 quae
270 1258 390 1310 tantum
409 1247 563 1311 amentiae
584 1259 770 1333 conceptum
792 1259 888 1325 esset,
913 1249 1103 1334 dissiparen-

90 1349 131 1404 tur
146 1338 286 1424 bonaque
304 1351 446 1405 contacta
462 1341 676 1427 pretiis'regni
689 1342 847 1406 mercandi
860 1342 1101 1427 publicarentur.

90 1433 180 1499 iubere
196 1436 317 1519 itaque,
336 1448 517 1520 quaestores
534 1437 669 1501 vendere
687 1459 724 1501 ea
742 1435 826 1500 bona
843 1446 937 1521 atque
954 1437 986 1500 in
999 1437 1103 1523 publi-

92 1549 152 1592 cum
167 1529 319 1615 redigere.

141 1621 231 1687 XVI.
267 1621 409 1687 Domum
428 1622 553 1700 deinde,
577 1633 612 1686 ut
630 1633 830 1688 monumento
849 1646 921 1688 area
939 1635 1023 1689 esset
1045 1647 1101 1710 op-
1120 1645 1133 1693 1

92 1737 200 1800 pressae
225 1716 364 1782 nefariae
391 1718 472 1803 spei,
500 1717 581 1782 dirui
607 1719 764 1802 extemplo
791 1719 891 1782 iussit.
926 1719 960 1782 id
981 1716 1103 1802 Aequi-

92 1812 220 1875 maelium
243 1811 433 1896 appellatum
457 1820 513 1877 cst.
550 1813 590 1876 L.
610 1812 770 1876 Minucius
790 1811 870 1876 bove
888 1822 996 1876 aurato
1015 1826 1102 1877 extra
1119 1831 1135 1878 2

91 1917 195 1989 portam
220 1907 418 1992 trigeminam
441 1917 489 1970 est
510 1906 643 1971 donatus
665 1929 705 1970 ne
726 1906 819 1993 plebe
841 1900 968 1990 quidem
993 1906 1100 1984 invita

91 2000 155 2081 quia
164 1999 352 2064 frumentum
365 1999 559 2065 Maelianum
572 2001 697 2066 assibus
710 2002 744 2065 in
761 2001 886 2065 modios
901 2002 1101 2066 aestimatum

93 2089 165 2175 plebi
172 2093 281 2158 divisit.
300 2094 383 2159 hunc
392 2093 569 2160 Minucium
578 2097 662 2180 apud
675 2096 830 2179 quosdam
843 2107 985 2161 auctores
1001 2108 1101 2161 trans·
1119 2115 1134 2162 3

93 2182 148 2248 isse
162 2209 179 2251 a
192 2186 332 2272 panibus
351 2189 392 2252 ad
410 2187 534 2275 plebem
550 2189 813 2272 undecimumque
827 2189 985 2254 tribunum
998 2182 1100 2275 plebis

92 2292 253 2364 cooptatum
276 2281 460 2346 seditionem
482 2293 599 2346 motam
622 2303 662 2345 ex
679 2281 839 2346 Maeliana
861 2283 956 2347 caede
974 2283 1103 2348 sedasse

92 2368 209 2440 invenio.
245 2387 384 2440 ceterum
401 2376 456 2440 rix
473 2375 621 2440 credibile
640 2387 700 2453 est,
724 2398 889 2440 numerum
907 2375 1103 2440 tribunorum
1119 2395 1136 2442 4

80 2479 179 2551 ¹potres
196 2470 305 2556 augeri
321 2493 433 2555 passos
451 2471 546 2554 idque
563 2470 762 2555 potissimum
781 2470 959 2555 exemplum
977 2493 996 2532 a
1007 2470 1105 2554 patri-

93 2558 131 2626 tio
144 2560 266 2629 bomine
283 2565 508 2643 introductum3
527 2588 585 2630 nec
599 2566 711 2631 deinde
724 2566 757 2629 id
774 2564 900 2651 plebem
917 2586 1103 2629 concessum

78 2657 173 2731 :semel
189 2658 363 2724 obtinuisse
381 2673 434 2724 aut
452 2673 535 2724 certe
554 2673 732 2745 temptasse.
770 2660 826 2724 sed
844 2670 915 2723 ante
934 2659 1038 2723 omnia
1054 2680 1105 2723 re-

92 2746 158 2815 fallit
173 2751 289 2818 falsum
307 2753 453 2840 imaginis
472 2752 596 2818 titulum
613 2755 723 2839 paucis
742 2764 814 2819 ante
832 2753 922 2817 annis
940 2752 1011 2839 lege
1029 2775 1104 2816 cau-

82 2849 159 2922 tum,
175 2869 215 2911 ne
232 2846 368 2912 tribunis
384 2849 538 2934 collegam
556 2864 702 2934 cooptare
719 2849 835 2914 liceret.
873 2846 913 2931 Q.
934 2845 1101 2924 Caecilius,
1121 2866 1137 2914 o

77 2934 125 3021 Q.
136 2939 256 3018 lunius,
277 2939 353 3007 Sex.
363 2942 499 3008 Titinius
513 2943 572 3008 soli
586 2966 626 3008 ex
639 2943 771 3030 collegio
789 2943 984 3008 tribunorum
1001 2963 1103 3025 neque

77 3033 211 3099 alerent
226 3036 265 3102 de
281 3037 454 3102 bonoribus
468 3037 591 3102 Minuci
608 3037 712 3124 legem
730 3056 761 3102 et
776 3038 932 3102 criminari
945 3059 1028 3100 nunc
1040 3030 1105 3099 Mi-

78 3128 209 3192 nucium
225 3153 307 3195 nunc
327 3130 496 3197 Servilium
519 3132 603 3217 apud
624 3132 750 3219 plebem
772 3132 923 3214 querique
941 3130 1103 3213 indignam

77 3238 187 3287 necem
204 3221 311 3289 Maelii
334 3249 398 3290 non
420 3227 611 3291 destiterant.
646 3225 845 3311 pervicerunt
867 3223 975 3308 igitur,
998 3231 1033 3284 ut
1050 3221 1137 3289 tri-e

77 3306 230 3385 bonorum
247 3320 381 3385 militum
399 3321 503 3405 potius
522 3344 617 3405 quam
636 3321 800 3385 consulum
815 3316 939 3383 comitia
952 3315 1105 3380 haberen-

77 3416 137 3491 m,
153 3415 229 3479 haut
246 3415 348 3492 dubii,
367 3414 443 3500 quin
462 3438 519 3480 sex
536 3416 720 3480 locis-tot
739 3414 820 3479 enim
838 3414 902 3477 iam
920 3412 1017 3476 creari
1030 3411 1105 3474 lice-

77 3494 130 3571 bat
140 3546 181 3556 -
195 3519 228 3573 et
238 3501 355 3595 plebeii
368 3509 464 3594 aliqui
476 3509 652 3596 profitendo
668 3531 702 3574 se
715 3507 831 3572 ultores
845 3507 912 3571 fore
925 3504 1104 3570 Maelianae

77 3602 178 3666 medis
197 3617 386 3668 crearentur.

92 3690 98 3699 ’
135 3695 233 3763 Plebs
251 3719 444 3782 quamquam
460 3698 579 3785 agitata
594 3697 700 3762 multis
720 3720 757 3762 eo
776 3719 858 3763 anno
877 3704 907 3760 et
925 3694 1019 3760 variis
1037 3716 1105 3758 mo-
1123 3715 1136 3760 r

77 3786 156 3857 libus
178 3803 260 3870 erat,
286 3815 345 3857 nec
366 3793 472 3879 plures
494 3816 589 3878 quam
611 3805 673 3857 tres
696 3792 839 3857 tribunos
866 3789 1021 3856 consulari
1047 3810 1104 3871 po-

77 3885 185 3952 terme
208 3887 325 3953 creavit
347 3900 379 3953 et
400 3889 433 3952 in
454 3888 504 3953 his
527 3889 568 3953 L.
589 3887 773 3970 Quinctium
792 3884 971 3951 Cincinnati
994 3882 1101 3954 filium,

77 3991 117 4043 hx
132 3982 221 4046 euius
240 3981 411 4048 dictaturae
428 3983 546 4048 invidia
564 3982 715 4046 tumultus
734 3979 950 4066 quaerebatur.
982 3971 1103 4059 praela·
1120 3989 1136 4036 8

126 4097 178 4142 Liri
190 4099 233 4142 ool.
244 4097 262 4141 l.
898 4076 932 4128 14
