2566 4524
178 276 220 342 82
400 283 518 341 urana
534 285 577 357 11,
597 285 638 340 ao.
655 285 697 341 21.
717 284 985 356 [ausano-ass]

174 455 259 518 retro
280 445 314 509 in
336 466 451 531 agmen
473 464 601 509 suorum
627 443 750 509 infenso
778 444 873 510 cessit
897 444 991 511 hosti.
1036 442 1199 525 Valeriam,

176 550 293 606 temere
311 539 471 602 invectum
488 537 521 601 in
539 536 666 601 exulum
685 538 798 616 aciem,
825 561 865 604 ex
883 549 1064 605 transverso
1082 542 1198 625 quidm
1228 564 1232 611 ἑ

176 634 306 700 adortus
324 631 494 717 transfigit:
518 653 575 695 nec
593 632 762 715 quicquam
780 633 893 717 equitis
912 633 1041 699 volnere
1059 655 1141 719 equo
1160 658 1198 701 rc·

177 727 314 804 tardato,
342 725 548 790 moribundus
571 725 749 804 Romanus,
776 726 953 792 labentibus
978 750 1074 813 super
1097 750 1196 815 corpus

142 822 288 898 aarmis,
312 820 353 884 ad
376 830 489 884 terram
512 819 651 883 defluxit.
688 820 821 885 dictator
836 820 1023 887 Postumius
1040 832 1196 908 postquam

178 916 330 979 cecidisse
348 913 442 978 talem
461 914 580 991 sirum,
606 914 714 978 exules
733 914 878 980 ferociter
895 916 990 981 citato
1012 917 1140 1004 agmine
1158 916 1195 981 in·

144 1009 264 1086 evehi,
293 1031 367 1073 suos
394 1007 556 1093 perculsos
584 1008 694 1073 cedere
718 1008 951 1087 animadvertit,
979 1010 1102 1076 cohorti
1123 1032 1194 1087 suaa,

176 1126 271 1187 quam
294 1104 448 1168 delectam
469 1126 598 1167 manum
619 1103 768 1188 praesidii
790 1126 886 1168 causa
908 1104 991 1169 circa
1009 1127 1045 1171 se
1062 1104 1192 1181 habeba

176 1199 230 1264 dat
257 1200 397 1284 signum,
434 1207 469 1261 ut
495 1219 590 1281 quem
618 1219 745 1260 suorum
772 1197 945 1284 fugientem
971 1198 1121 1278 viderint,
1148 1220 1193 1286 pro

175 1295 268 1360 hoste
290 1294 435 1359 habeant.
472 1293 516 1357 ita
538 1302 625 1357 metu
643 1292 772 1377 ancipiti
789 1293 873 1358 versi
891 1314 910 1357 a
927 1293 1005 1380 fuga
1022 1293 1156 1361 Romani
1167 1294 1195 1379 ia,

143 1389 299 1454 chostem
323 1397 354 1453 et
375 1388 518 1452 restituta
540 1387 633 1451 acics.
671 1387 782 1451 cohors
806 1387 964 1453 dictatoris
987 1396 1057 1453 tum
1073 1391 1190 1475 primum

175 1483 330 1569 proelium
343 1482 424 1545 iniit:
443 1481 574 1566 integris
589 1481 771 1567 corporibus
791 1481 965 1565 animisque
983 1481 1090 1550 fessos
1108 1481 1189 1549 adorti

142 1596 156 1640 r
176 1577 284 1643 exules
316 1576 459 1640 caedunt.
504 1574 549 1639 ibi
575 1575 637 1639 alia
662 1576 744 1640 inter
773 1597 919 1660 proceres
950 1587 1060 1643 coorta
1090 1598 1188 1665 pugna
1225 1590 1232 1639 ὲ

175 1674 345 1759 imperator
361 1671 513 1747 Latinus,
538 1670 593 1735 ubi
611 1671 770 1735 cohortem
789 1671 918 1735 exulum
935 1694 955 1734 a
972 1671 1123 1739 dictatore
1137 1670 1190 1737 Ro·

175 1789 269 1832 mano
282 1788 380 1852 prope
394 1766 639 1831 circumventam
652 1765 744 1842 vidit,
763 1787 804 1830 ex
817 1764 1011 1831 subsidiariis
1031 1753 1186 1853 manipulos

140 1873 156 1920 8
175 1864 294 1946 aliquot
311 1862 343 1924 in
361 1861 495 1945 primam
513 1860 612 1924 aciem
632 1881 739 1924 secum
751 1860 841 1945 rapit.
867 1859 926 1925 hos
940 1861 1068 1947 agmine
1081 1860 1188 1927 venier-

174 1968 222 2021 tes
233 1955 271 2019 Τ.
281 1954 465 2019 Herminius
480 1953 602 2038 legatus
616 1953 813 2038 conspicatus
827 1953 968 2037 interque
982 1975 1038 2018 eos
1051 1954 1186 2041 insigna
1227 1980 1231 1987 ·

174 2059 262 2114 veste
277 2048 434 2130 armisque
443 2045 621 2110 Mamilium
635 2048 804 2125 noscitans,
819 2058 905 2112 tauto
918 2048 951 2112 vi
963 2048 1097 2127 maiore,
1111 2066 1184 2133 qum

177 2143 272 2229 paulo
291 2151 362 2206 ante
380 2141 530 2227 magister
548 2141 701 2224 equitum,
722 2165 793 2206 curn
806 2140 946 2206 hostium
959 2142 1040 2208 duce
1053 2142 1184 2229 proelium

142 2248 156 2295 9
175 2237 257 2316 iniit,
281 2246 315 2301 ut
333 2246 364 2300 ct
380 2259 444 2301 uno
461 2237 525 2300 ictu
543 2237 727 2301 transfixum
745 2260 801 2322 per
818 2236 899 2302 latus
921 2237 1072 2304 occiderit
1088 2234 1184 2305 Mani

175 2334 254 2398 lium
276 2343 307 2397 ct
328 2333 396 2417 ipse
418 2332 499 2396 inter
522 2332 719 2416 spoliandum
743 2352 856 2418 corpus
878 2331 978 2398 hostis
1001 2344 1113 2401 veruto
1132 2352 1185 2420 ptr·
1225 2352 1232 2413 j

174 2451 300 2506 cussus,
324 2449 396 2491 cum
417 2427 518 2491 victor
539 2427 572 2490 in
595 2436 697 2491 castra
719 2437 803 2492 esset
820 2428 950 2505 relatus,
973 2428 1057 2494 inter
1073 2430 1185 2516 primm

125 2531 156 2580 lo
175 2523 365 2589 curationem
388 2521 600 2606 exspiraverit.
638 2530 702 2584 tum
723 2521 763 2585 ad
781 2522 900 2604 equites
920 2522 1054 2589 dictator
1072 2522 1195 2597 advolat.

173 2618 349 2693 obtestans,
377 2625 413 2679 ut
454 2615 540 2679 fesso
563 2616 625 2679 iam
648 2617 753 2702 pedite
795 2617 987 2682 descendant
1010 2642 1051 2684 ex
1069 2620 1188 2704 equisel
1227 2678 1232 2689 ,

173 2734 314 2797 pugnam
333 2718 508 2794 capessant.
537 2709 619 2774 dicto
633 2732 773 2795 paruere.
802 2711 950 2776 desiliunt
962 2734 1003 2777 ex
1016 2715 1116 2797 equis,
1132 2732 1189 2799 pro·

173 2805 280 2868 volant
305 2803 339 2866 in
364 2801 501 2886 primum
527 2812 558 2866 et
583 2825 640 2888 pro
667 2805 879 2891 antesignanis
906 2828 1033 2891 parmas
1057 2807 1188 2874 obiciunt

125 2908 154 2954 11
173 2897 285 2982 recipit
303 2897 459 2983 extemplo
478 2897 616 2962 animum
629 2899 783 2984 pedestris
797 2900 894 2977 acies,
913 2910 1085 2986 postquam
1097 2901 1189 2967 iuven·

174 2990 250 3056 tutis
268 3013 413 3076 proceres
432 3001 564 3076 aequato
582 3014 696 3078 genere
715 3015 841 3079 pugnae
860 3015 966 3058 secum
983 3004 1109 3079 partem
1123 2990 1190 3083 perl-

174 3087 236 3153 culi
264 3086 452 3153 sustinentes
479 3087 566 3152 sidit.
612 3097 678 3151 tum
705 3089 832 3152 domurn
857 3087 975 3174 inpulsi
1000 3089 1112 3157 Latini
1132 3108 1190 3177 per·

124 3192 154 3239 12
174 3183 324 3266 culsaque
340 3182 502 3247 inclinavit
520 3183 602 3247 acies
608 3207 617 3261 3
645 3183 741 3266 equiti
759 3183 877 3247 admoti
896 3184 981 3266 equi,
1005 3194 1042 3249 ut
1059 3178 1189 3271 persequi

172 3278 297 3343 hostem
317 3287 440 3363 posset,
468 3287 576 3342 secuta
602 3287 634 3342 ct
659 3278 812 3363 pedestris
839 3278 931 3343 acies.
971 3277 1018 3344 ibi
1042 3280 1122 3345 nihil
1143 3294 1197 3343 nec·

172 3372 297 3436 divinae
318 3394 378 3436 nec
398 3371 554 3435 humanae
577 3371 646 3456 opis
669 3372 801 3436 dictator
821 3372 1073 3456 praetermittens
1095 3372 1189 3441 acdcm

174 3466 300 3533 Castori
317 3466 443 3531 vovisse
461 3466 561 3531 fertur
578 3489 615 3531 ac
632 3467 852 3551 pronuntiasse
869 3466 960 3531 militi
976 3460 1189 3554 praemiaqri

124 3570 154 3618 13
172 3562 307 3648 primus,
326 3561 381 3646 qui
399 3562 555 3627 secundus
574 3571 677 3627 castra
694 3561 832 3627 hostium
850 3561 1011 3641 intrasset,
1035 3573 1198 3647 tantusque-

173 3657 266 3723 ardor
278 3656 348 3733 fuit,
367 3672 402 3720 ut
416 3655 526 3720 codem
539 3656 668 3742 impetu,
688 3678 750 3739 quo
763 3656 910 3721 fuderant
922 3654 1049 3723 hostem
1057 3651 1190 3727 mmm

173 3760 276 3816 castra
293 3759 448 3834 caperent.
484 3750 545 3815 hoc
562 3751 655 3815 modo
674 3751 715 3815 ad
732 3751 836 3815 lacum
849 3750 1011 3837 Regillum
1028 3760 1190 3840 pugnatun

173 3855 230 3910 est.
267 3844 398 3908 dictator
420 3853 450 3909 et
471 3845 620 3932 magister
639 3845 778 3929 equitum
797 3845 1025 3931 triurnphantes
1043 3846 1078 3911 in
1095 3844 1190 3911 urben

172 3938 303 4003 rediere.

139 4052 154 4099 1
236 4031 337 4099 XXI.
366 4034 515 4100 Triennio
533 4035 645 4100 deinde
662 4058 721 4100 nec
740 4046 824 4102 certa
841 4057 905 4122 pax
921 4058 980 4102 nec
996 4035 1117 4105 bellum
1132 4030 1188 4100 fuit·

36 4104 186 4256 ἣ,
