2566 4524
144 261 189 326 40
375 271 535 342 LIBERI,
553 270 597 326 35.
612 271 655 326 36.
675 268 942 340 [analeo-176]
1026 326 1030 333 ,

112 455 126 500 r
145 440 304 498 venerant.
337 430 456 496 bellum
472 430 609 516 primum
627 451 700 495 curn
711 426 838 493 Latinis
856 426 957 514 gessit
973 437 1006 493 et
1024 429 1169 516 oppidum

144 527 190 592 ibi
202 526 335 613 Apiolas
354 526 387 589 vi
405 525 487 609 cepit
504 523 684 609 praedaque
700 523 773 588 inde
792 521 923 600 maiore,
945 544 1042 607 quam
1061 535 1171 609 quanta

145 621 220 687 belli
242 622 328 686 fama
345 621 461 697 fuerat,
484 629 608 684 revecta
625 618 717 683 ludos
736 617 913 704 opulentius
931 618 1171 706 instructiusque

112 737 242 800 equam
263 716 383 801 priores
405 737 497 801 reges
519 714 603 778 fecit.
639 723 714 777 tunc
735 713 872 798 primum
894 712 991 791 circo,
1018 713 1076 798 qui
1095 736 1172 780 nuno
1210 750 1213 801 I

145 811 303 875 maximus
322 810 447 886 dicitur,
472 809 654 895 designatus
672 809 760 872 locus
780 817 836 872 est.
871 807 943 873 loca
959 807 1064 874 divisa
1084 810 1173 897 patri·
1209 810 1213 885 Ξ

146 905 207 970 bus
234 904 467 988 equitibusque,
499 902 554 967 ubi
579 902 759 988 spectacula
784 901 845 968 sibi
870 902 1004 986 quisque
1030 902 1170 982 facerent,
1209 942 1213 989 ;

114 1022 128 1069 e
147 1000 208 1064 fori
226 1000 382 1085 appellati.
420 1007 600 1084 spectavere
618 997 715 1062 furcis
729 998 892 1061 duodenos
906 996 946 1062 ab
961 1007 1046 1065 terra
1059 1008 1172 1085 specta·

147 1094 219 1159 cula
236 1095 299 1159 alta
317 1092 543 1159 sustinentibus
561 1094 668 1178 pedes.
700 1092 855 1156 ludicrum
872 1091 933 1155 suit
950 1092 1024 1176 equi
1040 1094 1173 1181 pugiles·
1210 1150 1213 1191 ³

147 1211 209 1273 que
236 1212 275 1254 ex
296 1188 424 1254 Etruria
450 1188 586 1253 maxime
613 1187 713 1253 acciti.
750 1187 917 1252 sollemnes
944 1186 1059 1253 deinde
1086 1187 1173 1254 annui
1209 1212 1213 1227 ⁴

96 1304 129 1351 10
147 1306 291 1348 mansere
305 1284 382 1360 ludi,
400 1283 538 1348 Romani
550 1282 719 1368 magnique
733 1282 818 1345 varie
832 1280 989 1367 appellati,
1012 1281 1173 1349 abeodem
1209 1290 1213 1307 ¹

146 1401 222 1464 rege
245 1389 276 1446 et
300 1379 382 1442 circa
404 1378 507 1441 forum
528 1377 659 1462 privatis
678 1375 873 1441 aedificanda
889 1376 991 1441 divisa
1009 1387 1086 1443 sunt
1101 1377 1173 1455 loce,

147 1473 287 1558 porticus
306 1471 516 1554 tabernaeque
534 1471 646 1535 factae.

117 1589 129 1633 1
213 1565 384 1630 XXXVI.
428 1564 523 1630 Muro
550 1587 674 1648 quoque
700 1565 824 1651 lapideo
850 1565 1044 1632 circumdare
1070 1567 1174 1634 urbem

147 1659 292 1746 parabat,
312 1682 385 1724 cum
399 1657 555 1725 Sabinum
567 1659 686 1724 bellum
699 1658 817 1744 coeptis
830 1659 1005 1725 intervenit
1038 1662 1175 1746 adeoque

148 1776 186 1818 ea
213 1753 317 1818 subita
343 1776 392 1818 res
419 1753 492 1831 suit,
519 1763 555 1818 ut
576 1754 663 1839 prius
685 1752 844 1818 Anienem
869 1755 1036 1819 transirent
1074 1751 1179 1818 hostes

148 1869 243 1932 quam
263 1848 389 1913 obviam
407 1847 451 1913 ire
470 1870 507 1912 oc
524 1848 690 1933 prohibere
708 1849 862 1913 exercitus
881 1850 1045 1915 Romanus
1062 1859 1175 1936 posset

115 1943 255 2025 sitaque
281 1943 469 2027 trepidatum
495 1942 617 2007 Romae
645 1953 701 2007 est
747 1953 778 2007 et
802 1943 903 2028 primo
929 1943 1026 2008 dubia
1052 1945 1177 2012 victoria

149 2059 265 2122 magna
282 2037 439 2118 utrimque
458 2037 554 2100 caede
571 2047 747 2124 pugnatum
765 2047 827 2116 est3
854 2038 990 2104 reductis
1012 2039 1128 2106 deinde
1148 2040 1178 2105 in

149 2141 253 2196 castra
273 2130 411 2195 hostium
434 2131 530 2216 copiis
554 2132 689 2217 datoque
708 2132 808 2217 spatio
826 2133 978 2198 Romanis
997 2134 1039 2198 od
1067 2158 1179 2222 conpa-

148 2226 282 2290 randum
300 2226 340 2289 de
357 2225 479 2312 integro
498 2226 628 2305 bellum,
653 2227 857 2311 Tarquinius,
886 2229 1022 2312 equitem
1044 2231 1178 2295 maxime

150 2320 216 2385 suis
235 2321 345 2385 deesse
363 2319 482 2386 viribus
500 2331 601 2400 ratus,
620 2323 661 2386 ad
674 2322 820 2400 Ramnis‚
836 2322 1008 2401 Titienses,
1026 2323 1177 2402 Luceres,

149 2436 229 2498 quas
244 2415 402 2480 centurias
415 2416 571 2481 Romulus
592 2417 771 2501 scripserat,
791 2417 905 2481 addere
924 2417 1001 2483 alias
1020 2419 1178 2484 constituit
1211 2430 1213 2437 '

150 2531 271 2594 suoque
289 2511 431 2597 insignes
449 2510 623 2594 relinquere
641 2511 777 2576 nomine.

115 2626 131 2673 3
212 2605 252 2669 Id
278 2607 353 2690 quia
378 2606 564 2692 inaugurato
590 2606 746 2670 Romulus
773 2605 904 2684 feceret,
940 2629 1058 2694 negare
1083 2608 1177 2675 Attus

148 2698 282 2777 Navius,
301 2701 427 2764 inclitus
446 2723 483 2765 ea
500 2710 685 2785 tempestate
704 2723 813 2788 augur,
832 2723 934 2786 neque
948 2702 1063 2768 mutari
1080 2724 1177 2788 neque

116 2815 267 2858 enorum
285 2795 445 2871 constitui,
468 2795 530 2859 nisi
547 2818 622 2861 eves
641 2796 849 2874 addixissent,
870 2819 976 2882 posse.
1013 2820 1053 2862 ex
1077 2820 1115 2864 eo
1135 2799 1176 2863 ira

148 2888 216 2974 regi
234 2900 333 2965 mota,
357 2889 549 2972 eludensque
567 2899 680 2966 artem,
707 2900 743 2955 ut
764 2890 883 2969 ferunt,
911 2897 984 2978 ‘age
1007 2892 1110 2972 dum,'
1134 2893 1178 2957 in·

149 2982 217 3066 quit
236 2982 355 3046 ‘divine
373 2993 421 3061 tu,
444 2984 611 3071 inaugura,
638 2984 746 3050 fierine
768 2986 883 3070 possit,
911 2987 996 3070 quod
1018 3010 1105 3053 nunc
1122 3007 1176 3073 ego

148 3087 254 3141 mente
278 3078 438 3164 concipio?
474 3101 546 3144 cum
567 3079 618 3143 ille
641 3080 674 3144 in
696 3080 828 3166 augurio
850 3102 917 3144 rem
940 3091 1088 3166 expertus
1112 3103 1178 3168 pro-

150 3171 234 3236 fecto
252 3172 392 3237 futuram
410 3173 554 3251 dixisset,
579 3174 679 3257 ‘atqui
701 3173 761 3238 hoc
784 3174 889 3239 auimo
911 3175 1053 3261 agitavi‚'
1080 3173 1176 3260 inquit

151 3272 195 3330 ‘te
220 3269 374 3332 novacula
401 3279 502 3334 cotem
530 3270 748 3334 discissurum:
785 3293 861 3355 cape
891 3270 969 3336 haec
996 3281 1027 3336 et
1052 3293 1177 3360 perage,

149 3361 234 3443 quod
252 3384 326 3426 aves
349 3371 422 3427 tuae
444 3363 512 3427 fieri
533 3385 627 3449 posse
648 3365 857 3449 portendunt.’
896 3376 964 3430 tum
985 3365 1074 3430 illum
1096 3363 1178 3432 haud

115 3477 131 3523 5
151 3464 333 3519 cunctanter
350 3456 514 3522 discidisse
533 3468 633 3523 cotem
652 3459 765 3523 ferunt.
803 3470 906 3524 statua
920 3459 989 3524 Atti
1006 3461 1110 3546 capite
1128 3482 1180 3526 ve-

148 3548 226 3626 lato,
253 3571 315 3633 quo
338 3551 371 3613 in
391 3550 461 3616 loco
482 3575 533 3617 res
557 3563 627 3618 acta
649 3564 710 3631 est,
738 3554 785 3638 (in
808 3555 946 3640 comitio)
968 3555 1002 3619 in
1028 3556 1178 3642 gradibus

147 3642 227 3726 ipsis
251 3644 291 3707 ad
314 3644 438 3709 laevam
461 3648 565 3712 curiae
591 3648 664 3726 fuit,
692 3658 794 3713 cotem
820 3671 945 3732 quoque
972 3649 1085 3714 eodem
1112 3651 1181 3716 loco

151 3736 243 3800 sitam
261 3736 361 3803 fuisse
380 3752 566 3820 memorant,
586 3752 621 3806 ut
634 3753 718 3807 esset
732 3744 773 3808 ad
790 3755 933 3828 posteros
951 3742 1096 3808 miraculi
1114 3745 1181 3810 eius

148 3843 395 3900 monumentum.

51 3969 53 3973 ·
114 3947 130 3994 e
212 3925 366 4014 Auguriis
393 3942 475 3996 certe
502 3935 739 4018 sacerdotioque
765 3956 920 4021 augurum
946 3943 1052 3998 tantus
1078 3932 1184 3999 honos

148 4024 296 4103 accessit,
324 4036 358 4090 ut
380 4027 457 4090 nihil
479 4028 553 4093 belli
575 4029 721 4114 domique
738 4039 849 4115 postea
866 4030 926 4095 nisi
944 4029 1109 4115 auspicato
1127 4050 1184 4114 ge·
