<?xml version="1.0" encoding="UTF-8"?>
<!DOCTYPE html PUBLIC "-//W3C//DTD XHTML 1.0 Transitional//EN"
    "http://www.w3.org/TR/xhtml1/DTD/xhtml1-transitional.dtd">
<html xmlns="http://www.w3.org/1999/xhtml" xml:lang="en" lang="en">
 <head>
  <title>
</title>
<meta http-equiv="Content-Type" content="text/html;charset=utf-8" />
  <meta name='ocr-system' content='tesseract 3.04.00' />
  <meta name='ocr-capabilities' content='ocr_page ocr_carea ocr_par ocr_line ocrx_word'/>
</head>
<body>
  <div class='ocr_page' id='page_1' title='image "./titiliviaburbec01weisgoog_0368.png"; bbox 0 0 2566 4524; ppageno 0'>
   <div class='ocr_carea' id='block_1_1' title="bbox 320 254 1094 334">
    <p class='ocr_par' dir='ltr' id='par_1_1' title="bbox 320 254 1094 334">
     <span class='ocr_line' id='line_1_1' title="bbox 320 254 1094 334; baseline 0.004 -17"><span class='ocrx_word' id='word_1_1' title='bbox 320 261 487 334; x_wconf 74' lang='lat' dir='ltr'>uterer,</span> <span class='ocrx_word' id='word_1_2' title='bbox 505 257 615 319; x_wconf 78' lang='lat'><strong>23-30.</strong></span> <span class='ocrx_word' id='word_1_3' title='bbox 636 267 673 333; x_wconf 79' lang='lat' dir='ltr'>[a.</span> <span class='ocrx_word' id='word_1_4' title='bbox 684 262 713 318; x_wconf 84' lang='lat' dir='ltr'>o</span> <span class='ocrx_word' id='word_1_5' title='bbox 723 263 782 319; x_wconf 82' lang='lat'><strong>394.</strong></span> <span class='ocrx_word' id='word_1_6' title='bbox 791 265 855 334; x_wconf 84' lang='lat'><strong>393]</strong></span> <span class='ocrx_word' id='word_1_7' title='bbox 1033 254 1094 320; x_wconf 85' lang='lat'>281</span> 
     </span>
    </p>
   </div>
   <div class='ocr_carea' id='block_1_2' title="bbox 77 421 1225 4104">
    <p class='ocr_par' dir='ltr' id='par_1_2' title="bbox 77 421 1215 605">
     <span class='ocr_line' id='line_1_2' title="bbox 78 421 1215 512; baseline 0.006 -24"><span class='ocrx_word' id='word_1_8' title='bbox 78 432 133 488; x_wconf 82' lang='lat' dir='ltr'>tate</span> <span class='ocrx_word' id='word_1_9' title='bbox 148 423 267 486; x_wconf 87' lang='lat' dir='ltr'>litterae</span> <span class='ocrx_word' id='word_1_10' title='bbox 286 445 306 486; x_wconf 93' lang='lat' dir='ltr'>a</span> <span class='ocrx_word' id='word_1_11' title='bbox 322 421 488 486; x_wconf 90' lang='lat' dir='ltr'>Postumio</span> <span class='ocrx_word' id='word_1_12' title='bbox 505 421 662 487; x_wconf 84' lang='lat' dir='ltr'>laureatae</span> <span class='ocrx_word' id='word_1_13' title='bbox 681 434 840 502; x_wconf 86' lang='lat' dir='ltr'>secuntur,</span> <span class='ocrx_word' id='word_1_14' title='bbox 863 425 1025 491; x_wconf 82' lang='lat' dir='ltr'>victoriam</span> <span class='ocrx_word' id='word_1_15' title='bbox 1042 449 1099 512; x_wconf 79' lang='lat' dir='ltr'>po-</span> <span class='ocrx_word' id='word_1_16' title='bbox 1212 490 1215 495; x_wconf 91' lang='lat'>.</span> 
     </span>
     <span class='ocr_line' id='line_1_3' title="bbox 77 514 941 605; baseline 0.001 -23"><span class='ocrx_word' id='word_1_17' title='bbox 77 517 134 605; x_wconf 81' lang='lat' dir='ltr'>&#39;puli</span> <span class='ocrx_word' id='word_1_18' title='bbox 149 516 286 581; x_wconf 91' lang='lat' dir='ltr'>Romani</span> <span class='ocrx_word' id='word_1_19' title='bbox 304 537 385 592; x_wconf 89' lang='lat' dir='ltr'>esse,</span> <span class='ocrx_word' id='word_1_20' title='bbox 403 514 588 600; x_wconf 85' lang='lat' dir='ltr'><strong>Aequorum</strong></span> <span class='ocrx_word' id='word_1_21' title='bbox 607 519 778 582; x_wconf 88' lang='lat' dir='ltr'>exercitum</span> <span class='ocrx_word' id='word_1_22' title='bbox 796 518 941 583; x_wconf 90' lang='lat' dir='ltr'>deletum.</span> 
     </span>
    </p>

    <p class='ocr_par' dir='ltr' id='par_1_3' title="bbox 77 609 1132 1343">
     <span class='ocr_line' id='line_1_4' title="bbox 132 609 1131 698; baseline 0.003 -21"><span class='ocrx_word' id='word_1_23' title='bbox 132 611 321 677; x_wconf 90' lang='lat' dir='ltr'>XXVIIII.</span> <span class='ocrx_word' id='word_1_24' title='bbox 358 609 569 676; x_wconf 84' lang='lat' dir='ltr'>Tribunorum</span> <span class='ocrx_word' id='word_1_25' title='bbox 586 610 688 697; x_wconf 91' lang='lat' dir='ltr'>plebis</span> <span class='ocrx_word' id='word_1_26' title='bbox 707 614 845 679; x_wconf 82' lang='lat' dir='ltr'>actiones</span> <span class='ocrx_word' id='word_1_27' title='bbox 867 615 942 698; x_wconf 90' lang='lat' dir='ltr'>quia</span> <span class='ocrx_word' id='word_1_28' title='bbox 958 615 1098 680; x_wconf 90' lang='lat' dir='ltr'>nondum</span> <span class='ocrx_word' id='word_1_29' title='bbox 1116 637 1131 686; x_wconf 91' lang='lat'>1</span> 
     </span>
     <span class='ocr_line' id='line_1_5' title="bbox 77 705 1098 798; baseline 0.002 -26"><span class='ocrx_word' id='word_1_30' title='bbox 77 705 249 772; x_wconf 86' lang='lat' dir='ltr'>invenerant</span> <span class='ocrx_word' id='word_1_31' title='bbox 271 705 379 783; x_wconf 90' lang='lat' dir='ltr'>finem,</span> <span class='ocrx_word' id='word_1_32' title='bbox 407 715 438 769; x_wconf 87' lang='lat' dir='ltr'>et</span> <span class='ocrx_word' id='word_1_33' title='bbox 459 705 549 791; x_wconf 83' lang='lat' dir='ltr'>plebs</span> <span class='ocrx_word' id='word_1_34' title='bbox 573 707 753 773; x_wconf 88' lang='lat' dir='ltr'>continuare</span> <span class='ocrx_word' id='word_1_35' title='bbox 771 707 922 774; x_wconf 89' lang='lat' dir='ltr'>latoribus</span> <span class='ocrx_word' id='word_1_36' title='bbox 946 711 1025 798; x_wconf 88' lang='lat' dir='ltr'>legis</span> <span class='ocrx_word' id='word_1_37' title='bbox 1044 709 1098 775; x_wconf 89' lang='lat' dir='ltr'>tri-</span> 
     </span>
     <span class='ocr_line' id='line_1_6' title="bbox 77 800 1096 891; baseline 0.002 -23"><span class='ocrx_word' id='word_1_38' title='bbox 77 800 217 868; x_wconf 87' lang='lat' dir='ltr'>bunatum</span> <span class='ocrx_word' id='word_1_39' title='bbox 236 811 268 866; x_wconf 88' lang='lat' dir='ltr'>et</span> <span class='ocrx_word' id='word_1_40' title='bbox 284 812 389 887; x_wconf 88' lang='lat' dir='ltr'>patres</span> <span class='ocrx_word' id='word_1_41' title='bbox 406 801 533 866; x_wconf 89' lang='lat' dir='ltr'>reficere</span> <span class='ocrx_word' id='word_1_42' title='bbox 550 801 772 868; x_wconf 86' lang='lat' dir='ltr'>intercessores</span> <span class='ocrx_word' id='word_1_43' title='bbox 791 803 870 891; x_wconf 90' lang='lat' dir='ltr'>legis</span> <span class='ocrx_word' id='word_1_44' title='bbox 894 805 996 870; x_wconf 90' lang='lat' dir='ltr'>adnisi</span> <span class='ocrx_word' id='word_1_45' title='bbox 1014 814 1096 870; x_wconf 87' lang='lat' dir='ltr'>sunt.</span> 
     </span>
     <span class='ocr_line' id='line_1_7' title="bbox 77 896 1132 984; baseline 0.004 -20"><span class='ocrx_word' id='word_1_46' title='bbox 77 899 121 964; x_wconf 82' lang='lat' dir='ltr'>ted</span> <span class='ocrx_word' id='word_1_47' title='bbox 142 899 217 984; x_wconf 90' lang='lat' dir='ltr'>plus</span> <span class='ocrx_word' id='word_1_48' title='bbox 242 897 307 962; x_wconf 90' lang='lat' dir='ltr'>suis</span> <span class='ocrx_word' id='word_1_49' title='bbox 331 896 464 962; x_wconf 89' lang='lat' dir='ltr'>comitiis</span> <span class='ocrx_word' id='word_1_50' title='bbox 488 897 577 982; x_wconf 88' lang='lat' dir='ltr'>plebs</span> <span class='ocrx_word' id='word_1_51' title='bbox 600 899 708 963; x_wconf 85' lang='lat' dir='ltr'>valuit.</span> <span class='ocrx_word' id='word_1_52' title='bbox 754 923 848 984; x_wconf 88' lang='lat' dir='ltr'>quem</span> <span class='ocrx_word' id='word_1_53' title='bbox 875 901 1014 966; x_wconf 91' lang='lat' dir='ltr'>dolorem</span> <span class='ocrx_word' id='word_1_54' title='bbox 1041 901 1132 968; x_wconf 77' lang='lat' dir='ltr'>ultia</span> 
     </span>
     <span class='ocr_line' id='line_1_8' title="bbox 77 993 1097 1074; baseline 0.003 -16"><span class='ocrx_word' id='word_1_55' title='bbox 77 1003 166 1058; x_wconf 77' lang='lat' dir='ltr'>ratres</span> <span class='ocrx_word' id='word_1_56' title='bbox 192 1001 267 1057; x_wconf 88' lang='lat' dir='ltr'>sunt</span> <span class='ocrx_word' id='word_1_57' title='bbox 289 1003 416 1057; x_wconf 87' lang='lat' dir='ltr'>senatus</span> <span class='ocrx_word' id='word_1_58' title='bbox 439 993 581 1057; x_wconf 91' lang='lat' dir='ltr'>consulto</span> <span class='ocrx_word' id='word_1_59' title='bbox 604 993 701 1070; x_wconf 87' lang='lat' dir='ltr'>facto,</span> <span class='ocrx_word' id='word_1_60' title='bbox 729 1005 763 1058; x_wconf 91' lang='lat' dir='ltr'>ut</span> <span class='ocrx_word' id='word_1_61' title='bbox 791 995 948 1074; x_wconf 91' lang='lat' dir='ltr'>consules,</span> <span class='ocrx_word' id='word_1_62' title='bbox 976 997 1097 1061; x_wconf 91' lang='lat' dir='ltr'>invisus</span> 
     </span>
     <span class='ocr_line' id='line_1_9' title="bbox 77 1087 1098 1174; baseline 0.003 -22"><span class='ocrx_word' id='word_1_63' title='bbox 77 1087 147 1152; x_wconf 84' lang='lat' dir='ltr'>›tebi</span> <span class='ocrx_word' id='word_1_64' title='bbox 164 1088 384 1173; x_wconf 78' lang='lat' dir='ltr'>magistratus,</span> <span class='ocrx_word' id='word_1_65' title='bbox 404 1098 590 1151; x_wconf 87' lang='lat' dir='ltr'>crearentur.</span> <span class='ocrx_word' id='word_1_66' title='bbox 631 1111 747 1152; x_wconf 91' lang='lat' dir='ltr'>annum</span> <span class='ocrx_word' id='word_1_67' title='bbox 764 1098 837 1174; x_wconf 90' lang='lat' dir='ltr'>post</span> <span class='ocrx_word' id='word_1_68' title='bbox 854 1090 996 1173; x_wconf 88' lang='lat' dir='ltr'>quintum</span> <span class='ocrx_word' id='word_1_69' title='bbox 1015 1091 1098 1155; x_wconf 90' lang='lat' dir='ltr'>deci-</span> 
     </span>
     <span class='ocr_line' id='line_1_10' title="bbox 77 1180 1096 1270; baseline 0.004 -24"><span class='ocrx_word' id='word_1_70' title='bbox 77 1205 150 1246; x_wconf 91' lang='lat' dir='ltr'>num</span> <span class='ocrx_word' id='word_1_71' title='bbox 169 1181 269 1247; x_wconf 91' lang='lat' dir='ltr'>creati</span> <span class='ocrx_word' id='word_1_72' title='bbox 287 1181 433 1246; x_wconf 90' lang='lat' dir='ltr'>consules</span> <span class='ocrx_word' id='word_1_73' title='bbox 450 1181 492 1245; x_wconf 89' lang='lat' dir='ltr'>L.</span> <span class='ocrx_word' id='word_1_74' title='bbox 510 1182 680 1248; x_wconf 89' lang='lat' dir='ltr'>Lucretius</span> <span class='ocrx_word' id='word_1_75' title='bbox 697 1182 826 1260; x_wconf 82' lang='lat' dir='ltr'>Flavus,</span> <span class='ocrx_word' id='word_1_76' title='bbox 848 1180 915 1248; x_wconf 86' lang='lat' dir='ltr'>Ser.</span> <span class='ocrx_word' id='word_1_77' title='bbox 937 1182 1096 1270; x_wconf 88' lang='lat' dir='ltr'>Sulpicius</span> 
     </span>
     <span class='ocr_line' id='line_1_11' title="bbox 77 1275 264 1343; baseline -0.016 0"><span class='ocrx_word' id='word_1_78' title='bbox 77 1275 264 1343; x_wconf 66' lang='lat' dir='ltr'>lamerinus¹</span> 
     </span>
    </p>

    <p class='ocr_par' dir='ltr' id='par_1_4' title="bbox 77 1369 1131 2307">
     <span class='ocr_line' id='line_1_12' title="bbox 125 1369 1131 1460; baseline 0.004 -26"><span class='ocrx_word' id='word_1_79' title='bbox 125 1370 289 1455; x_wconf 89' lang='lat' dir='ltr'>Principio</span> <span class='ocrx_word' id='word_1_80' title='bbox 307 1369 400 1434; x_wconf 90' lang='lat' dir='ltr'>huius</span> <span class='ocrx_word' id='word_1_81' title='bbox 419 1371 493 1435; x_wconf 92' lang='lat' dir='ltr'>anni</span> <span class='ocrx_word' id='word_1_82' title='bbox 514 1370 672 1448; x_wconf 84' lang='lat' dir='ltr'>ferociter,</span> <span class='ocrx_word' id='word_1_83' title='bbox 692 1371 766 1455; x_wconf 92' lang='lat' dir='ltr'>quia</span> <span class='ocrx_word' id='word_1_84' title='bbox 788 1394 879 1436; x_wconf 91' lang='lat' dir='ltr'>nemo</span> <span class='ocrx_word' id='word_1_85' title='bbox 902 1395 941 1436; x_wconf 89' lang='lat' dir='ltr'>ex</span> <span class='ocrx_word' id='word_1_86' title='bbox 964 1373 1095 1460; x_wconf 92' lang='lat' dir='ltr'>collegio</span> <span class='ocrx_word' id='word_1_87' title='bbox 1114 1390 1131 1438; x_wconf 79' lang='lat'><strong>3</strong></span> 
     </span>
     <span class='ocr_line' id='line_1_13' title="bbox 77 1464 1095 1553; baseline 0.004 -24"><span class='ocrx_word' id='word_1_88' title='bbox 77 1475 292 1530; x_wconf 89' lang='lat' dir='ltr'>ntercessurus</span> <span class='ocrx_word' id='word_1_89' title='bbox 311 1473 390 1541; x_wconf 89' lang='lat' dir='ltr'>erat,</span> <span class='ocrx_word' id='word_1_90' title='bbox 415 1464 528 1530; x_wconf 88' lang='lat' dir='ltr'>coortis</span> <span class='ocrx_word' id='word_1_91' title='bbox 547 1466 587 1529; x_wconf 91' lang='lat' dir='ltr'>ad</span> <span class='ocrx_word' id='word_1_92' title='bbox 604 1465 824 1551; x_wconf 79' lang='lat' dir='ltr'>perferendam</span> <span class='ocrx_word' id='word_1_93' title='bbox 841 1465 944 1553; x_wconf 90' lang='lat' dir='ltr'>legem</span> <span class='ocrx_word' id='word_1_94' title='bbox 963 1467 1095 1534; x_wconf 88' lang='lat' dir='ltr'>tribunis</span> 
     </span>
     <span class='ocr_line' id='line_1_14' title="bbox 77 1558 1094 1645; baseline 0.008 -25"><span class='ocrx_word' id='word_1_95' title='bbox 77 1558 164 1625; x_wconf 84' lang='lat' dir='ltr'>debis</span> <span class='ocrx_word' id='word_1_96' title='bbox 188 1581 249 1623; x_wconf 90' lang='lat' dir='ltr'>nec</span> <span class='ocrx_word' id='word_1_97' title='bbox 272 1559 400 1645; x_wconf 90' lang='lat' dir='ltr'>segnius</span> <span class='ocrx_word' id='word_1_98' title='bbox 424 1558 465 1624; x_wconf 95' lang='lat' dir='ltr'>ob</span> <span class='ocrx_word' id='word_1_99' title='bbox 482 1559 516 1622; x_wconf 92' lang='lat' dir='ltr'>id</span> <span class='ocrx_word' id='word_1_100' title='bbox 542 1559 647 1645; x_wconf 91' lang='lat' dir='ltr'>ipsum</span> <span class='ocrx_word' id='word_1_101' title='bbox 669 1560 850 1625; x_wconf 91' lang='lat' dir='ltr'>consulibus</span> <span class='ocrx_word' id='word_1_102' title='bbox 877 1562 1094 1630; x_wconf 88' lang='lat' dir='ltr'>resistentibus</span> 
     </span>
     <span class='ocr_line' id='line_1_15' title="bbox 77 1653 1096 1738; baseline 0.006 -21"><span class='ocrx_word' id='word_1_103' title='bbox 77 1655 213 1738; x_wconf 88' lang='lat' dir='ltr'>mnique</span> <span class='ocrx_word' id='word_1_104' title='bbox 230 1653 355 1718; x_wconf 87' lang='lat' dir='ltr'>civitate</span> <span class='ocrx_word' id='word_1_105' title='bbox 373 1654 406 1717; x_wconf 91' lang='lat' dir='ltr'>in</span> <span class='ocrx_word' id='word_1_106' title='bbox 423 1677 518 1718; x_wconf 90' lang='lat' dir='ltr'>unam</span> <span class='ocrx_word' id='word_1_107' title='bbox 537 1676 606 1718; x_wconf 89' lang='lat' dir='ltr'>eam</span> <span class='ocrx_word' id='word_1_108' title='bbox 626 1677 733 1719; x_wconf 91' lang='lat' dir='ltr'>curam</span> <span class='ocrx_word' id='word_1_109' title='bbox 752 1678 915 1733; x_wconf 86' lang='lat' dir='ltr'>conversa,</span> <span class='ocrx_word' id='word_1_110' title='bbox 935 1655 1096 1723; x_wconf 87' lang='lat' dir='ltr'>Vitelliam</span> 
     </span>
     <span class='ocr_line' id='line_1_16' title="bbox 77 1748 1129 1836; baseline 0.004 -22"><span class='ocrx_word' id='word_1_111' title='bbox 77 1748 219 1814; x_wconf 89' lang='lat' dir='ltr'>oloniam</span> <span class='ocrx_word' id='word_1_112' title='bbox 236 1749 412 1812; x_wconf 89' lang='lat' dir='ltr'>Romanam</span> <span class='ocrx_word' id='word_1_113' title='bbox 430 1748 463 1811; x_wconf 90' lang='lat' dir='ltr'>in</span> <span class='ocrx_word' id='word_1_114' title='bbox 482 1771 539 1813; x_wconf 91' lang='lat' dir='ltr'>suo</span> <span class='ocrx_word' id='word_1_115' title='bbox 557 1772 634 1834; x_wconf 87' lang='lat' dir='ltr'>agro</span> <span class='ocrx_word' id='word_1_116' title='bbox 652 1748 759 1833; x_wconf 84' lang='lat' dir='ltr'>Aequi</span> <span class='ocrx_word' id='word_1_117' title='bbox 778 1760 969 1836; x_wconf 86' lang='lat' dir='ltr'>expugnant.</span> <span class='ocrx_word' id='word_1_118' title='bbox 1011 1752 1129 1824; x_wconf 78' lang='lat' dir='ltr'>colo-4</span> 
     </span>
     <span class='ocr_line' id='line_1_17' title="bbox 77 1842 1094 1932; baseline 0.003 -25"><span class='ocrx_word' id='word_1_119' title='bbox 77 1866 173 1908; x_wconf 72' lang='lat' dir='ltr'>torum</span> <span class='ocrx_word' id='word_1_120' title='bbox 192 1865 265 1927; x_wconf 91' lang='lat' dir='ltr'>pars</span> <span class='ocrx_word' id='word_1_121' title='bbox 283 1843 422 1906; x_wconf 89' lang='lat' dir='ltr'>maxima</span> <span class='ocrx_word' id='word_1_122' title='bbox 438 1842 619 1920; x_wconf 89' lang='lat' dir='ltr'>incolumis,</span> <span class='ocrx_word' id='word_1_123' title='bbox 644 1844 717 1927; x_wconf 90' lang='lat' dir='ltr'>quia</span> <span class='ocrx_word' id='word_1_124' title='bbox 734 1854 825 1908; x_wconf 89' lang='lat' dir='ltr'>nocte</span> <span class='ocrx_word' id='word_1_125' title='bbox 843 1845 1019 1930; x_wconf 88' lang='lat' dir='ltr'>proditione</span> <span class='ocrx_word' id='word_1_126' title='bbox 1037 1869 1094 1932; x_wconf 92' lang='lat' dir='ltr'>op-</span> 
     </span>
     <span class='ocr_line' id='line_1_18' title="bbox 77 1937 1093 2027; baseline 0.006 -26"><span class='ocrx_word' id='word_1_127' title='bbox 77 1938 170 2001; x_wconf 83' lang='lat' dir='ltr'>idum</span> <span class='ocrx_word' id='word_1_128' title='bbox 195 1946 323 2022; x_wconf 88' lang='lat' dir='ltr'>captum</span> <span class='ocrx_word' id='word_1_129' title='bbox 344 1937 475 2002; x_wconf 88' lang='lat' dir='ltr'>liberam</span> <span class='ocrx_word' id='word_1_130' title='bbox 496 1960 553 2023; x_wconf 91' lang='lat' dir='ltr'>per</span> <span class='ocrx_word' id='word_1_131' title='bbox 575 1961 688 2004; x_wconf 81' lang='lat' dir='ltr'>aversa</span> <span class='ocrx_word' id='word_1_132' title='bbox 709 1939 795 2004; x_wconf 92' lang='lat' dir='ltr'>urbis</span> <span class='ocrx_word' id='word_1_133' title='bbox 818 1939 929 2027; x_wconf 90' lang='lat' dir='ltr'>fugam</span> <span class='ocrx_word' id='word_1_134' title='bbox 956 1942 1093 2022; x_wconf 84' lang='lat' dir='ltr'>dederat,</span> 
     </span>
     <span class='ocr_line' id='line_1_19' title="bbox 77 2031 1129 2122; baseline 0.01 -26"><span class='ocrx_word' id='word_1_135' title='bbox 77 2031 200 2096; x_wconf 66' lang='lat' dir='ltr'>tomam</span> <span class='ocrx_word' id='word_1_136' title='bbox 232 2031 408 2118; x_wconf 82' lang='lat' dir='ltr'>perfugere.</span> <span class='ocrx_word' id='word_1_137' title='bbox 457 2033 499 2096; x_wconf 93' lang='lat' dir='ltr'>L.</span> <span class='ocrx_word' id='word_1_138' title='bbox 531 2034 683 2099; x_wconf 88' lang='lat' dir='ltr'>Lucretio</span> <span class='ocrx_word' id='word_1_139' title='bbox 714 2035 836 2100; x_wconf 89' lang='lat' dir='ltr'>consuli</span> <span class='ocrx_word' id='word_1_140' title='bbox 867 2058 905 2101; x_wconf 92' lang='lat' dir='ltr'>ea</span> <span class='ocrx_word' id='word_1_141' title='bbox 933 2038 1129 2122; x_wconf 71' lang='lat' dir='ltr'>provinciae</span> 
     </span>
     <span class='ocr_line' id='line_1_20' title="bbox 79 2125 1095 2212; baseline 0.005 -20"><span class='ocrx_word' id='word_1_142' title='bbox 79 2127 174 2192; x_wconf 87' lang='lat' dir='ltr'>venit.</span> <span class='ocrx_word' id='word_1_143' title='bbox 203 2125 231 2190; x_wconf 92' lang='lat' dir='ltr'>is</span> <span class='ocrx_word' id='word_1_144' title='bbox 251 2148 322 2190; x_wconf 90' lang='lat' dir='ltr'>cum</span> <span class='ocrx_word' id='word_1_145' title='bbox 338 2127 476 2190; x_wconf 85' lang='lat' dir='ltr'>exercitu</span> <span class='ocrx_word' id='word_1_146' title='bbox 492 2127 652 2212; x_wconf 90' lang='lat' dir='ltr'>profectus</span> <span class='ocrx_word' id='word_1_147' title='bbox 672 2129 738 2193; x_wconf 91' lang='lat' dir='ltr'>acie</span> <span class='ocrx_word' id='word_1_148' title='bbox 751 2129 859 2195; x_wconf 91' lang='lat' dir='ltr'>hostes</span> <span class='ocrx_word' id='word_1_149' title='bbox 873 2132 969 2196; x_wconf 89' lang='lat' dir='ltr'>vincit</span> <span class='ocrx_word' id='word_1_150' title='bbox 984 2133 1095 2197; x_wconf 89' lang='lat' dir='ltr'>victor-</span> 
     </span>
     <span class='ocr_line' id='line_1_21' title="bbox 77 2220 920 2307; baseline 0.002 -22"><span class='ocrx_word' id='word_1_151' title='bbox 77 2243 122 2307; x_wconf 77' lang='lat' dir='ltr'>[ue</span> <span class='ocrx_word' id='word_1_152' title='bbox 141 2221 281 2285; x_wconf 87' lang='lat' dir='ltr'>Romam</span> <span class='ocrx_word' id='word_1_153' title='bbox 299 2221 339 2284; x_wconf 88' lang='lat' dir='ltr'>ad</span> <span class='ocrx_word' id='word_1_154' title='bbox 357 2220 459 2286; x_wconf 88' lang='lat' dir='ltr'>maius</span> <span class='ocrx_word' id='word_1_155' title='bbox 478 2220 638 2305; x_wconf 90' lang='lat' dir='ltr'>aliquanto</span> <span class='ocrx_word' id='word_1_156' title='bbox 656 2233 815 2287; x_wconf 88' lang='lat' dir='ltr'>certamen</span> <span class='ocrx_word' id='word_1_157' title='bbox 831 2224 920 2287; x_wconf 90' lang='lat' dir='ltr'>redit.</span> 
     </span>
    </p>

    <p class='ocr_par' dir='ltr' id='par_1_5' title="bbox 77 2315 1225 4011">
     <span class='ocr_line' id='line_1_22' title="bbox 122 2315 1127 2402; baseline 0.004 -21"><span class='ocrx_word' id='word_1_158' title='bbox 122 2316 209 2381; x_wconf 91' lang='lat' dir='ltr'>Dies</span> <span class='ocrx_word' id='word_1_159' title='bbox 227 2315 311 2380; x_wconf 91' lang='lat' dir='ltr'>dicta</span> <span class='ocrx_word' id='word_1_160' title='bbox 329 2325 394 2381; x_wconf 88' lang='lat' dir='ltr'>erat</span> <span class='ocrx_word' id='word_1_161' title='bbox 412 2315 544 2381; x_wconf 89' lang='lat' dir='ltr'>tribunis</span> <span class='ocrx_word' id='word_1_162' title='bbox 561 2316 647 2402; x_wconf 94' lang='lat' dir='ltr'>plebi</span> <span class='ocrx_word' id='word_1_163' title='bbox 661 2315 767 2380; x_wconf 91' lang='lat' dir='ltr'>bienni</span> <span class='ocrx_word' id='word_1_164' title='bbox 781 2317 949 2402; x_wconf 88' lang='lat' dir='ltr'>superioris</span> <span class='ocrx_word' id='word_1_165' title='bbox 964 2318 1093 2383; x_wconf 87' lang='lat' dir='ltr'>A.Ver-</span> <span class='ocrx_word' id='word_1_166' title='bbox 1111 2340 1127 2386; x_wconf 87' lang='lat' dir='ltr'>e</span> 
     </span>
     <span class='ocr_line' id='line_1_23' title="bbox 77 2409 1094 2496; baseline 0.001 -20"><span class='ocrx_word' id='word_1_167' title='bbox 77 2410 147 2492; x_wconf 73' lang='lat' dir='ltr'>:inio</span> <span class='ocrx_word' id='word_1_168' title='bbox 166 2421 198 2475; x_wconf 88' lang='lat' dir='ltr'>et</span> <span class='ocrx_word' id='word_1_169' title='bbox 217 2409 258 2492; x_wconf 82' lang='lat' dir='ltr'>Q.</span> <span class='ocrx_word' id='word_1_170' title='bbox 276 2410 467 2495; x_wconf 90' lang='lat' dir='ltr'>Pomponio,</span> <span class='ocrx_word' id='word_1_171' title='bbox 495 2432 574 2494; x_wconf 90' lang='lat' dir='ltr'>quos</span> <span class='ocrx_word' id='word_1_172' title='bbox 593 2410 719 2475; x_wconf 86' lang='lat' dir='ltr'>defendi</span> <span class='ocrx_word' id='word_1_173' title='bbox 736 2423 860 2496; x_wconf 91' lang='lat' dir='ltr'>patrum</span> <span class='ocrx_word' id='word_1_174' title='bbox 879 2433 1035 2476; x_wconf 88' lang='lat' dir='ltr'>consensu</span> <span class='ocrx_word' id='word_1_175' title='bbox 1053 2414 1094 2478; x_wconf 88' lang='lat' dir='ltr'>ad</span> 
     </span>
     <span class='ocr_line' id='line_1_24' title="bbox 77 2504 1092 2591; baseline 0.003 -23"><span class='ocrx_word' id='word_1_176' title='bbox 77 2506 156 2570; x_wconf 85' lang='lat' dir='ltr'>idem</span> <span class='ocrx_word' id='word_1_177' title='bbox 179 2515 308 2570; x_wconf 89' lang='lat' dir='ltr'>senatus</span> <span class='ocrx_word' id='word_1_178' title='bbox 330 2504 519 2591; x_wconf 84' lang='lat' dir='ltr'>pertinebat:</span> <span class='ocrx_word' id='word_1_179' title='bbox 547 2505 752 2589; x_wconf 89' lang='lat' dir='ltr'>nequeenim</span> <span class='ocrx_word' id='word_1_180' title='bbox 774 2528 827 2570; x_wconf 91' lang='lat' dir='ltr'>eos</span> <span class='ocrx_word' id='word_1_181' title='bbox 852 2514 905 2569; x_wconf 91' lang='lat' dir='ltr'>aut</span> <span class='ocrx_word' id='word_1_182' title='bbox 927 2506 1009 2570; x_wconf 86' lang='lat' dir='ltr'>vitae</span> <span class='ocrx_word' id='word_1_183' title='bbox 1027 2506 1092 2571; x_wconf 94' lang='lat' dir='ltr'>ullo</span> 
     </span>
     <span class='ocr_line' id='line_1_25' title="bbox 77 2599 1092 2686; baseline 0 -22"><span class='ocrx_word' id='word_1_184' title='bbox 77 2599 191 2664; x_wconf 79' lang='lat' dir='ltr'>nimine</span> <span class='ocrx_word' id='word_1_185' title='bbox 202 2599 264 2664; x_wconf 91' lang='lat' dir='ltr'>alio</span> <span class='ocrx_word' id='word_1_186' title='bbox 274 2608 328 2665; x_wconf 89' lang='lat' dir='ltr'>aut</span> <span class='ocrx_word' id='word_1_187' title='bbox 336 2601 418 2686; x_wconf 89' lang='lat' dir='ltr'>gesti</span> <span class='ocrx_word' id='word_1_188' title='bbox 432 2599 634 2686; x_wconf 87' lang='lat' dir='ltr'>magistratus</span> <span class='ocrx_word' id='word_1_189' title='bbox 648 2601 814 2683; x_wconf 90' lang='lat' dir='ltr'>quisquam</span> <span class='ocrx_word' id='word_1_190' title='bbox 824 2599 985 2686; x_wconf 89' lang='lat' dir='ltr'>arguebat,</span> <span class='ocrx_word' id='word_1_191' title='bbox 1002 2623 1092 2686; x_wconf 91' lang='lat' dir='ltr'>prae-</span> 
     </span>
     <span class='ocr_line' id='line_1_26' title="bbox 77 2694 1092 2782; baseline 0.001 -23"><span class='ocrx_word' id='word_1_192' title='bbox 77 2716 206 2779; x_wconf 86' lang='lat' dir='ltr'>erquam</span> <span class='ocrx_word' id='word_1_193' title='bbox 229 2695 315 2778; x_wconf 92' lang='lat' dir='ltr'>quod</span> <span class='ocrx_word' id='word_1_194' title='bbox 332 2694 544 2782; x_wconf 85' lang='lat' dir='ltr'>gratificantes</span> <span class='ocrx_word' id='word_1_195' title='bbox 567 2694 708 2780; x_wconf 89' lang='lat' dir='ltr'>patribus</span> <span class='ocrx_word' id='word_1_196' title='bbox 732 2695 886 2781; x_wconf 86' lang='lat' dir='ltr'>rogationi</span> <span class='ocrx_word' id='word_1_197' title='bbox 909 2694 1092 2760; x_wconf 87' lang='lat' dir='ltr'>tribuniciae</span> 
     </span>
     <span class='ocr_line' id='line_1_27' title="bbox 77 2789 1126 2875; baseline 0.001 -20"><span class='ocrx_word' id='word_1_198' title='bbox 77 2790 321 2855; x_wconf 80' lang='lat' dir='ltr'>ntercessissent</span> <span class='ocrx_word' id='word_1_199' title='bbox 357 2790 432 2854; x_wconf 89' lang='lat' dir='ltr'>vicit</span> <span class='ocrx_word' id='word_1_200' title='bbox 449 2799 555 2854; x_wconf 91' lang='lat' dir='ltr'>tamen</span> <span class='ocrx_word' id='word_1_201' title='bbox 572 2789 706 2875; x_wconf 85' lang='lat' dir='ltr'>gratiam</span> <span class='ocrx_word' id='word_1_202' title='bbox 726 2802 853 2853; x_wconf 90' lang='lat' dir='ltr'>senatus</span> <span class='ocrx_word' id='word_1_203' title='bbox 876 2789 978 2875; x_wconf 89' lang='lat' dir='ltr'>plebis</span> <span class='ocrx_word' id='word_1_204' title='bbox 996 2790 1043 2854; x_wconf 91' lang='lat' dir='ltr'>ira</span> <span class='ocrx_word' id='word_1_205' title='bbox 1060 2798 1091 2854; x_wconf 89' lang='lat' dir='ltr'>et</span> <span class='ocrx_word' id='word_1_206' title='bbox 1110 2810 1126 2857; x_wconf 78' lang='lat' dir='ltr'>t</span> 
     </span>
     <span class='ocr_line' id='line_1_28' title="bbox 77 2882 1094 2970; baseline -0.003 -19"><span class='ocrx_word' id='word_1_207' title='bbox 77 2885 201 2951; x_wconf 72' lang='lat' dir='ltr'>›essimo</span> <span class='ocrx_word' id='word_1_208' title='bbox 220 2883 364 2970; x_wconf 88' lang='lat' dir='ltr'>exemplo</span> <span class='ocrx_word' id='word_1_209' title='bbox 385 2884 505 2949; x_wconf 83' lang='lat' dir='ltr'>innoxii</span> <span class='ocrx_word' id='word_1_210' title='bbox 528 2883 617 2949; x_wconf 86' lang='lat' dir='ltr'>denis</span> <span class='ocrx_word' id='word_1_211' title='bbox 640 2882 767 2948; x_wconf 88' lang='lat' dir='ltr'>milibus</span> <span class='ocrx_word' id='word_1_212' title='bbox 791 2884 896 2969; x_wconf 86' lang='lat' dir='ltr'>gravis</span> <span class='ocrx_word' id='word_1_213' title='bbox 920 2884 1001 2949; x_wconf 90' lang='lat' dir='ltr'>aeris</span> <span class='ocrx_word' id='word_1_214' title='bbox 1019 2905 1094 2948; x_wconf 91' lang='lat' dir='ltr'>con·</span> 
     </span>
     <span class='ocr_line' id='line_1_29' title="bbox 77 2976 1127 3064; baseline 0.004 -23"><span class='ocrx_word' id='word_1_215' title='bbox 77 2977 201 3045; x_wconf 88' lang='lat' dir='ltr'>lemnati</span> <span class='ocrx_word' id='word_1_216' title='bbox 219 2987 301 3043; x_wconf 85' lang='lat' dir='ltr'>sunt.</span> <span class='ocrx_word' id='word_1_217' title='bbox 328 2978 362 3042; x_wconf 93' lang='lat' dir='ltr'>id</span> <span class='ocrx_word' id='word_1_218' title='bbox 379 3000 472 3064; x_wconf 86' lang='lat' dir='ltr'>aegre</span> <span class='ocrx_word' id='word_1_219' title='bbox 489 2977 576 3064; x_wconf 88' lang='lat' dir='ltr'>passi</span> <span class='ocrx_word' id='word_1_220' title='bbox 594 2987 708 3063; x_wconf 87' lang='lat' dir='ltr'>patres.</span> <span class='ocrx_word' id='word_1_221' title='bbox 738 2976 890 3042; x_wconf 88' lang='lat' dir='ltr'>Camillus</span> <span class='ocrx_word' id='word_1_222' title='bbox 905 2977 1010 3063; x_wconf 91' lang='lat' dir='ltr'>palam</span> <span class='ocrx_word' id='word_1_223' title='bbox 1026 2999 1093 3042; x_wconf 90' lang='lat' dir='ltr'>sce·</span> <span class='ocrx_word' id='word_1_224' title='bbox 1111 2996 1127 3045; x_wconf 83' lang='lat'>8</span> 
     </span>
     <span class='ocr_line' id='line_1_30' title="bbox 77 3071 1094 3160; baseline -0.001 -24"><span class='ocrx_word' id='word_1_225' title='bbox 77 3074 138 3137; x_wconf 87' lang='lat' dir='ltr'>eris</span> <span class='ocrx_word' id='word_1_226' title='bbox 154 3071 278 3160; x_wconf 88' lang='lat' dir='ltr'>plebem</span> <span class='ocrx_word' id='word_1_227' title='bbox 296 3095 441 3160; x_wconf 86' lang='lat' dir='ltr'>arguere,</span> <span class='ocrx_word' id='word_1_228' title='bbox 462 3093 542 3156; x_wconf 91' lang='lat' dir='ltr'>quae</span> <span class='ocrx_word' id='word_1_229' title='bbox 559 3073 622 3137; x_wconf 91' lang='lat' dir='ltr'>iam</span> <span class='ocrx_word' id='word_1_230' title='bbox 639 3071 673 3135; x_wconf 93' lang='lat' dir='ltr'>in</span> <span class='ocrx_word' id='word_1_231' title='bbox 692 3093 766 3136; x_wconf 89' lang='lat' dir='ltr'>suos</span> <span class='ocrx_word' id='word_1_232' title='bbox 784 3093 877 3135; x_wconf 86' lang='lat' dir='ltr'>versa</span> <span class='ocrx_word' id='word_1_233' title='bbox 893 3093 957 3135; x_wconf 93' lang='lat' dir='ltr'>non</span> <span class='ocrx_word' id='word_1_234' title='bbox 973 3071 1094 3135; x_wconf 91' lang='lat' dir='ltr'>intelle-</span> 
     </span>
     <span class='ocr_line' id='line_1_31' title="bbox 77 3164 1091 3254; baseline -0.002 -24"><span class='ocrx_word' id='word_1_235' title='bbox 77 3176 164 3250; x_wconf 72' lang='lat' dir='ltr'>geret,</span> <span class='ocrx_word' id='word_1_236' title='bbox 181 3188 320 3254; x_wconf 88' lang='lat' dir='ltr'>sepravo</span> <span class='ocrx_word' id='word_1_237' title='bbox 329 3167 443 3232; x_wconf 91' lang='lat' dir='ltr'>iudicio</span> <span class='ocrx_word' id='word_1_238' title='bbox 453 3167 492 3233; x_wconf 91' lang='lat' dir='ltr'>de</span> <span class='ocrx_word' id='word_1_239' title='bbox 502 3165 633 3232; x_wconf 89' lang='lat' dir='ltr'>tribunis</span> <span class='ocrx_word' id='word_1_240' title='bbox 647 3165 903 3230; x_wconf 90' lang='lat' dir='ltr'>intercessionem</span> <span class='ocrx_word' id='word_1_241' title='bbox 917 3164 1091 3241; x_wconf 90' lang='lat' dir='ltr'>sustulisse,</span> 
     </span>
     <span class='ocr_line' id='line_1_32' title="bbox 77 3259 1126 3349; baseline -0.001 -21"><span class='ocrx_word' id='word_1_242' title='bbox 77 3266 284 3330; x_wconf 88' lang='lat' dir='ltr'>ntercessione</span> <span class='ocrx_word' id='word_1_243' title='bbox 295 3262 418 3329; x_wconf 88' lang='lat' dir='ltr'>sublata</span> <span class='ocrx_word' id='word_1_244' title='bbox 427 3263 625 3329; x_wconf 88' lang='lat' dir='ltr'>tribuniciam</span> <span class='ocrx_word' id='word_1_245' title='bbox 638 3272 826 3349; x_wconf 89' lang='lat' dir='ltr'>potestatem</span> <span class='ocrx_word' id='word_1_246' title='bbox 840 3259 999 3325; x_wconf 81' lang='lat' dir='ltr'>evertisse.</span> <span class='ocrx_word' id='word_1_247' title='bbox 1017 3281 1092 3323; x_wconf 91' lang='lat' dir='ltr'>nam</span> <span class='ocrx_word' id='word_1_248' title='bbox 1110 3280 1126 3327; x_wconf 83' lang='lat'><strong>9</strong></span> 
     </span>
     <span class='ocr_line' id='line_1_33' title="bbox 77 3354 1092 3446; baseline -0.007 -21"><span class='ocrx_word' id='word_1_249' title='bbox 77 3360 147 3441; x_wconf 75' lang='lat' dir='ltr'>prod</span> <span class='ocrx_word' id='word_1_250' title='bbox 164 3359 211 3425; x_wconf 92' lang='lat' dir='ltr'>illi</span> <span class='ocrx_word' id='word_1_251' title='bbox 228 3369 402 3446; x_wconf 87' lang='lat' dir='ltr'>sperarent,</span> <span class='ocrx_word' id='word_1_252' title='bbox 427 3359 610 3424; x_wconf 88' lang='lat' dir='ltr'>effrenatam</span> <span class='ocrx_word' id='word_1_253' title='bbox 627 3357 785 3423; x_wconf 89' lang='lat' dir='ltr'>licentiam</span> <span class='ocrx_word' id='word_1_254' title='bbox 803 3356 870 3422; x_wconf 90' lang='lat' dir='ltr'>eius</span> <span class='ocrx_word' id='word_1_255' title='bbox 889 3354 1092 3442; x_wconf 87' lang='lat' dir='ltr'>magistratus</span> 
     </span>
     <span class='ocr_line' id='line_1_34' title="bbox 77 3447 1091 3532; baseline -0.006 -13"><span class='ocrx_word' id='word_1_256' title='bbox 77 3464 166 3520; x_wconf 68' lang='lat' dir='ltr'>&gt;atres</span> <span class='ocrx_word' id='word_1_257' title='bbox 184 3453 313 3532; x_wconf 85' lang='lat' dir='ltr'>laturos,</span> <span class='ocrx_word' id='word_1_258' title='bbox 331 3453 400 3518; x_wconf 84' lang='lat' dir='ltr'>falli</span> <span class='ocrx_word' id='word_1_259' title='bbox 417 3476 481 3519; x_wconf 85' lang='lat' dir='ltr'>eos.</span> <span class='ocrx_word' id='word_1_260' title='bbox 509 3454 537 3519; x_wconf 90' lang='lat' dir='ltr'>si</span> <span class='ocrx_word' id='word_1_261' title='bbox 554 3452 719 3518; x_wconf 88' lang='lat' dir='ltr'>tribunicia</span> <span class='ocrx_word' id='word_1_262' title='bbox 732 3452 781 3517; x_wconf 84' lang='lat' dir='ltr'>vis</span> <span class='ocrx_word' id='word_1_263' title='bbox 795 3448 961 3516; x_wconf 83' lang='lat' dir='ltr'>tribunicio</span> <span class='ocrx_word' id='word_1_264' title='bbox 975 3447 1091 3514; x_wconf 88' lang='lat' dir='ltr'>auxilio</span> 
     </span>
     <span class='ocr_line' id='line_1_35' title="bbox 77 3547 1144 3639; baseline -0.003 -25"><span class='ocrx_word' id='word_1_265' title='bbox 77 3549 170 3639; x_wconf 85' lang='lat' dir='ltr'>epelli</span> <span class='ocrx_word' id='word_1_266' title='bbox 186 3558 336 3633; x_wconf 85' lang='lat' dir='ltr'>nequeat,</span> <span class='ocrx_word' id='word_1_267' title='bbox 356 3548 441 3613; x_wconf 88' lang='lat' dir='ltr'>aliud</span> <span class='ocrx_word' id='word_1_268' title='bbox 459 3548 556 3612; x_wconf 90' lang='lat' dir='ltr'>telum</span> <span class='ocrx_word' id='word_1_269' title='bbox 573 3558 678 3633; x_wconf 90' lang='lat' dir='ltr'>patres</span> <span class='ocrx_word' id='word_1_270' title='bbox 696 3547 878 3611; x_wconf 87' lang='lat' dir='ltr'>inventuros</span> <span class='ocrx_word' id='word_1_271' title='bbox 897 3566 977 3610; x_wconf 88' lang='lat' dir='ltr'>esse.</span> <span class='ocrx_word' id='word_1_272' title='bbox 1018 3561 1144 3611; x_wconf 85' lang='lat' dir='ltr'>con-10</span> 
     </span>
     <span class='ocr_line' id='line_1_36' title="bbox 77 3638 1091 3729; baseline -0.008 -20"><span class='ocrx_word' id='word_1_273' title='bbox 77 3643 211 3728; x_wconf 86' lang='lat' dir='ltr'>ulesque</span> <span class='ocrx_word' id='word_1_274' title='bbox 228 3641 418 3729; x_wconf 85' lang='lat' dir='ltr'>increpabat,</span> <span class='ocrx_word' id='word_1_275' title='bbox 438 3642 523 3728; x_wconf 92' lang='lat' dir='ltr'>quod</span> <span class='ocrx_word' id='word_1_276' title='bbox 539 3642 602 3708; x_wconf 86' lang='lat' dir='ltr'>fide</span> <span class='ocrx_word' id='word_1_277' title='bbox 619 3640 747 3727; x_wconf 91' lang='lat' dir='ltr'>publica</span> <span class='ocrx_word' id='word_1_278' title='bbox 764 3638 867 3725; x_wconf 90' lang='lat' dir='ltr'>decipi</span> <span class='ocrx_word' id='word_1_279' title='bbox 881 3638 1022 3703; x_wconf 91' lang='lat' dir='ltr'>tribunos</span> <span class='ocrx_word' id='word_1_280' title='bbox 1036 3658 1091 3702; x_wconf 89' lang='lat' dir='ltr'>eos</span> 
     </span>
     <span class='ocr_line' id='line_1_37' title="bbox 77 3734 1089 3824; baseline -0.008 -20"><span class='ocrx_word' id='word_1_281' title='bbox 77 3738 148 3804; x_wconf 65' lang='lat' dir='ltr'>sciti</span> <span class='ocrx_word' id='word_1_282' title='bbox 173 3738 333 3817; x_wconf 85' lang='lat' dir='ltr'>tulissent,</span> <span class='ocrx_word' id='word_1_283' title='bbox 364 3738 418 3824; x_wconf 92' lang='lat' dir='ltr'>qui</span> <span class='ocrx_word' id='word_1_284' title='bbox 450 3747 577 3802; x_wconf 87' lang='lat' dir='ltr'>senatus</span> <span class='ocrx_word' id='word_1_285' title='bbox 604 3736 819 3801; x_wconf 88' lang='lat' dir='ltr'>auctoritatem</span> <span class='ocrx_word' id='word_1_286' title='bbox 851 3734 950 3799; x_wconf 89' lang='lat' dir='ltr'>secuti</span> <span class='ocrx_word' id='word_1_287' title='bbox 976 3741 1089 3798; x_wconf 89' lang='lat' dir='ltr'>essent.</span> 
     </span>
     <span class='ocr_line' id='line_1_38' title="bbox 77 3826 1090 3921; baseline -0.011 -21"><span class='ocrx_word' id='word_1_288' title='bbox 77 3854 139 3900; x_wconf 68' lang='lat' dir='ltr'>laec</span> <span class='ocrx_word' id='word_1_289' title='bbox 156 3833 321 3921; x_wconf 86' lang='lat' dir='ltr'>propalam</span> <span class='ocrx_word' id='word_1_290' title='bbox 339 3830 610 3899; x_wconf 89' lang='lat' dir='ltr'>contionabundus</span> <span class='ocrx_word' id='word_1_291' title='bbox 627 3831 661 3896; x_wconf 92' lang='lat' dir='ltr'>in</span> <span class='ocrx_word' id='word_1_292' title='bbox 678 3832 746 3896; x_wconf 88' lang='lat' dir='ltr'>dies</span> <span class='ocrx_word' id='word_1_293' title='bbox 764 3830 866 3917; x_wconf 90' lang='lat' dir='ltr'>magis</span> <span class='ocrx_word' id='word_1_294' title='bbox 880 3826 1016 3916; x_wconf 89' lang='lat' dir='ltr'>augebat</span> <span class='ocrx_word' id='word_1_295' title='bbox 1027 3827 1090 3890; x_wconf 89' lang='lat' dir='ltr'>iras</span> 
     </span>
     <span class='ocr_line' id='line_1_39' title="bbox 77 3948 1225 4011; baseline 0.001 -18"><span class='ocrx_word' id='word_1_296' title='bbox 77 3948 235 3993; x_wconf 75' lang='lat' dir='ltr'>tomrnum.</span> <span class='ocrx_word' id='word_1_297' title='bbox 1221 4006 1225 4011; x_wconf 27' lang='lat'>¹</span> 
     </span>
    </p>

    <p class='ocr_par' dir='ltr' id='par_1_6' title="bbox 124 4013 1124 4104">
     <span class='ocr_line' id='line_1_40' title="bbox 124 4013 1124 4104; baseline -0.008 -14"><span class='ocrx_word' id='word_1_298' title='bbox 124 4022 247 4090; x_wconf 89' lang='lat' dir='ltr'>XXX.</span> <span class='ocrx_word' id='word_1_299' title='bbox 290 4019 442 4092; x_wconf 84' lang='lat' dir='ltr'>Senatum</span> <span class='ocrx_word' id='word_1_300' title='bbox 464 4046 540 4090; x_wconf 84' lang='lat' dir='ltr'>vero</span> <span class='ocrx_word' id='word_1_301' title='bbox 560 4021 690 4088; x_wconf 88' lang='lat' dir='ltr'>incitare</span> <span class='ocrx_word' id='word_1_302' title='bbox 717 4020 868 4086; x_wconf 90' lang='lat' dir='ltr'>adversus</span> <span class='ocrx_word' id='word_1_303' title='bbox 890 4013 1124 4104; x_wconf 88' lang='lat' dir='ltr'>legemhaut1</span> 
     </span>
    </p>
   </div>
   <div class='ocr_carea' id='block_1_3' title="bbox 1105 4108 1227 4258">
    <p class='ocr_par' dir='ltr' id='par_1_7' title="bbox 1105 4108 1227 4258">
     <span class='ocr_line' id='line_1_41' title="bbox 1174 4108 1203 4131; baseline 0 -8"><span class='ocrx_word' id='word_1_304' title='bbox 1174 4108 1203 4131; x_wconf 58' lang='lat' dir='ltr'>q&#39;l</span> 
     </span>
     <span class='ocr_line' id='line_1_42' title="bbox 1105 4110 1227 4258; baseline 0.008 -1"><span class='ocrx_word' id='word_1_305' title='bbox 1105 4110 1227 4258; x_wconf 56' lang='lat' dir='ltr'>ss</span> 
     </span>
    </p>
   </div>
   <div class='ocr_carea' id='block_1_4' title="bbox 0 0 1288 4524">
    <p class='ocr_par' dir='ltr' id='par_1_8' title="bbox 0 0 1288 4524">
     <span class='ocr_line' id='line_1_43' title="bbox 0 0 1288 4524; baseline 0 0"><span class='ocrx_word' id='word_1_306' title='bbox 0 0 1288 4524; x_wconf 95' lang='lat' dir='ltr'> </span> 
     </span>
    </p>
   </div>
  </div>
 </body>
</html>
