2566 4524
131 242 173 309 36
390 254 508 309 LIBER
520 254 549 325 1,
567 254 609 309 32.
629 257 667 323 [a.
676 271 704 310 u.
715 271 739 309 c.
748 253 898 325 rte-138]

98 436 114 487 s
194 414 338 501 Legatus
360 411 416 479 ubi
437 413 478 477 ad
500 413 579 477 fines
598 434 706 478 eorum
723 412 823 489 venit,
845 411 930 477 unde
946 435 998 479 res
1015 422 1168 501 repetun·'

130 520 193 589 tur,
216 510 318 595 cupite
336 508 438 573 velato
456 507 509 572 filo
527 545 570 555 -
587 507 678 572 lanae
695 506 840 572 velamen
857 516 906 571 est
917 545 960 556 -
980 509 1072 574 ‘audi
1087 511 1157 597 Iup

128 604 232 691 pitcr‚'
258 603 360 687 inquit
383 602 502 667 ‘audite
523 600 616 667 fines’
634 639 676 650 —
699 602 924 686 cuiuscumque
949 604 1056 690 gentis
1080 614 1154 681 suut,

130 700 270 765 nominat
288 736 330 747 -
345 698 466 763 ‘audiat
483 696 548 762 fas!
576 720 636 784 ego
655 720 726 761 sum
744 697 889 782 publicus
906 698 1037 763 nuntius
1055 699 1154 786 popuii

131 792 283 870 lhmmni,
310 792 391 859 iuste
413 792 526 877 pieque
548 792 672 878 legatus
690 793 782 856 venio
800 792 968 876 verbisque
985 794 1067 860 meis
1083 795 1153 860 fides

98 888 191 955 rsit!
225 888 347 973 peragit
369 887 481 951 deinde
503 887 669 972 postulata.
705 887 779 951 inde
800 886 910 951 Iovem
933 896 1048 961 testem
1073 889 1152 955 facit:

132 984 174 1047 ‘ni
197 1006 257 1071 ego
279 982 393 1048 iniuste
410 981 569 1068 impieque
586 981 657 1046 illos
676 981 818 1046 homines
836 980 969 1065 illasque
986 1006 1038 1049 res
1057 985 1154 1049 dedier

131 1078 207 1143 mibi
231 1099 381 1163 exposco,
408 1088 475 1141 tum
496 1076 616 1162 patriae
639 1088 815 1161 compotem
832 1098 882 1140 me
900 1099 1075 1161 numquam
1092 1077 1151 1145 siris

97 1172 221 1239 uterne!
255 1172 334 1237 hacc
356 1194 428 1237 cum
450 1171 529 1235 fines
553 1171 785 1258 suprascandit‚
812 1170 891 1235 haec
916 1171 1107 1258 quicumque
1128 1170 1152 1238 ci

131 1268 250 1355 prirnus
277 1266 326 1331 vir
347 1266 459 1333 obvius
482 1266 591 1345 fuerit,
618 1266 697 1330 baec
718 1276 841 1352 portam
862 1266 1058 1352 ingrediens,
1084 1267 1151 1333 baec

131 1364 234 1427 sornnr
265 1362 427 1449 ingressus
457 1361 568 1449 paucis
599 1361 704 1427 verbis
732 1360 877 1426 carminis
904 1362 1150 1449 concipiendique

97 1458 206 1523 uiurin
229 1458 351 1523 iurandi
374 1458 502 1522 mutetis
523 1457 656 1545 peragit.
693 1457 721 1521 si
742 1479 806 1522 non
827 1456 983 1521 deduntur
1005 1479 1086 1543 quos
1107 1480 1151 1523 ex·

130 1552 247 1637 poscit,
275 1550 386 1616 dicbus
413 1551 513 1616 tribus
540 1561 571 1616 et
597 1552 726 1638 triginta
748 1589 790 1599 -
813 1560 859 1615 tot
885 1550 969 1615 enim
995 1552 1149 1617 sollemnes

83 1662 114 1709 lo
133 1656 207 1709 nunt
225 1682 266 1693 —
288 1646 423 1731 peractis
445 1644 562 1710 bellum
585 1646 629 1711 ita
650 1645 773 1710 indicit:
801 1644 889 1709 ‘audi
910 1644 1054 1731 Iuppiter
1075 1655 1106 1712 et
1124 1655 1151 1711 tu

131 1740 225 1817 luno,
254 1738 385 1823 Quirine
412 1739 517 1823 diique
544 1763 653 1807 omnes
681 1740 831 1805 caelestes
858 1761 977 1823 vosque
1000 1750 1150 1806 terrestres

131 1858 249 1919 vosque
267 1836 380 1901 interni
399 1834 519 1909 audite!
552 1859 611 1923 ego
629 1858 687 1900 vos
706 1846 812 1913 testor,
835 1834 986 1920 populum
1003 1835 1106 1900 illum'
1118 1870 1151 1885 -

131 1932 320 2015 ‹prirnnnqnc
339 1942 400 2009 cst,
420 1932 560 1996 nominat
578 1969 620 1979 —
635 1932 799 1996 ‘iniustum
818 1953 888 1995 esse
904 1952 1007 2014 neque
1025 1931 1076 1997 ius
1092 1953 1153 2018 per-

133 2026 263 2089 solvero.
304 2026 360 2091 sed
383 2027 421 2089 dc
445 2027 515 2093 istis
537 2026 632 2092 rebus
655 2027 687 2091 in
709 2027 810 2111 patria
830 2026 964 2091 maiores
985 2037 1065 2091 natu
1089 2049 1153 2093 oon·

133 2120 286 2195 nolemus,
314 2142 376 2203 quo
398 2134 491 2207 pacto
513 2122 562 2187 ius
589 2132 733 2187 nostrum
759 2119 988 2206 adipiscamur?
1025 2143 1097 2186 cum
1119 2120 1152 2185 iis

83 2238 109 2283 11
133 2216 259 2279 nuntius
276 2216 407 2281 lhnunm
426 2218 466 2282 ad
485 2218 711 2283 consulendum
729 2218 818 2282 redit.
855 2215 1021 2281 confestim
1038 2239 1095 2281 rex
1110 2216 1151 2280 bis

135 2312 233 2375 tiu-run
255 2311 358 2375 vorbis
382 2324 486 2397 putres
510 2312 706 2378 consulebat:
735 2319 882 2395 ‘quarum
903 2333 1022 2387 rerum,
1049 2311 1152 2387 litium,

132 2428 297 2471 crnuuunn
315 2408 452 2471 cortilixit
466 2422 555 2493 puter
568 2418 709 2493 patratus
723 2407 832 2492 populi
844 2405 981 2469 Romani
990 2403 1153 2487 Quirinum

132 2502 210 2587 putri
234 2514 354 2587 putruto
377 2502 552 2587 priscorum
571 2503 760 2567 Latinorum
781 2499 1023 2583 hominibusque
1049 2499 1152 2586 priscis

132 2596 269 2673 Latinis,
288 2620 367 2681 «prus
381 2622 432 2663 ros
446 2622 504 2663 nce
518 2599 671 2663 dederuut
684 2621 743 2662 nec
758 2597 917 2662 solverunt
933 2618 992 2660 nec
1009 2596 1152 2671 fecerunt

133 2712 211 2773 quus
229 2714 279 2755 res
298 2694 378 2770 duri,
403 2694 496 2771 solvi,
520 2694 587 2759 fiori
605 2694 756 2779 oportuit,
780 2691 853 2769 dic,’
879 2690 980 2774 inquit
997 2691 1041 2767 ei,
1067 2711 1154 2773 quem

87 2802 117 2848 12
135 2786 269 2868 prinunn
289 2789 471 2852 sententium
485 2788 617 2875 ringebat
637 2788 728 2872 ‘quid
746 2786 887 2851 censes?
912 2798 980 2848 tum
996 2785 1051 2850 ille
1069 2792 1153 2871 ‘puro

134 2877 248 2960 pioque
266 2880 370 2945 duodo
384 2887 577 2965 qtmerendus
592 2906 706 2949 censeo
720 2884 825 2966 itaque
843 2880 1005 2945 consentio
1023 2880 1153 2944 conscis-

137 2972 255 3053 coque?
277 2974 349 3039 inde
363 2977 469 3042 ordine
487 2980 540 3043 alii
558 2978 749 3065 rogabuntur
767 2975 955 3060 quandoque
972 2998 1046 3059 pars
1063 2974 1154 3039 maior

135 3084 241 3129 eorum
271 3069 325 3151 qui
351 3071 478 3136 celerant
505 3075 537 3137 in
564 3074 695 3137 errrnlenr
722 3071 906 3136 senteutiam
933 3067 1013 3146 ibat,
1044 3068 1151 3134 bellum

135 3176 200 3223 erut
218 3184 415 3230 consensum.
442 3168 509 3232 fieri
528 3168 668 3239 solitum.
687 3179 722 3232 ut
740 3165 855 3230 fetialis
872 3164 997 3229 hastam
1013 3163 1152 3229 ferratam

136 3270 188 3318 aut
208 3260 412 3343 sanguineum
429 3284 608 3347 praeustam
626 3264 667 3328 ud
685 3263 763 3327 fines
781 3284 889 3325 eorum
910 3260 1006 3323 ferret
1027 3270 1072 3338 et,
1097 3278 1152 3322 non

88 3372 117 3417 ln
136 3350 239 3411 minus
252 3353 350 3415 uibus
365 3355 534 3437 puberibus
552 3357 785 3441 praesentibus,
804 3356 918 3419 diceret
938 3354 1037 3437 ‘quod
1053 3348 1152 3439 populi

137 3444 309 3527 priscorum
330 3447 515 3513 Latinorum
539 3452 745 3537 hominesque
766 3452 862 3539 prisci
878 3450 988 3515 Latini
1009 3451 1151 3515 adversm

137 3536 287 3621 populum
298 3539 473 3605 Romanurn
489 3543 660 3626 Quiritium
674 3550 829 3624 ibccruut,
847 3546 1057 3628 deliquerunt,
1076 3539 1153 3628 quod

136 3630 271 3713 populus
294 3631 455 3700 Romanus
475 3637 643 3721 Quiritium
665 3643 783 3708 bellum
805 3665 877 3706 cum
899 3640 1012 3725 priscis
1033 3636 1152 3704 Latinis

135 3726 226 3787 iussit
249 3748 319 3791 csse
342 3752 526 3817 senatusque
549 3740 655 3823 populi
678 3739 814 3803 Romani
836 3736 1006 3819 Quiritium
1028 3733 1152 3808 censuit,

137 3821 307 3897 00ss⁵⁰¹1⁸5¹2
330 3827 492 3905 conscivit,
515 3854 547 3894 nr
567 3833 683 3897 bellum
701 3858 773 3897 curn
790 3832 901 3919 priscis
918 3831 1044 3895 Latinis
1063 3830 1153 3905 ficret,

137 3912 179 3975 ob
201 3936 270 3977 eam
288 3938 354 3981 rem
371 3942 431 4005 ego
448 3926 643 4011 populusque
662 3930 825 3993 Romanus
843 3926 968 4013 populis
985 3925 1156 4010 prisconrm

136 4004 324 4077 Latinorum
353 4013 592 4107 bomhribusque
621 4025 734 4109 priscis
760 4024 886 4088 Latinis
912 4020 1030 4086 bellum
1054 4018 1156 4084 indico
