2566 4524
333 251 801 326 casamassancia
1016 242 1082 313 469

103 410 248 479 XXVL
278 409 404 477 Eodem
422 433 504 476 anno
526 411 650 498 prodito
667 410 812 480 hostibus
828 411 973 482 Romano
990 434 1112 503 prae-1

63 510 124 576 dio
144 506 287 573 Luceria
306 503 496 573 Samnitium
517 506 610 572 lacta.
646 529 706 574 nec
727 508 782 574 diu
801 509 1013 596 proditoribus
1033 512 1084 579 in·

63 605 157 670 mita
172 624 228 668 res
244 601 313 668 fuit
345 601 430 667 haud
447 600 556 688 procul
573 601 646 667 inde
660 603 813 670 exercitus
822 603 987 672 Romanus
1000 617 1081 688 erat3
1100 629 1115 676 2

63 699 132 765 dus
157 694 264 785 primo
285 695 405 784 impetu
426 695 501 761 urbs
525 696 585 762 sita
602 697 635 761 in
652 697 747 783 plano
764 698 894 785 capitm.
930 701 1082 767 Lucerini

63 820 69 856 t
89 789 268 860 Samnites
284 789 328 856 ad
343 788 588 857 internecionem
606 792 704 871 caesi,
727 814 828 878 eoque
848 795 896 860 ira
915 796 1082 881 processit,
1099 815 1114 863 a

63 887 231 954 ,Rama
255 906 395 970 quoque,
422 907 495 951 cum
517 886 557 952 de
583 886 702 953 colonis
727 887 888 954 mittendis
909 889 1081 957 Luceriam

63 979 267 1049 msuleretnr
291 988 435 1059 senatus,
461 980 552 1046 multi
578 981 744 1048 delendam
769 980 880 1048 urbem
906 995 1079 1051 censerent.

63 1084 172 1144 aeter
190 1073 308 1162 odium,
323 1075 409 1159 qnod
427 1073 601 1141 execrabile
618 1075 652 1141 in
668 1075 719 1143 bis
737 1085 846 1164 captos
865 1087 940 1157 erat,
957 1078 1078 1166 longin-
1098 1099 1115 1146 4

63 1170 149 1237 titas
169 1189 298 1253 quoque
316 1167 483 1235 abhorrere
497 1190 516 1234 a
528 1168 707 1256 relegandis
724 1180 789 1236 tam
806 1170 916 1258 procul
932 1170 973 1238 ab
987 1173 1081 1239 domo

63 1264 169 1332 ribus
187 1263 271 1329 inter
283 1271 349 1330 tam
360 1263 493 1329 infestas
510 1272 620 1351 gentes
635 1264 777 1352 cogebat
803 1264 878 1331 vicit
891 1273 997 1332 tamen
1010 1286 1114 1335 sen-c

63 1360 154 1438 ntia,
171 1366 212 1423 ut
228 1357 423 1424 mitterentur
440 1358 551 1424 coloni.
579 1359 642 1424 duo
655 1359 742 1425 milia
755 1368 786 1424 et
799 1359 963 1448 quingenti
979 1360 1079 1428 missi.
1128 1414 1131 1421 .

99 1453 240 1521 Eodem
256 1474 352 1531 anno,
375 1473 448 1518 cum
466 1453 571 1518 omnia
592 1453 689 1519 infida
704 1453 858 1519 Romanis
876 1464 996 1534 essent,
1017 1453 1081 1522 Ca-

63 1571 123 1617 rae
144 1568 275 1634 quoque
293 1546 435 1615 occultae
451 1547 627 1636 principum
646 1548 876 1615 coniurationes
894 1549 1008 1616 factae.
1039 1551 1079 1617 de
1098 1559 1122 1620 e'

63 1644 161 1712 ribus
181 1663 256 1708 cum
273 1641 315 1707 ad
332 1650 476 1708 senatum
492 1641 626 1709 relatum
644 1651 741 1722 esset,
763 1642 1009 1729 haudquaquam
1025 1668 1082 1711 ne·

63 1740 152 1808 scta
166 1759 232 1804 res.
255 1736 454 1822 quaestiones
468 1738 621 1817 decretae,
635 1738 879 1821 dictatoremque
892 1739 1082 1823 quaestioni·
1152 1752 1153 1755 ’

63 1857 99 1901 rs
119 1831 311 1899 exercendis
323 1832 386 1898 dici
403 1832 530 1918 placuit.
560 1832 598 1898 C.
607 1831 755 1897 Maenius
769 1831 887 1912 dictus3
905 1832 932 1898 is
941 1831 990 1896 M.
1000 1831 1081 1898 llos·
1098 1855 1113 1902 1

63 1950 121 1995 nm
146 1925 336 2013 magistrum
359 1925 499 2010 equitum
521 1926 609 1991 dixit
649 1926 761 2014 ingens
784 1935 854 1993 erat
877 1926 1080 2014 magistratus

63 2045 110 2088 ns
137 2028 248 2086 terror.
287 2019 393 2104 itaque
415 2019 482 2085 sive
504 2020 596 2084 timor
614 2043 671 2086 seu
694 2020 902 2087 conscientiae
918 2021 968 2087 vis
988 2019 1082 2088 Cala·

63 2118 111 2185 ¹tos
123 2111 252 2182 Ovium
263 2111 463 2198 Noviumque
481 2150 523 2162 -
541 2115 699 2200 cacapite
716 2115 937 2182 coniurationis
956 2115 1081 2187 fuerant

63 2209 296 2298 -,priusquam
308 2207 541 2273 nominarentur
550 2207 634 2292 apud
647 2207 840 2285 dictatorem,
872 2231 956 2272 mors
995 2210 1081 2274 haud

63 2302 203 2375 abiesab
220 2301 300 2389 ipsis
317 2303 457 2369 conscita
473 2301 588 2367 iudicio
607 2300 771 2366 subtraxit.
798 2299 912 2366 deinde
928 2308 965 2364 ut
982 2322 1078 2384 quae·
1095 2312 1111 2362 a

63 2397 141 2468 toni
154 2395 342 2484 Campanae
359 2395 489 2462 materia
507 2394 652 2474 decessit,
671 2416 764 2460 versa
774 2394 912 2462 Romam
928 2395 1080 2480 interpre-

63 2495 143 2563 ndo
159 2514 228 2559 res:
254 2514 319 2558 non
335 2491 520 2558 nominatim
537 2490 591 2576 qui
610 2488 754 2578 Capuae,
775 2491 831 2555 sed
848 2490 881 2554 in
898 2489 1080 2555 universum

63 2590 94 2656 ri
119 2608 262 2673 usquam
284 2586 423 2653 coissent
444 2586 700 2653 coniurassentve
724 2585 876 2650 adversus
893 2605 960 2649 rem
977 2583 1081 2668 publi-

63 2708 111 2754 tm
136 2681 250 2768 quaeri
276 2691 420 2748 senatum
445 2680 578 2748 iussisse
604 2690 636 2748 et
656 2679 807 2747 coitiones
833 2679 987 2744 honorum
1014 2677 1113 2742 adi-9

63 2775 271 2848 scenderunt
297 2797 394 2842 causa
419 2775 520 2841 lactas
546 2777 698 2843 adversus
720 2797 787 2841 rem
813 2773 973 2861 publicam
999 2794 1078 2838 esse.

63 2877 203 2959 tiorque
224 2881 256 2938 et
276 2893 311 2938 re
326 2881 360 2937 et
382 2871 525 2956 personis
547 2872 690 2956 quaestio
712 2870 794 2948 fieri,
816 2869 902 2936 haud
923 2866 1080 2936 abnuente

63 2977 214 3044 emtore,
233 2965 301 3032 sine
317 2965 381 3033 fine
398 2966 463 3030 ulla
479 2965 672 3050 quaestionis
692 2987 767 3029 suae
784 2964 834 3027 ius
854 2985 934 3029 esse.
969 2974 1079 3049 postu·
1099 2974 1131 3023 10

63 3065 197 3135 bantur
213 3082 289 3148 ergo
305 3059 427 3127 nobiles
445 3059 603 3136 homines,
626 3057 919 3143 appellantibusque
936 3056 1079 3122 tribunos

63 3180 138 3228 nno
156 3163 228 3222 erat
245 3155 371 3233 auxilio,
391 3155 468 3240 quin
483 3154 611 3220 nomina
627 3152 847 3238 reciperentur.
877 3149 950 3214 inde
967 3149 1080 3215 nobili·
1099 3160 1129 3208 11

63 3279 92 3336 s,
115 3271 185 3317 nec
197 3248 232 3314 hi
244 3249 339 3315 modo
351 3249 385 3314 in
398 3271 477 3333 quos
492 3249 608 3315 crimen
625 3243 852 3322 intendebatur,
869 3243 925 3308 sed
941 3243 1081 3308 universi

63 3343 138 3416 nul
156 3364 287 3430 negare,
305 3342 457 3410 nobilium
474 3343 507 3407 id
525 3343 643 3408 crimen
660 3362 740 3417 esse,
755 3337 870 3422 quibus
885 3337 912 3402 si
924 3335 1011 3401 nulla
1024 3334 1081 3400 ob-

63 3451 145 3512 atm·
161 3435 411 3524 frauda-pateat
422 3437 475 3501 via
492 3436 534 3501 ad
550 3422 710 3510 honore'm,
729 3433 786 3497 sed
802 3430 965 3496 hominum
981 3451 1080 3497 novo·

63 3560 119 3605 m.
160 3530 252 3618 ipsos
274 3532 354 3598 adeo
376 3531 559 3597 dictatorem
580 3529 827 3615 magistrumque
849 3525 990 3609 equitum
1007 3546 1078 3589 reos
1098 3541 1130 3592 12

63 3628 150 3721 agis
168 3647 268 3711 quam
284 3627 478 3711 quaesitores
496 3625 626 3690 idoneos
645 3622 712 3688 eius
730 3619 868 3686 criminis
886 3627 971 3698 esse,
988 3618 1080 3683 intel-

63 3735 263 3806 sturosque,
284 3719 330 3786 ita
345 3720 379 3786 id
400 3728 485 3799 esse,
509 3719 602 3785 simul
624 3715 809 3804 magistratu
827 3712 975 3779 abissent.
1011 3721 1079 3776 tum
1098 3729 1130 3777 rs

63 3820 128 3889 tm
148 3836 228 3882 vcro
244 3811 408 3892 Manus,
430 3811 494 3878 iam
510 3811 616 3878 famae
637 3811 739 3898 magis
756 3831 852 3894 quarn
873 3805 996 3893 imperii
1014 3826 1080 3869 me-
1207 3856 1210 3861 .

63 3936 127 3993 or,
151 3930 345 3999 progressus
364 3908 399 3974 in
416 3907 594 3974 contionem
614 3906 659 3972 ita'
675 3902 773 3972 verba
789 3903 877 3970 fecit:
905 3906 951 3965 ‘et
968 3918 1078 3964 omnes
1097 3913 1130 3966 14

63 4020 114 4080 ste
135 4015 229 4074 actae
246 4003 330 4072 vitae
347 4002 567 4072 ros-conscios
585 4000 696 4082 habeo,
716 3998 870 4084 Quirites,
893 4004 925 4062 et
941 3994 993 4060 hic
1009 3992 1087 4080 ipse.
1207 4034 1211 4040 -
