2566 4524
337 265 455 333 nmen
473 267 516 336 n,
536 267 579 321 or.
592 266 634 322 cs.
655 270 694 336 [a.
706 265 896 337 esto-mu
1078 259 1141 324 123

77 424 85 509 f
119 428 204 505 initia,
223 424 309 491 bello
327 424 439 489 deinde
459 433 588 491 externo
605 425 780 509 tranquilla.
819 423 940 502 Sabini,
961 423 1174 500 Crustumi-s

77 518 91 581 ἰ.
120 544 168 587 nos
185 543 315 606 campos
333 520 427 584 citato
445 519 571 606 agmine
589 521 791 606 transgressi,
820 543 892 587 eum
914 522 1027 589 caedes
1046 532 1077 587 et
1094 524 1139 595 in-

77 612 85 685 ἷ
116 617 218 682 cendia
240 615 360 680 circum
377 612 536 679 Anienem
557 613 675 679 flumen
697 615 861 692 fecissent,
889 639 909 680 a
930 626 1021 701 porta
1041 640 1140 704 prope

117 709 233 777 Collina
249 707 479 794 moenibusque
495 708 589 795 pulsi,
607 709 752 796 ingentes
771 718 876 775 tamen
892 711 1025 795 praedas
1039 712 1140 785 homi-

78 804 92 815 '
113 828 183 870 num
208 825 423 891 pecorumque
449 825 552 890 egere.
596 825 676 888 quos
705 800 858 869 Servilius
886 804 996 877 consul
1022 805 1174 878 infestos

109 899 248 963 exercstu
263 898 439 975 insecutus,
466 897 572 983 ipsum
593 897 722 981 quidem
739 920 854 984 agmen
875 899 1007 985 adipisci
1029 902 1138 985 aequis

77 1000 81 1011 '
109 993 181 1061 locis
200 1014 268 1058 non
283 992 399 1079 potuit,
425 991 661 1078 populationem
678 993 758 1056 adeo
775 993 875 1058 effuse
893 994 981 1072 fecit,
1008 1005 1044 1060 ut
1061 997 1138 1061 nihil

108 1087 188 1153 hello
224 1087 378 1151 intactum
411 1086 599 1172 relinqueret
633 1086 858 1171 multiplicique
895 1101 986 1173 capta
1020 1092 1138 1175 praeda

107 1182 231 1247 rediret

168 1275 215 1339 Et
230 1275 265 1338 in
278 1270 405 1339 Volscis
423 1295 473 1340 res
491 1273 618 1359 publica
635 1274 761 1361 egregie
773 1285 864 1360 gesta
878 1298 949 1339 cum
963 1277 1052 1342 ducis
1068 1286 1135 1343 tum
1156 1301 1170 1346 5

105 1370 240 1434 militum
257 1391 362 1454 opera.
388 1368 534 1454 primum,
553 1391 653 1452 aequo
667 1391 779 1453 campo
799 1369 897 1456 signis
916 1371 1058 1449 conlatis,
1077 1394 1136 1456 pu-

105 1474 236 1551 gnatum
253 1463 374 1550 ingenti
391 1463 487 1529 caede
504 1463 670 1548 utrimque,
688 1463 822 1549 plurimo
841 1467 1004 1551 sanguine.
1029 1477 1059 1530 et
1071 1466 1137 1531 Ro-
1156 1487 1170 1534 6

104 1559 199 1636 mani,
219 1558 294 1642 quia
310 1558 451 1643 paucitas
465 1559 580 1623 damno
594 1558 756 1622 sentiendo
769 1560 896 1646 propior
909 1570 984 1639 erat,
1003 1562 1136 1647 gradum

103 1653 298 1731 retulissent,
321 1653 354 1717 ni
371 1651 487 1719 salubri
505 1653 668 1717 mendacio
692 1654 815 1732 consul,
839 1654 950 1742 fugere
968 1656 1075 1721 hostes
1095 1656 1135 1722 ab

105 1770 202 1814 cornu
222 1747 320 1813 altero
342 1747 519 1825 clamitans,
543 1748 731 1813 concitasset
753 1750 861 1813 aciem.
898 1751 1018 1835 impetu
1040 1751 1134 1829 facto,

103 1843 179 1909 dum
198 1864 233 1906 se
251 1850 364 1927 putant
381 1842 517 1918 vincere,
535 1841 647 1906 vicere.
684 1841 794 1907 consul
812 1853 964 1920 metuens,
984 1867 1023 1907 ne
1041 1846 1134 1909 nimis
1154 1868 1168 1912 7

103 1934 251 2002 instando
268 1945 432 2003 renovaret
450 1946 619 2014 certamen,
643 1938 768 2024 signum
790 1939 930 2024 receptui
952 1940 1061 2017 dedit„
1087 1940 1136 2004 inv
1154 1961 1169 2009 8

95 2047 276 2096 -tercessere
288 2031 382 2117 pauci
395 2031 472 2108 dies,
491 2030 577 2095 velut
589 2031 692 2095 tacitis
709 2032 837 2096 indutiis
855 2034 1012 2117 utrimque
1030 2035 1134 2118 quiete

94 2136 239 2210 sumpta,
257 2147 317 2211 per
329 2146 408 2209 quos
421 2125 534 2212 ingens
549 2125 596 2189 vis
610 2124 775 2190 hominum
789 2149 830 2190 ex
846 2127 991 2192 omnibus
1006 2128 1133 2194 Volscis

102 2218 289 2303 Aequisque
306 2219 430 2305 populis
449 2220 481 2283 in
500 2231 602 2284 castra
619 2219 718 2296 venit,
741 2219 818 2283 haut
836 2221 997 2300 dubitans,
1017 2224 1044 2286 si
1063 2245 1134 2289 sen-

104 2314 214 2392 serint,
236 2314 400 2381 Romanos
417 2323 509 2379 nocte
527 2312 676 2379 abituros.
712 2315 817 2397 itaque
836 2316 926 2379 tertia
944 2316 1009 2380 fere
1027 2318 1135 2404 vigilia
1153 2339 1168 2386 9

103 2408 143 2472 ad
160 2420 267 2473 castra
284 2409 494 2495 oppugnanda
511 2409 649 2472 veniunt.
678 2406 845 2489 Quinctius
864 2408 973 2474 sedato
988 2410 1132 2490 tumultu,
1153 2432 1185 2479 ιο

103 2524 197 2586 quem
224 2513 324 2567 terror
346 2502 466 2567 subitus
490 2502 659 2579 exciverat,
688 2523 758 2565 cum
782 2523 908 2566 manere
933 2503 967 2566 in
993 2505 1132 2568 tentoriis

103 2599 247 2681 quietum
269 2597 398 2661 militem
416 2597 573 2674 iussisset,
601 2595 810 2661 Hernicorum
834 2596 994 2661 cohortem
1016 2598 1048 2660 in
1072 2608 1135 2663 sta·

103 2692 220 2757 tionem
238 2691 357 2769 educit,
381 2692 553 2757 cornicines
577 2691 793 2774 tubicinesque
810 2692 844 2754 in
863 2714 960 2776 equos
978 2692 1131 2777 inpositos

93 2808 214 2851 ‚canere
232 2796 305 2850 ante
323 2785 440 2850 vallum
462 2785 550 2851 iubet
573 2785 802 2870 sollicitumque
824 2785 948 2851 hostem
966 2787 1007 2851 ad
1028 2787 1131 2851 lucem

100 2890 217 2946 tenere.
257 2881 387 2945 relicum
412 2881 512 2945 noctis
540 2881 619 2944 adeo
650 2882 816 2964 tranquilla
838 2882 945 2946 omnia
966 2882 999 2947 in
1022 2883 1131 2949 castris
1152 2904 1181 2951 11

99 2973 206 3054 fuere,
235 2984 271 3039 ut
290 2973 392 3040 somni
418 2996 543 3059 quoqne
565 2973 717 3039 Romanis
745 2976 835 3060 copia
861 2985 954 3040 esset.
995 2975 1130 3041 Volscos

100 3068 226 3154 species
247 3079 437 3134 armatorum
456 3068 613 3159 peditum,
642 3091 721 3152 quos
744 3079 774 3132 et
795 3070 900 3154 plures
924 3092 995 3133 esse
1018 3079 1050 3134 et
1066 3071 1132 3135 Ro-

98 3184 213 3229 manos
230 3163 390 3248 putabant,
409 3162 552 3227 fremitus
570 3161 772 3245 hinnitusque
791 3184 952 3245 equorum,
972 3163 1026 3246 qni
1040 3172 1071 3227 et
1084 3164 1132 3227 in-

98 3267 192 3323 sueto
210 3257 338 3322 sedente
356 3257 460 3340 equite
479 3266 510 3320 et
526 3257 655 3340 insuper
673 3277 764 3320 aures
783 3256 920 3341 agitante
938 3256 1044 3321 sonitu
1063 3277 1132 3323 sae-

96 3352 237 3429 viebant,
256 3352 392 3416 intentos
411 3351 496 3415 velut
514 3351 555 3415 ad
569 3351 723 3436 impetum
741 3350 879 3415 hostium
897 3351 1004 3415 tenuit.

85 3518 91 3528 ¹
156 3444 271 3513 LXV.
291 3444 357 3510 Ubi
366 3444 665 3524 inluxit,Romanus,
675 3446 797 3530 integer
806 3446 998 3530 satiatusque
1009 3469 1129 3526 somne,
1150 3469 1163 3515 1

93 3541 431 3629 productusinaciem,
450 3540 571 3605 fessum
580 3541 691 3604 stando
701 3550 732 3604 et
740 3539 856 3626 vigiliis
866 3539 1019 3607 Volscum
1027 3543 1129 3628 primo

93 3639 219 3724 impetu
226 3634 369 3722 perculit,
384 3656 575 3717 quamquam
585 3657 707 3698 cessere
717 3635 818 3721 magis
828 3658 922 3719 quarn
930 3636 1014 3721 pulsi
1022 3637 1129 3702 hostes
1148 3657 1162 3704 2

94 3741 183 3811 sunt,
203 3731 281 3816 quia
297 3727 337 3794 ab
356 3738 445 3816 tergo
461 3738 550 3793 erant
567 3729 653 3806 clivi,
677 3730 709 3793 in
727 3751 806 3813 quos
824 3740 897 3815 post
912 3731 1065 3816 principia
1081 3733 1130 3796 in-

93 3828 192 3916 tegris
203 3825 367 3892 ordinibus
377 3834 463 3890 tutus
472 3833 615 3911 receptus
629 3825 698 3888 fuit.
728 3826 845 3903 consul,
864 3826 920 3891 ubi
933 3826 974 3890 ad
986 3827 1128 3910 iniquum

92 3920 200 3988 locum
218 3929 351 3989 ventum
369 3929 430 3998 est,
454 3919 536 3984 sistit
552 3921 662 3984 aciem.
698 3920 788 3984 miles
811 3943 904 4008 aegre
927 3922 1037 3998 teneri,
1066 3920 1128 3983 cla-

92 4042 180 4086 mare
198 4027 231 4086 et
247 4038 389 4106 poscere,
408 4025 444 4080 ut
455 4015 607 4101 perculsis
620 4016 736 4082 instare
749 4016 850 4080 liceat.
879 4015 1014 4080 ferocius
1028 4023 1128 4101 agunt
1146 4033 1162 4080 a
