2566 4524
208 250 250 314 12
384 281 387 289 ·
480 257 597 312 uranu
611 258 638 328 1,
656 257 681 312 a.
699 258 724 311 a.
745 260 782 325 [a.
792 274 818 311 u.
829 273 853 310 ο.
863 255 960 325 1-ar]

208 419 329 495 derant,
348 438 421 480 eum
439 423 580 480 secutum
598 436 762 478 numerum
779 421 903 498 putant,
922 433 972 479 me
990 412 1068 476 haut
1093 412 1234 497 paenitet

208 534 315 578 eorum
333 510 504 575 sententiae
522 531 601 585 esse,
616 507 729 592 quibus
748 515 780 572 et
796 506 987 593 apparitores
1006 513 1037 570 et
1053 505 1115 570 hoc
1131 527 1233 592 genus

208 605 248 670 ab
266 604 411 671 Etruscis
428 601 582 680 finitimis,
601 602 684 665 unde
703 601 780 666 sella
797 599 913 665 curulis
918 647 927 678 ,
950 600 1035 664 unde
1052 608 1127 685 toga
1144 620 1234 684 prae·

208 707 294 766 tenta
312 705 438 782 sumpta
455 705 512 774 est,
528 704 558 760 et
571 717 736 782 numerum
754 716 879 779 quoque
896 693 1002 780 ipsum
1019 693 1150 757 ductum
1167 693 1233 779 pla·

208 802 271 870 oet,
295 801 326 856 et
343 791 386 856 ita
403 789 552 855 habuisse
569 791 738 867 Etruscos,
761 788 846 872 quod
863 810 904 852 ex
921 787 1086 854 duodecim
1107 789 1231 874 populis

209 885 416 950 communiter
438 894 540 948 creato
566 905 641 969 rege
665 881 805 970 singulos
832 881 948 969 singuli
972 881 1082 967 populi
1108 880 1232 949 lictores

209 979 359 1044 dederint.
1219 1008 1221 1013 ·
1270 1036 1273 1045 .

173 1095 191 1141 4
274 1071 444 1138 Crescebat
468 1071 591 1136 interim
618 1069 692 1135 urbs
719 1068 942 1143 munitionibus
968 1070 1029 1134 alia
1055 1079 1151 1154 atque
1175 1071 1232 1137 alia
1271 1144 1273 1149 ,

208 1165 382 1251 adpetendo
404 1165 486 1242 loca,
510 1187 582 1229 cum
599 1165 632 1228 in
651 1186 739 1249 spem
760 1163 862 1250 magis
883 1163 1008 1228 futurae
1023 1164 1230 1231 multitudinis
1270 1158 1273 1235 ἷ

174 1282 303 1344 squam
321 1260 362 1324 ad
378 1259 424 1337 id,
449 1259 534 1342 qnod
551 1268 619 1322 tum
636 1257 798 1322 hominum
816 1266 896 1335 erat,
919 1258 1085 1325 munirent.
1121 1259 1230 1324 deinde
1266 1277 1273 1347 j;

207 1376 247 1418 ne
269 1375 351 1418 vana
371 1353 458 1418 urbis
480 1352 662 1438 magnitudo
685 1361 783 1428 esset,
811 1350 1003 1416 adliciendae
1024 1350 1229 1417 multitudinis
1268 1354 1273 1399 ἕ

209 1468 304 1512 eausa
321 1456 426 1511 vetere
444 1446 573 1512 oonsilio
592 1446 791 1511 condentium
809 1445 912 1523 urbes,
931 1446 986 1528 qui
1003 1445 1172 1511 obscuram
1189 1455 1230 1512 at·
1269 1466 1273 1537 j

207 1562 269 1624 que
286 1539 437 1604 humilem
451 1539 622 1604 conciendo
640 1540 681 1605 ad
699 1563 733 1605 so
751 1540 982 1604 multitudinem
1000 1549 1106 1604 natam
1120 1563 1138 1606 e
1153 1550 1229 1606 terra

209 1632 269 1699 sibi
290 1632 411 1718 prolem
433 1632 695 1709 ementiebantur,
717 1633 837 1711 locum,
860 1633 914 1717 qui
930 1655 1015 1698 nuno
1033 1644 1162 1720 saeptus
1180 1635 1229 1700 de-

174 1726 428 1799 cscendentibus
449 1727 531 1792 inter
552 1727 632 1792 duos
654 1726 742 1793 lucos
765 1738 827 1805 est,
851 1727 976 1813 asylum
992 1728 1100 1814 aperit.
1139 1751 1176 1794 eo
1193 1749 1228 1794 ex

207 1821 346 1886 finitimis
364 1821 489 1908 populis
508 1821 599 1886 turba
617 1821 719 1886 omnis
738 1821 805 1886 sine
819 1821 1006 1900 discrimine,
1020 1820 1100 1887 liber
1114 1845 1156 1887 an
1169 1845 1228 1888 ser-

207 1938 267 1980 vus
286 1924 384 1993 esset,
407 1915 500 1980 avida
521 1938 674 1980 novarum
695 1937 800 1979 rerum
821 1915 960 2001 perfugit
980 1915 1075 1998 idque
1095 1917 1227 2001 primun

208 2009 249 2073 ad
266 2016 409 2093 coeptam
427 2009 675 2096 magnitudinem
691 2007 811 2074 roboris
830 2008 898 2072 fuit.

174 2130 188 2176 t
274 2100 357 2167 Cum
378 2103 441 2166 iam
467 2103 580 2170 virium
605 2102 691 2166 haud
716 2102 900 2187 paeniteret,
928 2103 1093 2169 consilium
1120 2101 1226 2169 deinde

207 2195 326 2262 viribus
343 2207 445 2282 parat:
469 2208 594 2263 centum
611 2206 696 2263 creat
714 2206 883 2275 senatores,
903 2198 970 2262 sive
987 2197 1061 2282 quia
1077 2198 1105 2262 is
1124 2219 1226 2263 nume-

206 2313 261 2356 rus
280 2291 355 2356 satis
374 2302 439 2357 erat
457 2293 524 2358 sive
541 2292 616 2376 quia
632 2292 693 2358 soli
714 2301 839 2358 centum
861 2301 962 2371 erant,
985 2292 1040 2375 qui
1057 2293 1158 2357 creari
1177 2315 1227 2380 pa·

207 2396 270 2452 tres
288 2398 416 2473 possent
435 2424 476 2434 —
494 2397 598 2473 patres
617 2397 700 2455 certe
718 2387 758 2453 ab
776 2388 895 2452 honore
912 2387 1098 2474 patriciique
1119 2409 1227 2476 proge-

206 2481 275 2546 nies
293 2503 402 2546 eorum
419 2482 574 2568 appellati.

174 2599 187 2644 1
270 2574 382 2642 VIIII.
418 2575 488 2640 Iam
504 2598 555 2640 res
573 2574 717 2639 Romana
735 2574 813 2639 adeo
831 2583 897 2639 erat
915 2574 1032 2651 valida,
1050 2583 1086 2637 ut
1104 2575 1227 2641 cuilibet

206 2669 409 2733 finitimarum
427 2668 599 2734 civitatium
617 2667 699 2734 bello
716 2690 774 2754 par
791 2679 883 2747 esset,
900 2669 956 2732 sed
973 2669 1104 2754 penuria
1121 2669 1228 2734 mulie-

207 2786 277 2828 rum
302 2761 437 2826 hominis
464 2770 598 2826 aetatem
624 2761 772 2827 duratura
797 2763 980 2848 magnitudo
1008 2771 1086 2840 erat,
1114 2764 1227 2849 quippe

208 2855 321 2940 quibus
347 2876 408 2919 nec
433 2855 518 2921 domi
540 2878 613 2940 spes
634 2856 731 2941 prolis
754 2879 812 2921 nec
834 2879 906 2920 cum
927 2856 1067 2920 finitimis
1095 2856 1229 2923 conubia

174 2972 190 3019 2
209 2958 323 3014 essent.
358 2958 426 3013 tum
444 2971 483 3014 ex
502 2950 631 3014 consilio
652 2960 776 3034 patrum
793 2949 948 3015 Romulus
970 2950 1091 3037 legatos
1114 2950 1229 3016 circum

207 3042 326 3108 vicinas
348 3053 459 3130 gentes
481 3043 579 3122 misit,
607 3044 662 3129 qui
689 3045 868 3109 societatem
895 3043 1127 3127 conubiumque
1149 3066 1229 3111 novo

175 3160 189 3208 3
206 3137 323 3224 populo
335 3147 490 3225 peterent:
510 3139 602 3204 urbes
617 3161 750 3223 quoque,
771 3148 805 3204 ut
818 3149 929 3216 cetera,
950 3161 989 3204 ex
1006 3138 1114 3204 infimo
1132 3140 1229 3216 nasci,

208 3232 294 3310 dein,
321 3255 400 3317 quas
427 3257 486 3299 sua
510 3235 608 3298 virtus
632 3255 669 3299 ac
690 3234 734 3296 dii
759 3234 880 3311 iuvent,
907 3253 1040 3318 magnas
1066 3255 1143 3318 opes
1172 3234 1230 3299 sibi

173 3349 189 3394 4
208 3348 420 3413 magnumque
437 3349 552 3391 nomen
569 3327 682 3391 facere.
710 3326 785 3392 satis
801 3326 879 3391 scire
896 3326 1009 3412 origini
1022 3325 1188 3392 Romanae
1202 3335 1231 3391 et

207 3421 283 3484 deos
302 3420 443 3486 adfuisse
461 3430 492 3484 et
509 3443 572 3486 non
589 3421 766 3485 defuturam
785 3420 944 3484 virtutem:
962 3418 1092 3504 proinde
1105 3442 1146 3485 ne
1159 3444 1231 3508 gra·

207 3524 353 3579 vorentur
377 3512 521 3581 homines
547 3537 620 3580 cum
645 3513 824 3580 hominibus
852 3513 1036 3600 sanguinem
1064 3535 1102 3578 ao
1128 3535 1230 3600 genus

206 3608 346 3674 miscere.

174 3723 189 3770 5
269 3702 434 3787 Nusquam
452 3703 586 3791 benigne
604 3702 719 3790 legatio
737 3704 844 3769 audita
861 3713 918 3782 est,
934 3704 1013 3768 adeo
1032 3703 1126 3766 simul
1144 3726 1231 3789 sper-

206 3795 332 3874 nebant,
351 3798 444 3862 simul
463 3808 580 3863 tantam
597 3799 630 3862 in
648 3797 750 3862 medio
769 3807 961 3863 crescentem
977 3797 1093 3861 molem
1112 3796 1230 3862 sibiae

206 3890 339 3976 posteris
358 3892 423 3957 suis
440 3892 630 3957 metuebant.
662 3915 681 3956 a
697 3892 854 3977 plerisque
870 3890 1079 3978 rogitantibus
1097 3890 1230 3968 dimissi,

207 3985 327 4070 ecquod
348 3986 474 4051 feminis
496 4008 621 4071 quoque
642 3986 765 4072 asylum
788 3987 995 4071 aperuissent:
1021 3986 1055 4049 id
1074 3984 1158 4050 enim
1176 3985 1233 4050 de·
