2566 4524
145 220 210 288 458
412 230 530 289 mssa
546 230 645 301 vrur,
664 230 705 287 ra
726 229 909 303 [aucam

146 415 264 483 paucos
283 400 315 458 et
331 389 470 458 infirmos
489 390 628 456 crederet
644 390 881 475 praesidiatum
894 389 999 459 valido
1013 399 1045 457 et
1054 400 1156 459 umato

146 489 212 554 vim
234 487 403 554 adlaturos.
439 485 480 552 ab
501 486 604 551 isdem
626 485 790 551 consilium
812 495 920 571 petere
943 486 1038 566 iussi,
1063 489 1157 573 quibus

113 581 327 653 sauctoribus
352 580 544 667 praesidium
571 580 603 644 in
630 577 741 645 urbem
763 580 976 667 accepissent,
1003 582 1157 661 diacedunt,
1202 554 1206 657 i

11 700 21 710 ⁴
147 698 304 766 aegreque
326 676 504 762 impetrato,
530 683 563 739 ut
581 674 621 739 de
639 696 678 740 ea
693 696 728 740 re
746 674 868 741 consuli
887 685 1036 743 senatum
1051 698 1158 764 respou-
1204 676 1206 743 ἰ

113 793 129 842 6
149 793 246 859 saque
268 771 310 837 ad
327 792 361 836 se
382 769 492 836 referri
514 769 642 848 sineret,
669 769 710 834 ad
733 791 808 836 suos
830 769 974 836 redeunt.
1011 771 1091 839 duae
1108 771 1160 837 fac
1204 786 1206 833 ;

147 868 248 933 tiones
276 873 420 933 senatum
446 862 650 943 distinebant,
677 885 755 942 una,
788 863 877 932 cuius
903 865 1065 952 principes
1087 874 1159 931 erant

148 959 333 1027 defectionis
363 983 384 1024 a
409 957 525 1045 populo
550 957 697 1024 Romano
724 967 881 1037 auctores,
913 959 1017 1026 attera
1042 959 1157 1025 fidelium
1199 962 1206 1041 ';

148 1057 274 1122 civium.
311 1063 462 1121 certatum
484 1052 525 1119 ab
545 1052 687 1137 utrisque
709 1063 815 1119 tamen
836 1062 897 1132 est,
921 1063 958 1119 ut
980 1055 1024 1121 ad
1044 1053 1160 1121 reoouci·
1204 1112 1206 1125 ,

115 1173 129 1218 r
148 1150 285 1215 liandam
302 1169 414 1236 pacem
432 1145 553 1213 consuli
571 1169 666 1233 opera
684 1157 858 1215 novaretur.
885 1171 961 1234 pars
976 1148 1088 1228 altera,
1104 1170 1159 1215 cum
1203 1140 1206 1239 J

147 1243 340 1331 praesidium
357 1239 561 1320 Samnitium,
579 1241 654 1325 quia
670 1240 748 1306 nihil
766 1242 841 1308 satis
859 1243 1042 1329 praeparati
1058 1252 1117 1309 erat
1131 1241 1163 1306 ad
1204 1242 1206 1295 ἶ

148 1338 344 1404 obsidionem
362 1335 569 1414 tolerandam,
592 1357 796 1402 excessurum
813 1338 959 1423 proxima
976 1347 1070 1405 nocte
1086 1345 1160 1412 esset,
1204 1362 1206 1421 ;

149 1432 309 1499 enuntiare
336 1430 457 1497 consuli
484 1429 560 1496 satis
586 1428 709 1510 habuit,
738 1453 801 1515 qua
821 1432 923 1499 noctis
951 1432 1032 1499 hora
1058 1451 1159 1518 qusque
1202 1436 1206 1523 t

113 1536 238 1614 sporta
263 1535 295 1592 et
320 1547 415 1611 quam
440 1524 474 1590 in
499 1524 584 1590 viam
610 1547 795 1611 egressurus
820 1524 921 1592 hostis
944 1526 1043 1593 forat:
1074 1526 1161 1602 altero,

149 1621 263 1706 quibus
285 1620 390 1685 invitis
416 1619 572 1685 descitum
598 1619 639 1685 ad
661 1616 820 1687 Samnites
846 1630 927 1700 erat,
956 1622 1069 1687 eadem
1089 1628 1163 1687 nocte

148 1725 268 1801 portam
288 1714 382 1780 etiam
399 1714 521 1781 conardi
538 1723 726 1801 aperuerunt
743 1724 943 1799 armatosque
960 1715 1045 1783 clam
1063 1713 1163 1802 (nomo)

113 1830 131 1878 a
149 1811 182 1875 in
199 1808 309 1875 urbem
326 1819 522 1895 acceperunt.
553 1810 598 1874 ita
610 1809 729 1920 duplici
745 1809 919 1895 proditione
938 1821 971 1875 et
987 1809 1163 1897 praesidium

150 1902 283 1971 Samnit
262 1915 339 1968 trum
355 1904 486 1970 insessis
501 1904 583 1969 circa
596 1905 679 1969 viam
694 1902 889 1970 silvestribus
902 1904 982 1970 iocis
995 1907 1164 1993 necopinato

149 2020 335 2085 oppressum
354 2007 402 2063 est
420 2007 451 2062 et
469 1997 508 2063 ab
527 1997 604 2063 urbe
621 1998 715 2084 plena
732 1997 813 2064 host
792 2009 870 2064 t1um
889 1999 1010 2065 clamor
1029 1999 1163 2074 sublatus,
1202 2018 1206 2105 4Ι

149 2101 369 2176 momentoque
386 2091 479 2156 unius
498 2091 593 2157 horae
611 2114 722 2158 caesus
739 2090 880 2172 Samnis,
902 2090 1090 2161 Satricanus
1106 2114 1166 2179 cap
1204 2122 1206 2149 =

99 2207 132 2254 10
149 2196 200 2253 tus
218 2197 250 2252 et
272 2185 377 2252 omnia
398 2186 432 2250 in
452 2195 607 2272 potestate
630 2187 767 2254 consulis
790 2198 891 2267 erant,
919 2191 975 2274 qui
997 2188 1166 2274 quaestione
1203 2180 1206 2241 ἕ

149 2281 269 2360 habita,
296 2302 429 2365 quorum
452 2302 547 2366 opera
569 2281 705 2348 defectio
727 2291 811 2348 esset
836 2283 935 2362 facta,
965 2306 1048 2369 quos
1076 2292 1164 2351 sontes
1204 2286 1206 2291 '

150 2377 290 2463 conperit
306 2376 403 2463 virgis
423 2398 532 2441 caesos
552 2377 652 2440 securi
669 2378 824 2463 percussit
840 2379 1066 2465 praesidioque
1079 2377 1166 2445 rabdo

99 2492 129 2539 11
149 2471 285 2556 inposito
304 2493 390 2535 arma
410 2467 581 2536 Satricanis
600 2471 725 2537 ademit.
765 2472 838 2537 inde
856 2472 897 2537 ad
914 2473 1110 2560 triumphum
1126 2473 1168 2537 de·

150 2565 284 2630 cessisse
297 2564 432 2630 Romam
445 2563 607 2649 Papirium
623 2564 793 2631 Cursorem
808 2566 962 2645 scribunt,
982 2569 1040 2652 qui
1053 2591 1090 2634 eo
1103 2569 1169 2633 duce

149 2661 318 2725 Luceriam
340 2670 498 2746 receptam
518 2657 738 2745 Samnitesque
762 2660 820 2727 sub
843 2662 954 2748 iugum
974 2663 1091 2730 missos
1109 2683 1169 2729 auc·

99 2767 232 2823 latores
260 2765 341 2821 sunt.
379 2766 409 2822 et
436 2757 495 2821 fuit
521 2756 569 2822 vir
594 2757 679 2822 haud
706 2757 800 2824 dubie
822 2758 937 2845 dignus
961 2760 1051 2824 omni
1072 2759 1170 2826 bellica

148 2850 255 2926 laude,
274 2873 338 2914 non
355 2849 452 2915 animi
469 2850 571 2915 solum
588 2852 710 2939 vigore,
730 2853 786 2918 sed
799 2853 893 2918 etiam
906 2855 1051 2940 corporis
1064 2853 1169 2920 viribus

100 2963 131 3012 13
150 2942 315 3008 excellens.
351 2943 520 3031 praecipua
541 2947 658 3032 pedum
679 2946 847 3032 pernicitas
865 2947 982 3025 inerat,
1006 2971 1091 3033 quae
1110 2969 1171 3032 cog·

149 3060 264 3104 nomen
290 3038 385 3104 etiam
411 3038 511 3119 dedit3
541 3041 754 3126 victoremque
781 3063 874 3107 cursu
900 3042 1048 3108 omnium
1074 3042 1170 3110 aetatis

150 3154 226 3199 suae
244 3132 343 3199 fuisse
361 3132 466 3199 ferunt
484 3143 515 3199 et
533 3157 590 3200 seu
603 3134 717 3200 virium
730 3135 762 3200 vi
776 3157 832 3200 seu
846 3136 1074 3204 exercitatione
1087 3136 1172 3204 multa

100 3248 132 3295 14
151 3225 212 3292 cibi
227 3228 352 3312 vinique
371 3229 505 3293 eundem
523 3229 773 3315 capacissimum,
791 3250 851 3294 nec
868 3250 941 3294 eum
961 3231 1029 3298 ullo
1048 3231 1172 3319 asperio-

148 3344 230 3399 rem,
257 3321 331 3407 quia
352 3321 421 3408 ipse
438 3322 546 3386 invicti
567 3323 608 3387 ad
630 3322 770 3389 laborem
792 3323 930 3408 corporis
955 3336 1059 3405 esset,
1086 3327 1172 3391 finisse

100 3436 131 3484 15
149 3415 291 3479 militiam
312 3417 409 3501 pediti
430 3417 546 3503 pariter
563 3417 736 3502 equitique;
759 3418 879 3503 equites
898 3418 995 3483 etiam
1015 3419 1172 3506 aliquando

150 3530 243 3574 ausos
267 3508 307 3575 ab
326 3533 363 3575 eo
380 3521 500 3597 petere,
523 3522 558 3577 ut
576 3512 637 3578 sibi
653 3534 710 3598 pro
727 3535 762 3578 re
779 3512 859 3579 bene
876 3524 970 3599 gesta
987 3514 1112 3583 laxaret
1127 3513 1173 3581 aii-

99 3625 131 3673 16
150 3602 227 3686 quid
244 3601 369 3668 laboris.
406 3606 521 3690 quibus
538 3607 604 3673 ille:
629 3612 683 3673 ‘ne
700 3607 778 3672 nihii
794 3606 965 3673 remissum
985 3610 1114 3690 dicatis,
1133 3630 1172 3674 re·

147 3697 261 3775 mitto,’
291 3697 391 3783 inquit
418 3707 471 3765 ‘ne
496 3700 603 3786 utique
630 3702 759 3767 dorsum
788 3701 1012 3814 demulceatis,
1047 3729 1118 3772 cum
1141 3723 1171 3768 ex

148 3793 236 3878 equis
260 3794 476 3861 descendet'
417 3805 465 3861 t.1s
511 3806 542 3861 et
563 3797 612 3863 vis
635 3798 816 3864 eratineo
839 3797 908 3864 viro
925 3798 1055 3886 imperii
1073 3803 1170 3909 iugero

98 3907 128 3954 rr
147 3890 263 3975 pariter
288 3891 321 3955 in
347 3891 449 3956 socios
472 3891 628 3976 civesque.
668 3891 894 3960 Praenestinus
916 3906 1049 3980 praetor
1070 3920 1124 3985 per
1141 3893 1172 3959 ti·

147 4005 265 4048 morem
281 3986 408 4071 segnius
423 4008 463 4051 ex
476 3984 624 4053 subsidiis
639 4010 713 4054 suos
727 3989 883 4054 duxerat
847 3991 1057 4076 tmprimam
1070 3993 1171 4064 aciens
