2566 4524
163 921 361 984 Facturusne
371 940 484 1004 operae
493 919 627 1005 pretium
638 918 706 997 sim,
722 919 749 985 si
762 942 782 985 a
794 919 964 1006 primordio
977 921 1064 986 urbis
1077 943 1128 986 res
1148 945 1161 991 1

94 1006 209 1093 populi
221 1005 358 1069 Romani
370 1004 614 1091 perscripserim,
633 1027 691 1070 nec
705 1005 781 1070 satis
795 1006 870 1084 scio,
888 1029 956 1084 nec,
976 1007 1003 1071 si
1021 1008 1128 1085 sciam,

96 1094 203 1156 dicere
223 1090 334 1167 ausim,
354 1090 470 1176 quippe
488 1090 542 1174 qui
560 1112 632 1155 cum
649 1100 787 1155 veterem
800 1100 867 1156 tum
879 1092 1040 1178 vulgatam
1058 1114 1129 1157 esse
1147 1113 1162 1160 a

95 1201 166 1243 rem
192 1177 332 1252 videam,
359 1176 435 1240 dum
459 1174 535 1240 novi
561 1198 685 1261 semper
711 1177 877 1262 scriptores
905 1186 958 1241 aut
979 1177 1012 1241 in
1033 1177 1127 1242 rebus

98 1263 216 1328 certius
234 1261 353 1346 aliquid
380 1260 530 1326 allaturos
554 1282 588 1326 se
610 1270 664 1326 aut
687 1261 843 1326 scribendi
861 1273 926 1326 arte
948 1263 1058 1326 rudem
1075 1285 1130 1327 ve·

98 1358 250 1414 tustatem
269 1357 468 1432 superaturos
487 1347 626 1412 credunt.
661 1357 831 1431 utcumque
850 1348 922 1425 erit,
945 1348 1065 1413 iuvabit
1082 1357 1130 1411 ta·
1148 1369 1163 1416 3

98 1457 173 1499 men
190 1455 297 1498 rerum
314 1444 475 1518 gestarum
492 1432 660 1497 memoriae
677 1432 826 1519 principis
848 1444 999 1498 terrarum
1021 1433 1130 1520 populi

98 1542 156 1607 pro
173 1519 257 1583 virili
273 1528 363 1668 parte
381 1527 412 1582 et
427 1518 533 1604 ipsum
551 1518 759 1596 consuluisse,
784 1528 815 1584 et
833 1519 860 1584 si
877 1518 911 1582 in
928 1528 1014 1584 tanta
1032 1519 1130 1604 scrip·

99 1618 203 1670 torum
222 1615 272 1668 tur
295 1628 314 1669 a
330 1626 401 1668 mea
422 1605 509 1669 fama
524 1604 559 1669 in
576 1603 710 1668 obscuro
728 1605 781 1682 sit,
808 1603 969 1669 nobilitate
986 1626 1023 1671 ac
1040 1628 1130 1691 mag-

99 1691 243 1758 nitudine
265 1712 373 1754 eorum
395 1711 459 1767 me,
487 1689 543 1773 qui
563 1689 682 1754 nomini
704 1689 842 1754 officient
864 1712 948 1767 meo,
977 1690 1127 1754 consoler.

98 1800 148 1842 res
168 1786 218 1841 est
235 1785 395 1861 praeterea
413 1787 444 1840 et
460 1775 595 1839 inmensi
612 1775 730 1861 operis,
748 1784 785 1839 ut
802 1797 882 1859 quae
901 1798 996 1876 supra
1014 1776 1163 1859 septin-,t

99 1862 312 1950 gentesimum
330 1883 447 1926 annum
463 1871 621 1946 repetatur
638 1871 670 1926 et
687 1883 767 1945 quae
790 1861 829 1926 ab
848 1861 970 1948 exigam
989 1861 1130 1947 profecta

99 1948 195 2013 initiis
215 1970 253 2012 eo
271 1947 415 2024 creverit,
438 1947 554 2011 utiam
571 1947 787 2033 magnitudine
804 1947 924 2013 laboret
942 1971 1013 2026 sua,
1037 1959 1067 2012 et
1084 1949 1130 2013 le·

103 2035 242 2120 gentium
259 2033 417 2118 plerisque
434 2032 520 2097 haud
538 2032 647 2097 dubito
665 2033 741 2115 quin
758 2034 876 2119 primae
899 2035 1036 2121 origines
1057 2057 1130 2120 pro·

102 2119 248 2203 ximaque
271 2117 443 2204 originibus
466 2118 570 2182 minus
592 2118 772 2203 praebitura
793 2119 962 2203 voluptatis
986 2121 1048 2185 sint
1065 2120 1130 2185 fes-

102 2205 274 2270 tinantibus
293 2204 429 2269 adhaec
446 2227 541 2281 nova,
564 2203 679 2287 quibus
696 2204 760 2268 iam
777 2206 899 2289 pridem
942 2207 1129 2270 raevalentis

102 2291 209 2376 populi
226 2291 309 2354 vires
333 2290 478 2375 seipsae
500 2289 677 2354 conficiunt.
714 2312 774 2377 ego
797 2301 904 2354 contra
920 2228 982 2356 boc
1004 2314 1129 2376 quoque
1148 2313 1162 2359 5

102 2376 216 2441 laboris
243 2376 418 2460 praemium
442 2384 563 2461 petam,
589 2385 626 2438 ut
651 2397 702 2439 me
728 2399 748 2439 a
773 2386 943 2461 conspectu
965 2377 1128 2455 malorum,

103 2484 181 2547 quae
199 2471 307 2526 nostra
324 2470 370 2525 tot
386 2483 443 2546 per
460 2483 559 2526 annos
572 2461 651 2525 vidit
664 2470 760 2539 aetas,
778 2461 929 2547 tantisper
943 2472 1034 2539 certe,
1054 2463 1130 2526 dum

102 2548 205 2634 prisca
222 2557 288 2612 tota
304 2546 358 2610 illa
379 2555 483 2612 mente
505 2556 627 2632 repeto,
656 2557 794 2611 avertam
817 2547 918 2612 omnis
941 2570 1052 2633 expers
1076 2567 1130 2611 cu-

103 2657 162 2710 rae,
182 2655 264 2716 quae
282 2631 446 2696 scribentis
465 2631 614 2709 animum,
633 2632 692 2697 etsi
709 2654 773 2696 non
790 2632 913 2698 flectere
932 2655 1048 2710 avero,
1067 2632 1130 2697 sol·

104 2718 221 2784 licitum
240 2728 346 2782 tamen
363 2717 489 2782 efficere
505 2727 623 2804 posset.
911 2740 914 2745 ·

166 2804 258 2887 Quae
276 2812 348 2868 ante
362 2803 520 2868 conditam
538 2803 771 2869 condendamve
784 2805 899 2870 urbem
915 2806 1046 2891 poeticis
1064 2828 1131 2870 ma-
1149 2826 1163 2872 o·

104 2891 151 2978 gis
169 2891 283 2956 decora
299 2888 416 2956 fabulis
434 2911 530 2974 quam
551 2889 738 2974 incorruptis
759 2912 864 2954 rerum
885 2900 1046 2977 gestarum
1063 2913 1131 2955 mo-

104 2977 258 3040 numentis
284 2975 462 3052 traduntur,
495 2997 533 3040 ea
562 2997 621 3040 nec
651 2975 814 3040 adfirmare
844 2999 903 3041 nec
916 2976 1071 3041 refellere
1097 2978 1131 3040 in

106 3061 207 3126 animo
226 3070 283 3126 est.
323 3061 415 3125 datur
431 3061 511 3125 haec
528 3061 620 3125 venia
637 3061 821 3145 antiquitati,
840 3070 876 3125 ut
893 3062 1054 3126 miscendo
1072 3062 1130 3124 hu·
1148 3083 1163 3128 7

103 3169 196 3211 mana
213 3146 326 3213 divinis
344 3147 514 3233 primordia
530 3145 655 3211 urbium
674 3146 854 3247 augustiora
871 3146 975 3224 faciat,
994 3157 1025 3212 et
1039 3147 1065 3210 si
1079 3146 1131 3209 eui

104 3232 218 3317 populo
235 3232 329 3298 licere
347 3241 468 3319 oportet
486 3254 668 3298 consecrare
690 3232 825 3319 origines
849 3255 922 3296 suas
946 3241 978 3296 et
994 3232 1035 3296 ad
1053 3232 1129 3295 deos

104 3319 219 3383 referre
236 3327 393 3396 auctores,
420 3340 458 3383 ea
479 3316 554 3382 belli
574 3317 675 3418 gloria
696 3327 745 3383 est
765 3317 881 3467 pppulo
899 3317 1057 3395 Romano,
1084 3326 1128 3394 ut,

106 3425 174 3467 cum
193 3426 285 3468 suum
300 3403 531 3487 conditorisque
545 3426 594 3468 sur
606 3413 768 3489 parentem
820 3412 918 3468 artem
930 3402 1129 3489 potissimum

106 3487 195 3567 serat,
224 3498 288 3554 tam
305 3498 337 3553 et
353 3489 414 3554 hoc
432 3499 542 3576 gentes
559 3489 715 3554 humanae
732 3489 890 3576 patiantur
907 3511 1008 3573 aequo
1026 3488 1130 3554 animo

105 3595 197 3657 quam
215 3573 382 3660 imperium
397 3574 567 3660 patiuntur.

168 3658 235 3727 Sed
255 3661 335 3725 haec
355 3660 458 3726 ethis
479 3660 607 3739 similia,
635 3669 806 3744 utcumque
832 3661 1050 3726 animadversa
1076 3670 1130 3724 aut
1147 3679 1163 3727 8

105 3745 281 3811 existimata
297 3754 403 3824 erunt,
428 3745 507 3812 haut
535 3747 570 3811 in
586 3769 702 3832 mame
721 3747 865 3830 equidem
887 3769 1003 3832 ponam
1021 3747 1131 3810 discri-

104 3831 194 3909 mine,
213 3831 256 3896 ad
272 3831 327 3896 illa
343 3830 421 3897 mibi
432 3853 490 3919 pro
508 3854 543 3898 se
555 3831 689 3916 quisque
703 3834 815 3897 acriter
826 3832 968 3897 intendat
980 3833 1128 3908 animum,
1148 3848 1162 3895 a

107 3936 182 4000 quae
203 3916 285 3996 vita,
313 3917 368 4002 qui
389 3940 493 3984 morea
514 3917 644 3994 fuerint,
671 3939 727 4003 per
749 3940 828 4002 quos
850 3917 934 3983 viros
953 3916 1130 4003 quibusque

108 4001 222 4070 artibus
245 4003 331 4069 domi
352 4002 543 4088 militiaeque
566 4013 597 4070 ct
617 4015 742 4090 partum
763 4013 795 4068 et
817 4015 944 4068 auctum
964 4002 1130 4086 imperium

924 4102 935 4138 1
946 4103 959 4130 2
