2566 4524
138 242 161 307 8
532 249 779 320 unsaros.

105 433 119 482 ι
201 409 283 476 ΠΠ.
307 407 374 476 Sed
387 405 569 485 debebatur,
587 416 624 471 ut
636 407 756 493 opinor,
774 404 849 472 fatis
862 414 968 472 ιιιιιι
980 409 1071 496 origo
1084 410 1173 480 urbis

105 527 121 575 r
139 506 331 589 maximique
349 502 523 569 seeundum
540 503 670 566 deorum
687 523 765 588 opes
778 500 901 587 imperii
913 502 1115 589 principium.
1140 508 1172 570 vi

138 622 321 686 compressa
336 596 476 662 Vestalis
495 618 568 661 oum
589 595 750 682 geminum
770 605 897 681 partum
918 596 1086 676 edidisset,
1115 623 1171 664 seu

136 695 183 761 ita
198 704 267 759 rata
284 714 341 758 seu
357 690 433 776 qnia
449 691 527 756 deus
546 699 656 755 auctor
672 688 784 776 eulpae
801 688 962 755 honestior
978 701 1059 770 erat,
1082 690 1173 758 Mar·

105 799 203 857 stem
227 787 366 852 incertae
392 784 498 871 stirpis
523 794 646 870 patrem
670 793 841 871 nuncupat
883 785 940 849 sed
964 807 1024 850 neo
1045 785 1092 850 dii
1113 810 1170 853 neo

88 877 95 885 “
136 881 280 947 homines
303 889 359 945 aut
379 879 482 965 ipsam
504 888 559 944 aut
581 878 710 964 stirpem
727 901 747 943 a
763 878 946 944 erudelitate
962 879 1052 966 regia
1067 881 1171 946 vindi-

138 985 223 1042 oant:
251 975 398 1041 sacerdos
419 974 527 1039 vinota
542 974 576 1038 in
594 974 770 1040 custodiam
788 974 889 1052 datur,
911 995 1029 1060 pueros
1046 975 1082 1040 in
1098 998 1169 1063 pro-

136 1072 285 1136 fluentem
302 1091 418 1154 aquam
434 1065 516 1133 mitti
531 1066 629 1134 iubet

102 1186 119 1233 4
199 1164 296 1231 Forte
325 1162 463 1249 quadam
488 1163 638 1228 divinitus
665 1185 760 1249 super
784 1163 869 1248 ripas
895 1162 1021 1229 Tiberis
1048 1164 1168 1231 effusus

135 1258 260 1325 lenibus
282 1257 404 1346 stagnis
424 1280 484 1323 neo
502 1257 581 1323 adiri
597 1279 733 1342 usquam
750 1258 792 1322 ad
808 1258 883 1323 iusti
901 1280 1029 1323 oursum
1046 1267 1168 1344 poterat

136 1355 254 1433 amnis,
281 1363 313 1418 et
331 1375 429 1440 posse
449 1352 595 1438 quamvis
620 1352 771 1439 languida
796 1352 898 1439 mergi
923 1374 1007 1437 aqua
1030 1353 1166 1419 infantes

100 1469 116 1516 5
137 1474 228 1538 spem
244 1449 417 1516 ferentibus
435 1450 539 1515 dabat.
570 1449 616 1515 ita
629 1449 716 1515 velut
728 1448 869 1515 defimeti
885 1449 969 1536 regis
986 1449 1121 1536 imperio
1136 1451 1166 1515 in

135 1546 280 1632 proxima
297 1544 436 1621 adlnvie,
454 1543 510 1608 ubi
527 1565 611 1608 nuno
628 1544 708 1609 ficus
725 1543 904 1608 Ruminalis
922 1553 972 1609 est
988 1582 1031 1593 —
1048 1544 1165 1611 Romu-

103 1656 118 1703 6
134 1639 234 1705 larem
250 1648 395 1705 vocatam
411 1635 518 1702 ferunt
530 1674 572 1685 -
584 1657 700 1722 pueros
718 1647 888 1724 exponunt.
923 1646 1033 1704 vastae
1050 1639 1165 1704 tamin

135 1732 186 1800 his
204 1733 282 1799 loeis
301 1730 484 1799 solitudines
503 1739 601 1796 erant.

111 1885 115 1892 .
201 1826 303 1894 Tenet
320 1826 419 1906 fama,
439 1849 511 1891 oum
524 1825 700 1891 fluitantem
713 1825 852 1905 alveum,
870 1848 934 1910 quo
951 1827 1015 1892 iam
1032 1827 1164 1915 expositi

137 1932 227 1990 erant
246 1922 351 2007 pueri,
377 1920 536 1985 tenuism
503 1920 512 1936 '
558 1919 642 1985 siooo
664 1942 748 2005 aqua
765 1921 973 1999 destituisset,
998 1920 1109 2007 lupam
1126 1921 1163 1988 ai·
1203 1914 1206 1945 ³

137 2017 267 2081 tientem
285 2034 326 2080 ex
341 2014 517 2093 montibus,
535 2015 591 2098 qui
604 2015 786 2092 enesaunt,
805 2015 847 2080 ad
858 2015 1011 2101 puerilem
1023 2017 1163 2103 vagitum
1204 2090 1206 2095 ,

135 2133 264 2178 cursum
286 2110 427 2187 flexisse,
454 2132 524 2174 eam
546 2110 731 2176 summissas
753 2109 926 2175 infantibus
953 2110 1033 2175 adeo
1059 2111 1162 2176 mitem
1202 2124 1206 2171 t

133 2205 319 2292 praebuisse
330 2228 539 2282 mammas,u
540 2205 674 2294 tlingua
685 2200 877 2271 lambentem
889 2227 1003 2290 pueros
1017 2198 1206 2294 magisterl

102 2314 117 2362 ι
135 2300 214 2387 regii
230 2298 353 2386 peeoris
370 2299 536 2364 invenerit·
510 2299 663 2365 ttFaus
662 2300 716 2364 ulo
733 2299 833 2366 fuisse
850 2322 966 2365 nomen
982 2296 1104 2379 ferunt,
1125 2296 1206 2393 ab

135 2415 173 2460 eo
191 2394 233 2459 ad
250 2391 374 2460 stabula
390 2394 562 2459 Larentiae
579 2418 670 2460 uxorr
659 2395 869 2460 educandos
887 2395 941 2460 dat
928 2405 987 2461 tos
1021 2407 1097 2462 sunt
1113 2394 1161 2481 qui

133 2486 318 2554 Larentiam
340 2487 449 2575 vulga
450 2511 470 2554 ο
492 2510 621 2575 corpore
637 2489 773 2575 lupam
763 2499 845 2554 mter
860 2505 1003 2576 pastores
1022 2500 1160 2556 vocatam

133 2593 259 2670 putent,
281 2583 354 2647 inde
371 2583 477 2648 looum
493 2582 621 2649 fabulae
640 2605 677 2649 ao
693 2583 845 2649 miraculo
863 2584 981 2648 datum.

98 2695 114 2743 8
199 2677 250 2743 Ita
267 2677 365 2764 geniti
381 2677 488 2762 itaque
506 2678 644 2756 edueati,
669 2701 742 2744 oum
758 2679 895 2764 primum
913 2677 1050 2745 adolevit
1068 2689 1159 2755 aetas,

132 2793 192 2836 neo
213 2771 247 2835 in
269 2770 400 2837 stabulis
422 2795 480 2838 neo
503 2773 543 2837 ad
563 2795 679 2858 peoora
701 2795 815 2860 segnes
837 2774 981 2838 venando
997 2794 1161 2862 peragrare
1203 2782 1206 2863 ᾗ

100 2886 114 2934 9
134 2866 243 2932 saltus.
270 2864 344 2931 hino
356 2865 469 2932 robore
482 2866 664 2953 corporibus
683 2867 858 2950 animisque
877 2876 1002 2954 sumpto
1019 2869 1085 2933 iam
1102 2889 1160 2934 non

132 2959 217 3025 feras
240 2969 362 3026 tantum
386 2960 570 3039 subsistere,
599 2960 655 3026 sed
677 2961 711 3026 in
731 2961 867 3027 latrones
889 2962 1007 3048 praeda
1034 2973 1160 3029 onustos
1202 2956 1206 2965 ’

133 3053 270 3140 impetus
292 3055 397 3121 faeere
417 3055 660 3143 pastoribusque
683 3065 773 3142 rapta
795 3056 933 3120 dividere
956 3066 987 3120 et
1008 3077 1082 3122 oum
1114 3056 1158 3121 hia

132 3160 291 3217 oresoente
308 3151 342 3215 in
359 3151 427 3216 dies
445 3173 542 3238 grege
559 3151 709 3216 iuvenum
739 3151 820 3216 seria
837 3172 875 3215 ao
891 3152 977 3216 iocos
995 3152 1160 3219 celebrare.

97 3261 110 3307 1
195 3244 236 3311 V.
272 3245 343 3311 Iam
365 3254 432 3309 tum
459 3245 492 3309 in
512 3244 637 3310 Palatio
663 3255 770 3311 monte
791 3245 952 3331 Lupercal
977 3245 1038 3310 hoo
1064 3246 1160 3313 fuisse

130 3338 286 3403 ludicrum
303 3340 408 3404 fenmt
421 3348 452 3404 et
465 3362 485 3404 a
497 3337 663 3417 Pallantio,
682 3339 761 3404 urbe
774 3337 941 3417 Arcadica,
959 3338 1160 3418 Pallantium,

99 3431 205 3497 rdein
225 3432 386 3497 Palatium
411 3442 550 3498 montem
576 3432 777 3518 appellatum.
815 3432 860 3498 ibi
880 3433 1081 3513 Evandrum,
1110 3433 1161 3520 qui

131 3549 172 3591 ex
190 3549 227 3592 eo
245 3548 360 3614 genere
373 3524 536 3593 Aroadum
553 3527 660 3593 multis
679 3537 751 3594 ante
769 3527 1008 3614 tempestatibus
1026 3529 1162 3594 tenuerit

128 3621 213 3699 Ιοοι,
241 3620 391 3686 sollemne
428 3621 557 3687 allatum
583 3641 622 3687 ex
643 3620 784 3688 Arcadia
809 3622 996 3701 instituisse,
1023 3632 1060 3687 ut
1085 3623 1161 3688 nudi

128 3715 259 3781 iuvenes
276 3715 441 3802 Lycaeum
454 3716 544 3782 Pana
561 3727 747 3783 venerantes
764 3739 822 3803 per
838 3715 944 3782 lusum
961 3726 1056 3801 atque
1068 3715 1161 3782 lasoi·

129 3809 214 3875 riam
231 3820 400 3890 currerent,
423 3833 517 3896 quern
535 3811 671 3878 Romani
688 3811 802 3878 deinde
824 3819 1016 3877 vocaverunt
1032 3809 1159 3876 Inuum.

96 3923 111 3972 ι
192 3902 280 3970 Ηιιιο
302 3905 416 3972 deditis
438 3906 560 3972 ludioro
581 3929 654 3972 oum
673 3906 825 3972 sollemne
846 3915 957 3972 notum
975 3914 1060 3971 esset
1084 3903 1176 3970 insi-⁴

129 3997 230 4065 diatos
253 3998 294 4065 ob
316 3999 395 4066 iram
415 4001 552 4087 praedae
574 4000 709 4065 amissae
730 4000 882 4079 latrones,
909 4022 982 4066 oum
1002 3998 1159 4066 Romulus
