2566 4524
143 228 209 295 348
396 239 514 294 LIBER
531 238 644 309 V1,41.
664 242 703 308 [a.
713 255 741 293 ιι.
752 256 775 294 c.
785 239 845 295 386.
859 238 925 310 387]

143 400 288 476 honores,
303 405 508 507 quaerunt3e
490 396 578 460 etita
591 418 740 461 maxuma
755 406 828 461 sunt
837 397 991 484 adepturi,
1005 399 1152 467 utnilrilno

143 516 201 605 pro
215 492 352 558 minimis
366 491 494 575 quidem
507 489 658 568 debeant3
677 499 709 555 et
720 491 941 558 occasionibus
957 494 1061 604 potius
1076 517 1151 605 quam

110 589 240 660 avirtut
241 609 258 653 e
275 597 381 697 petere
399 585 533 650 honores
552 584 681 650 malrmt.
718 594 767 650 est
785 585 913 696 aliquis,
931 588 990 672 qui'
1006 589 1152 675 seinspiu',

144 681 303 749 aestimari
315 680 469 758 fastidiat,
488 678 543 764 qui
561 688 662 745 certos
681 678 742 745 sibi
758 702 815 745 um
804 679 997 748 “honores
986 692 1068 748 mter
1082 683 1153 748 ‹limi-
1182 756 1185 761 ,

145 786 217 844 cant
218 799 252 842 es
275 775 483 861 competitores
507 795 644 859 aequum
667 783 795 840 censeat
812 797 898 854 esse,
922 776 978 861 qui
997 799 1032 842 se
1049 776 1154 843 arbitrio

144 881 250 937 vestro
267 869 398 947 eximat,
421 868 476 953 qui
492 879 598 934 vestra
614 868 794 935 necessaria
811 870 965 958 suffragiu
987 894 1046 959 pro
1066 871 1155 939 ισιιιιι-

38 1026 43 1033 ,
113 985 129 1033 ³
146 966 232 1032 tariis
255 974 288 1031 et
304 987 396 1030 serva
412 986 470 1052 pm
487 962 595 1029 liberis
612 963 710 1029 saciat
727 1000 769 1012 -
787 965 896 1030 omitto
913 965 1076 1031 Licinium
1091 963 1154 1032 Sex-

145 1060 301 1145 tiumque,
328 1080 463 1144 quorum
485 1081 584 1124 annos
605 1057 639 1122 in
660 1067 814 1145 perpetua
833 1068 991 1146 potestate
1018 1070 1154 1147 tamquam

144 1178 258 1244 regum
278 1154 312 1220 in
331 1153 488 1241 Capitolio
509 1152 681 1218 numeratis
698 1192 755 1232 -,
778 1153 849 1238 quis
871 1163 921 1220 est
937 1154 1035 1221 hodic
1051 1156 1084 1221 in
1097 1157 1156 1221 ciri·

146 1261 209 1317 tate
227 1260 292 1318 tam
308 1249 451 1327 humilis,
475 1248 527 1315 cui
542 1270 607 1314 non
624 1248 677 1313 via
694 1248 735 1313 ad
757 1248 956 1315 consulatum
978 1250 1099 1317 facilior
1113 1273 1155 1338 per

145 1346 237 1412 istius
255 1345 336 1433 legis
354 1344 553 1411 occasionem
571 1366 666 1428 quam
684 1343 777 1409 nobis
793 1366 831 1409 ac
847 1343 956 1412 liberis
972 1348 1087 1413 nostris
1099 1346 1155 1413 fiatl

148 1442 175 1508 si
197 1441 326 1526 quidem
346 1463 404 1505 nos
422 1462 463 1505 ne
481 1461 553 1505 cum
570 1438 732 1504 volueritis
750 1438 878 1523 quidem
895 1461 1004 1507 creare
1021 1442 1154 1509 interdum

144 1535 302 1622 poteritis,
319 1533 398 1598 istos
417 1532 511 1598 etiam
530 1532 557 1598 si
574 1531 736 1599 nolueritis
753 1555 883 1599 neeesse
901 1535 952 1600 sit.

110 1651 128 1698 4
210 1628 265 1694 De
290 1627 476 1714 indignitate
503 1627 578 1694 satis
606 1627 725 1693 dietum
747 1637 809 1706 est,
838 1628 954 1694 etenim
976 1629 1155 1718 dignitassd

145 1723 290 1790 homines
314 1722 464 1810 pertinet:
495 1722 572 1807 quid
598 1722 638 1787 de
663 1721 867 1809 religionibus
894 1732 990 1808 atque
1017 1724 1154 1812 auspicis,

145 1840 227 1904 quae
243 1817 370 1905 propria
383 1817 513 1882 deorum
525 1815 737 1882 inmortalium
752 1817 942 1903 contemptio
956 1827 1052 1904 atque
1063 1819 1165 1905 iniuria¹

146 1923 208 1991 est,
231 1911 361 1996 loquar?
386 1910 535 1997 auspiciis
558 1911 640 1977 hauc
656 1911 768 1977 urbem
786 1910 945 1976 conditam
963 1935 1049 1993 esse,
1072 1912 1156 2000 auspi-

146 2008 202 2073 ciis
224 2005 309 2072 bello
331 2027 369 2070 ac
385 2026 478 2091 paee,
502 2005 587 2070 domi
603 2004 794 2090 militiaeque
812 2005 917 2071 omnia
934 2008 1018 2094 geri,
1041 2009 1108 2093 quis
1122 2014 1157 2074 est

113 2127 128 2174 5
146 2100 201 2187 qui
222 2099 362 2188 ignoret?
387 2120 485 2187 penes
508 2120 588 2184 quos
611 2100 709 2188 igitur
725 2109 799 2166 sunt
815 2098 957 2187 auspicia
973 2102 1157 2169 moremuio

145 2196 236 2263 rum?
260 2217 373 2283 nempe
394 2216 492 2283 penes
514 2205 629 2282 patres.
665 2219 739 2262 nam
760 2195 903 2283 plebeius
926 2198 1056 2282 quidem
1076 2197 1159 2287 magi·

113 2314 127 2362 c
147 2301 262 2358 stratus
284 2291 389 2358 nullus
412 2291 574 2379 auspicato
592 2302 727 2358 creatur:
749 2291 841 2359 nobis
860 2293 940 2358 adeo
957 2295 1085 2381 propria
1101 2300 1158 2360 suut

147 2387 301 2474 auspicia,
324 2396 360 2452 ut
381 2410 445 2453 non
467 2386 570 2453 solum
588 2409 668 2473 quos
686 2386 822 2475 populus
841 2397 926 2453 creat
942 2390 1091 2475 patricios
1108 2412 1159 2454 ma

146 2484 205 2595 gis
198 2492 297 2549 tratus
315 2505 379 2548 uon
396 2482 451 2547 alit
438 2492 486 2548 ter
502 2504 597 2568 quam
616 2483 778 2569 auspicato
796 2491 889 2561 creet,
908 2485 966 2549 sed
978 2508 1038 2551 nos
1052 2503 1161 2569 quoque

145 2579 207 2666 ipsi
230 2580 298 2644 sine
321 2577 472 2664 suffragio
493 2577 603 2664 populi
621 2578 782 2664 auspicato
800 2576 989 2667 interregem
1007 2580 1161 2667 prodamus

146 2672 342 2773 etprivatim
360 2672 501 2759 auspicia
518 2671 706 2750 habeamus,
709 2694 810 2774 'quae
828 2672 881 2738 isti
898 2695 938 2738 ne
955 2673 990 2738 in
1012 2698 1065 2739 ma
1088 2675 1163 2738 stra·

113 2760 230 2828 stibus
257 2758 384 2842 quidem
410 2757 536 2823 habent.
573 2758 684 2842 quid'
674 2758 732 2845 rgit
733 2781 771 2823 ur
719 2758 882 2823 taliud
908 2781 1005 2843 quam
1033 2769 1064 2826 to
1088 2760 1163 2824 tex

147 2855 273 2920 civitate
291 2852 441 2939 auspicia,
460 2875 515 2938 qm
505 2853 668 2940 'plebeios
682 2852 827 2919 consules
842 2854 977 2920 creando
992 2879 1013 2920 a
1026 2853 1164 2942 patribm,
1193 2862 1195 2915 ἐ

112 2969 128 3018 8
147 2971 202 3035 qm
191 2946 279 3013 soli
297 2971 335 3014 ea
352 2947 469 3014 habere
480 2959 627 3035 possunt,
647 2948 768 3014 aufert?
790 2949 919 3014 eludant
935 2973 1023 3016 nunc
1039 2949 1111 3016 licet
1125 2969 1164 3014 re·

145 3043 294 3131 ligiones:
322 3043 399 3128 quid
424 3044 507 3109 enim
534 3053 596 3122 cst,
625 3044 653 3110 si
678 3043 756 3131 pulli
781 3066 846 3109 non
871 3054 1057 3131 pascentur,
1085 3045 1164 3110 sicr

147 3162 244 3205 cavea
270 3139 389 3204 tardius
416 3138 561 3217 exierint,
595 3139 622 3204 si
649 3139 835 3204 occecinerit
860 3138 953 3205 avis?
978 3162 1080 3226 parua
1105 3144 1164 3205 sunt

145 3235 238 3312 haec,
275 3235 331 3300 sed
361 3256 459 3320 parva
489 3233 550 3299 ista
575 3257 640 3299 non
666 3234 893 3301 contemnendo
919 3235 1059 3302 maiores
1083 3230 1164 3300 vestri

113 3351 127 3398 9
147 3329 316 3394 maximam
342 3329 424 3394 banc
449 3350 517 3394 rem
543 3328 698 3410 feceruut3
725 3352 808 3394 nunc
830 3352 903 3408 nos,
931 3339 1095 3416 tamquam
1113 3330 1164 3394 iam

146 3423 224 3487 nihil
240 3445 320 3509 pace
337 3424 468 3489 deorum
484 3446 564 3511 opus
580 3423 634 3503 sit,
654 3447 762 3491 omnes
777 3425 982 3490 caerimonias
996 3425 1162 3512 polluimus

145 3517 243 3604 vulgo
261 3540 337 3604 ergo
354 3519 532 3605 pontifices,
552 3543 703 3607 augures,
723 3520 889 3585 sacrificuli
905 3542 1000 3607 reges
1020 3529 1162 3594 creentur

147 3611 276 3678 cuilibet
296 3613 418 3699 apicem
440 3613 569 3693 dialem,
593 3616 764 3681 dummodo
782 3616 877 3681 homo
900 3616 955 3695 sit,
978 3616 1162 3704 inponamus,

147 3707 308 3774 tradamus
327 3708 453 3786 ancilia,
472 3709 657 3795 penetralia,
677 3711 752 3776 deos
771 3711 965 3794 deorumque
984 3733 1091 3777 curam
1107 3704 1163 3795 qui·

97 3821 129 3868 10
147 3801 207 3868 bus
230 3802 321 3869 nefas
344 3813 406 3882 est3
433 3826 498 3868 non
518 3803 607 3892 leges
626 3805 787 3891 auspicato
810 3805 965 3885 ferantur,
992 3829 1058 3872 non
1078 3800 1162 3888 magi·

148 3906 262 3963 stratus
277 3907 430 3976 creentur,
446 3920 505 3963 nec
519 3899 699 3965 centuriatis
714 3922 773 3965 nec
787 3900 913 3965 curiatis
928 3901 1160 3986 comitiispatres

148 4002 291 4061 auctores
309 3992 400 4101 fiant:
425 3989 553 4060 Sextius
572 4003 603 4059 et
620 3995 764 4061 Licinius
783 4004 945 4080 tamquam
963 3994 1113 4062 Romulus
1132 4007 1160 4054 ac
