2566 4524
316 229 435 286 Lrsus
451 230 521 300 vu,
541 231 642 286 18.19.
664 234 702 299 [a.
714 229 904 303 osse-sss]
1065 219 1129 286 369

96 392 213 469 solum,
239 388 408 456 sedetiam
426 387 537 453 urbem
560 398 685 475 captam
707 397 800 473 atque
823 412 1008 476 oppressam
1029 413 1128 478 regno

94 485 313 576 patriciorum,
335 491 456 548 maesta
473 482 575 568 plebis
595 493 784 569 sequeretur.
821 485 965 550 consules
987 484 1087 551 relicti
1109 510 1128 550 a
1148 507 1180 554 10

94 591 183 669 parte
200 576 313 666 populi
328 600 386 664 per
402 577 645 663 infrequentiam
663 579 789 644 comitia
802 578 900 645 nihilo
914 581 1042 666 segnius
1055 602 1127 665 per-

95 675 214 742 ficiunt.
239 673 335 739 creati
349 671 494 738 consules
508 671 602 737 ambo
615 673 746 758 patricii,
761 671 809 737 M.
819 672 938 739 Fabius
948 673 1127 740 Ambustus
1228 723 1233 733 .

96 769 239 846 tertium,
267 766 305 832 T.
330 765 506 850 Quinctius.
542 767 576 829 in
601 765 791 852 quibusdam
817 768 982 834 annalibus
1008 791 1065 854 pro
1088 768 1127 834 Τ.

97 863 249 950 Quinctio
267 861 315 927 M.
333 860 493 947 Popilium
511 860 673 927 consulem
690 861 825 926 invenio.

152 955 308 1024 xvnfl.
343 954 420 1021 Duo
438 954 521 1020 bella
539 978 577 1021 eo
595 978 676 1021 anno
694 978 843 1042 prospere
860 966 966 1043 gesta,
986 979 1059 1023 cnm
1073 958 1129 1023 Ti·
1149 979 1161 1026 t

95 1052 305 1136 burtibusque
319 1051 360 1116 ad
372 1050 563 1115 deditionem
576 1060 760 1137 pugnatum.
789 1047 922 1116 Sassula
936 1073 977 1116 ex
990 1051 1039 1117 his
1053 1052 1129 1119 urbs

97 1157 203 1235 capta3
231 1156 396 1231 ceteraque
415 1145 531 1231 oppida
548 1146 680 1210 eandem
698 1146 856 1210 fortunam
873 1145 1073 1226 habuissent,
1096 1148 1130 1212 ni

98 1243 245 1308 universa
270 1263 349 1328 gens
375 1240 486 1327 positis
513 1240 608 1305 armis
634 1241 667 1304 in
692 1239 788 1304 fidem
814 1241 950 1307 consulis
978 1241 1127 1308 venisset.

100 1335 325 1424 triumphatum
348 1336 386 1400 de
409 1334 609 1414 Tiburtibus,
637 1334 776 1419 alioquin
797 1335 882 1401 mitis
904 1336 1035 1402 victoria
1058 1336 1127 1403 fuit.
1147 1357 1162 1403 2
1197 1380 1218 1417 0

97 1432 131 1498 in
152 1430 398 1516 Tarquinienses
426 1428 539 1494 acerbe
560 1429 728 1494 saevitum:
755 1429 861 1494 multis
884 1430 1069 1497 mortalibus
1096 1432 1129 1496 in

97 1619 252 1708 quaginta
273 1627 344 1683 octo
366 1616 493 1696 delecti,
515 1617 730 1684 nobilissimus
749 1619 897 1704 quisque,
921 1621 976 1704 qui
993 1620 1129 1686 Romam

97 1715 305 1788 mitterentur,
324 1710 436 1798 volgus
451 1711 538 1776 aliud
550 1713 750 1777 trucidatum.
786 1736 845 1778 nec
857 1715 994 1799 populus
1012 1716 1044 1780 in
1063 1738 1127 1795 eos,
1147 1733 1163 1780 3

95 1808 152 1894 qui
170 1806 262 1872 missi
274 1806 411 1872 Romam
429 1815 530 1886 erant,
549 1807 654 1872 mitior
667 1807 740 1872 fuit:
759 1809 864 1873 medio
881 1809 915 1872 in
931 1809 1001 1873 foro
1019 1832 1128 1876 omnes

97 1903 197 1988 virgis
220 1901 306 1966 caesi
327 1922 365 1966 ac
387 1901 490 1966 securi
511 1903 662 1986 percussi.
698 1902 732 1966 id
748 1924 805 1987 pro
823 1903 991 1968 immolatis
1009 1904 1044 1969 in
1060 1903 1129 1970 foro

98 1994 377 2081 Tarquiniensium
394 1993 546 2060 Romanis
569 2018 689 2082 poenae
711 1996 855 2063 hostibus
877 1998 1043 2064 redditum.
1078 2021 1129 2065 res
1147 2019 1165 2066 4

97 2092 180 2160 bello
199 2092 280 2159 bene
293 2101 415 2179 gestae,
434 2101 469 2156 ut
483 2089 643 2158 Samnites
658 2114 782 2177 quoque
796 2094 965 2159 amicitiam
978 2103 1129 2179 peterent,

97 2188 282 2254 effecerunt.
317 2185 430 2272 legatis
453 2207 560 2251 eorum
584 2186 713 2250 comiter
736 2185 776 2250 ab
800 2197 911 2252 senatu
932 2210 1129 2272 responsum,

98 2282 228 2350 foedere
245 2280 279 2344 in
296 2279 477 2346 societatem
495 2281 626 2365 accepti.

161 2375 236 2442 Non
255 2374 365 2441 eadem
382 2375 468 2461 domi
485 2396 566 2459 quae
583 2373 712 2438 militiae
729 2374 857 2439 fortuna
874 2383 941 2439 erat
961 2373 1048 2459 plebi
1064 2375 1130 2440 Ro-
1147 2397 1162 2445 5

97 2493 223 2539 manae.
259 2492 333 2534 nam
346 2470 406 2535 etsi
419 2469 557 2535 unciario
571 2468 700 2534 faenore
717 2467 802 2533 facto
818 2468 922 2534 levata
939 2491 1036 2535 usura
1053 2478 1129 2551 erat,

100 2575 183 2633 sorte
200 2564 272 2652 ipsa
291 2563 503 2630 obruebantur
518 2564 628 2649 inopes
646 2584 826 2646 nexumque
848 2562 983 2628 inibant:
1010 2585 1048 2628 eo
1070 2584 1130 2629 nec

96 2659 248 2751 patricios
272 2657 365 2724 ambo
388 2657 532 2724 consules
555 2679 656 2742 neque
679 2657 875 2723 comitiorum
897 2680 1005 2724 curam
1026 2657 1131 2744 publi-

98 2778 177 2824 cave
201 2755 306 2821 studia
326 2776 401 2841 prae
422 2752 553 2840 privatis
575 2753 783 2819 incommodis
804 2753 895 2840 plebs
921 2753 963 2819 ad
990 2753 1130 2819 animum

97 2849 295 2919 admittebat.
340 2849 521 2915 consulatus
552 2858 682 2933 uterque
713 2850 798 2935 apud
827 2849 974 2935 patricios
1006 2858 1163 2918 manetts

96 2945 247 3015 consules
266 2944 362 3010 creati
376 2942 414 3010 C.
430 2941 589 3030 Sulpicius
603 2942 731 3009 Peticus
746 2946 905 3028 quartum,
924 2943 972 3007 M.
983 2943 1130 3010 Valerius

96 3036 268 3107 Publicola
284 3038 406 3103 iterum.
799 3099 802 3103 ,

165 3133 207 3199 In
217 3132 337 3206 bellum
349 3131 522 3198 Etruscum
533 3132 684 3196 intentam
699 3130 869 3207 civitatem,
889 3129 962 3213 quia
972 3127 1131 3195 Caeritem

98 3226 254 3315 populum
268 3226 482 3293 misericordia
494 3225 774 3314 consanguinitatis
784 3223 1065 3309 Tarquiniensibus
1075 3224 1131 3289 ad-

97 3322 244 3389 iunctum
255 3320 343 3387 fama
355 3320 490 3399 ferebat,
508 3320 605 3409 legati
617 3320 727 3386 Latini
740 3320 781 3385 ad
790 3318 924 3384 Volscos
939 3328 1129 3399 convertere,

98 3417 297 3495 nuntiantes,
320 3415 491 3481 exercitum
509 3415 720 3502 conscriptum
739 3423 956 3498 armatumque
977 3413 1041 3480 iam
1063 3414 1129 3480 suis

97 3509 218 3580 linibus
235 3510 401 3589 inminere,
424 3510 498 3576 inde
515 3510 756 3598 populabundos
773 3509 807 3574 in
825 3531 936 3596 agrum
949 3508 1130 3575 Romanum

96 3614 252 3673 venturos
271 3627 351 3673 esse.
387 3605 510 3672 censuit
526 3606 623 3693 igitur
640 3614 782 3683 senatus,
800 3614 944 3670 neutram
961 3605 1131 3693 neglegen-
1150 3628 1163 3673 r

94 3694 174 3769 dam
190 3723 261 3769 rem
279 3724 364 3780 esse,
382 3711 515 3787 utroque
527 3701 668 3789 legiones
687 3700 782 3768 scribi
799 3701 1008 3788 consulesque
1029 3703 1131 3768 sortiri

95 3797 279 3887 provincias
305 3796 407 3866 iussit.
442 3796 602 3864 inclinavit
628 3797 741 3864 deinde
767 3820 840 3884 pars
863 3798 962 3864 maior
984 3819 1076 3862 curae
1098 3797 1164 3861 ins

94 3890 275 3961 Etruscum
291 3889 425 3974 bellum,
443 3903 613 3981 postquam
629 3893 739 3960 litteris
759 3891 892 3981 Sulpicii
910 3892 1060 3967 consulis,
1079 3890 1131 3954 cui

95 3984 268 4074 Tarquinii
284 3986 446 4075 provincia
464 3998 623 4073 evenerat,
647 3988 808 4079 cognitum
826 3998 888 4067 est,
907 3984 1131 4140 d2epopulatnm

149 4106 205 4153 aas
219 4106 262 4151 vot.
272 4104 296 4150 l.-
