2566 4524
147 241 211 306 280
410 249 527 304 LIBER
543 248 579 320 V,
598 249 640 303 28.
659 252 696 318 [a.
706 265 734 302 u.
745 248 837 304 eddo.
850 246 916 319 361]

148 413 256 490 deum,
280 411 331 476 cui
348 410 531 486 mitteretur,
551 416 581 473 et
599 407 673 472 doni
691 430 820 474 causam
837 405 957 473 veritus
974 406 1056 494 ipse,
1075 410 1159 474 multi·
1195 384 1204 453 l

149 506 290 570 tudinem
312 527 450 589 quoque,
479 524 559 587 quae
583 523 706 588 semper
726 502 827 568 ferme
848 500 972 589 regenti
994 512 1043 568 est
1060 504 1160 583 similis,

147 599 308 686 religionis
331 600 431 664 iustae
453 597 583 683 inplevit
605 597 821 681 adductosque
842 595 876 661 in
893 596 1057 683 publicum
1073 597 1160 684 hospi·

149 696 228 760 tium
245 694 366 779 legatos
385 715 457 757 cum
474 692 631 778 praesidio
649 692 744 756 etiam
761 691 889 756 navium
907 689 1053 777 Delphos
1073 714 1164 778 prose-

115 813 132 862 s
150 800 241 855 cutus
264 789 400 853 Romam
421 787 495 852 inde
518 787 652 872 sospites
673 786 818 851 restituit.
853 785 1028 872 hospitium
1050 808 1116 853 cum
1135 806 1164 852 co

150 894 278 948 senatus
297 881 440 946 consulto
459 881 643 946 estfactum
662 880 806 964 donaque
823 877 950 965 publice
969 880 1054 945 data.

214 975 338 1041 Eodem
357 997 440 1040 anno
457 975 490 1039 in
508 973 630 1058 Aequis
648 974 734 1038 varie
752 972 917 1052 bellatum,
936 975 1018 1039 adeo
1035 988 1071 1038 ut
1085 975 1114 1039 in
1126 975 1164 1039 in·

150 1087 234 1136 certo
255 1069 350 1135 suerit
372 1079 403 1134 et
425 1069 508 1154 apud
530 1069 617 1154 ipsos
641 1068 796 1133 exercitus
819 1080 850 1132 et
868 1067 1005 1147 Romae,
1033 1069 1165 1135 vicissent

116 1191 132 1241 e
148 1166 264 1232 victine
283 1175 397 1231 essent.
433 1166 637 1250 imperatores
655 1163 792 1229 Romani
808 1163 898 1228 fuere
916 1185 957 1228 ex
974 1163 1106 1230 tribunis
1120 1163 1166 1229 mi·

149 1260 240 1325 litum
256 1259 294 1326 C.
304 1259 476 1337 Aemilius,
494 1257 549 1345 Sp.
560 1259 754 1324 Postumius.
781 1258 883 1344 primo
896 1279 964 1323 rem
977 1258 1167 1324 communiter

150 1366 331 1442 gesserunt;
359 1355 439 1419 fusis
465 1355 538 1418 inde
564 1354 632 1418 acie
657 1352 803 1418 hostibus
824 1351 1001 1417 Aemilium
1027 1354 1167 1440 praesidio

150 1450 363 1536 Verruginem
388 1448 529 1514 obtinere
554 1448 685 1534 placuit,
717 1446 916 1512 Postumium
942 1447 1024 1511 fines
1049 1460 1168 1513 vastare.

117 1570 132 1616 t
150 1542 196 1608 ibi
211 1566 282 1607 eum
295 1543 503 1628 incomposito
517 1542 643 1628 agmine
655 1541 872 1628 neglegentius
887 1539 975 1605 abre
993 1539 1076 1607 bene
1092 1550 1169 1628 gesta

152 1648 277 1701 euntem
292 1637 392 1701 adorti
405 1635 513 1719 Aequi
526 1647 642 1701 terrore
656 1635 769 1700 iniecto
786 1636 820 1698 in
836 1634 998 1720 proximos
1017 1635 1167 1722 conpulere

151 1731 303 1809 tumulos,
321 1753 482 1817 pavorque
498 1731 572 1795 inde
590 1729 800 1816 Verruginem
819 1731 913 1794 etiam
931 1729 973 1794 ad
990 1730 1168 1816 praesidium

116 1826 283 1896 salterum
306 1837 354 1892 est
375 1827 523 1913 perlatus.
559 1827 743 1891 Postumius
767 1826 832 1891 suis
858 1826 893 1890 in
918 1835 1024 1891 tutum
1049 1827 1167 1913 receptis

150 1945 223 1987 cum
242 1923 387 1986 contione
405 1923 559 1986 advocata
576 1931 725 1986 terrorem
742 1921 916 2006 increparet
933 1942 971 1986 ac
988 1921 1113 2010 fugam,
1128 1920 1168 1985 fu·

152 2037 205 2080 sos
228 2038 298 2080 esse
317 2016 357 2080 ab
375 2015 581 2101 ignavissimo
599 2038 637 2082 ac
654 2015 861 2104 fugacissimo
879 2015 985 2080 hoste:
1009 2017 1167 2083 conclamat

151 2109 317 2173 universus
341 2111 512 2189 exercitus,
535 2111 645 2176 merito
664 2133 699 2176 se
717 2134 755 2175 ea
772 2111 879 2176 audire
898 2120 929 2176 et
951 2111 1047 2177 fateri
1067 2112 1167 2178 admis·

152 2228 222 2270 sum
236 2204 403 2290 flagitium,
424 2207 480 2271 sed
499 2208 627 2272 eosdem
645 2216 838 2272 correcturos
857 2229 928 2271 esse
946 2228 1051 2291 neque
1064 2208 1166 2273 diutur-

118 2318 229 2366 enum
251 2300 284 2363 id
306 2299 459 2386 gaudium
480 2300 624 2366 hostibus
647 2301 725 2365 fore.
759 2311 941 2387 poscentes,
963 2310 1000 2366 ut
1018 2300 1166 2367 confestim

149 2394 223 2459 inde
246 2395 286 2459 ad
309 2406 412 2460 castra
433 2395 571 2461 hostium
595 2397 723 2460 duceret
740 2434 783 2444 --
801 2419 839 2460 ea
855 2396 889 2460 in
906 2408 1079 2484 conspectu
1096 2401 1165 2462 eraut

149 2489 253 2575 posita
274 2490 307 2552 in
329 2491 424 2576 plano
442 2528 498 2568 -,
525 2490 603 2554 nihil
624 2512 745 2576 poenae
766 2490 968 2569 recusabant,
996 2492 1032 2556 ni
1053 2515 1091 2557 ea
1108 2505 1163 2556 ante

100 2601 132 2650 ιο
150 2597 275 2648 noctem
297 2595 542 2671 expugnassent.
579 2585 781 2650 conlaudatos
805 2606 936 2670 corpora
957 2607 1069 2652 curare
1092 2607 1164 2672 pare·

150 2688 262 2762 tosque
290 2701 360 2744 esse
387 2690 498 2762 quarta
524 2679 632 2765 vigilia
657 2678 753 2744 iubet.
790 2688 821 2744 et
846 2678 969 2757 hostes,
998 2691 1163 2747 nocturnam

149 2771 261 2858 fugam
279 2795 319 2836 ex
337 2773 457 2837 tumulo
475 2774 690 2838 Romanorum
707 2783 742 2837 ut
760 2772 800 2838 ab
819 2795 857 2838 ea
873 2774 939 2852 via,
963 2797 1046 2858 quae
1062 2773 1164 2840 ferebat

150 2864 375 2952 Verruginem,
404 2867 618 2946 excluderent,
645 2867 734 2933 fuere
758 2868 842 2934 obvii
867 2869 1086 2955 proeliumque
1108 2876 1164 2934 ana

150 2958 255 3024 lucem
277 2997 319 3007 -
343 2961 399 3025 sed
425 2962 499 3027 luna
524 2984 645 3048 pernox
671 2971 736 3027 erat
758 3000 800 3010 —
823 2963 1030 3028 commissum
1056 2972 1110 3029 est.
1143 2967 1163 3024 et

100 3074 129 3122 11
149 3053 235 3118 haud
251 3055 400 3120 incertius
418 3056 530 3120 diurno
548 3055 700 3140 proelium
718 3056 787 3120 fuit.
824 3057 881 3121 sed
899 3056 1018 3122 clamor
1030 3053 1161 3141 Verrugl

148 3171 220 3213 nem
242 3149 395 3235 perlatus,
423 3173 495 3232 cum
518 3160 620 3214 castra
641 3151 786 3215 Romana
808 3150 969 3215 crederent
994 3146 1161 3239 oppugnari

148 3252 271 3309 tantum
292 3245 399 3310 iniecit
419 3245 559 3331 pavoris,
582 3255 618 3309 ut
634 3246 826 3330 nequiquam
843 3245 996 3311 retinente
1015 3257 1107 3331 atque
1121 3242 1161 3309 oh

98 3357 130 3404 12
150 3350 291 3404 secrante
317 3341 456 3404 Aemilio
479 3339 653 3405 Tusculmn
680 3340 776 3426 palati
801 3340 957 3427 fugerent.
997 3341 1072 3406 inde
1095 3339 1161 3404 fam

149 3431 286 3497 Romam
306 3435 427 3519 perlata
454 3450 515 3513 est,
542 3434 741 3500 Postumium
768 3435 1003 3519 exercitumque
1031 3435 1159 3502 occisum

148 3527 217 3609 qui,
245 3527 301 3591 ubi
322 3529 424 3613 prima
444 3529 501 3594 lux
519 3541 637 3594 metum
655 3530 838 3595 insidiarum
857 3530 958 3596 effuse
976 3527 1159 3616 sequentibus

149 3621 289 3699 sustulit,
308 3644 381 3688 cum
398 3625 626 3783 perequitasset
644 3624 744 3689 aciem
760 3625 918 3710 promissa
934 3634 1092 3711 repetens,
1108 3632 1159 3686 tan·

146 3723 214 3779 tum
240 3715 346 3781 iniecit
372 3720 571 3797 ardoris,ut
536 3742 660 3784 unon
686 3719 767 3784 ultra
794 3719 998 3784 sustinuerint
1027 3719 1158 3822 impetum

96 3830 128 3878 13
147 3807 263 3894 Aequi.
308 3813 413 3877 caedis
443 3815 516 3879 inde
546 3814 678 3901 fugient
669 3837 749 3892 rum,
785 3813 888 3898 qualis
918 3812 1014 3879 ubi
1004 3837 1051 3878 rra
1075 3806 1157 3896 mugit

147 3925 242 3988 quam
259 3906 374 3972 virtute
391 3931 441 3973 res
460 3910 541 3996 gerit
541 3933 587 3987 ur,
612 3910 652 3974 ad
669 3909 838 4018 perniciem
857 3909 995 3974 hostium
1014 3908 1095 3973 saeta
1109 3910 1157 3976 eelz

146 4000 328 4087 tristemque
350 4003 390 4069 ab
410 4004 550 4070 Tusculo
568 4005 711 4069 nuntium
729 4004 921 4089 nequiquam
938 4002 1083 4069 exterrita
1097 3990 1157 4063 civi·
