<?xml version="1.0" encoding="UTF-8"?>
<!DOCTYPE html PUBLIC "-//W3C//DTD XHTML 1.0 Transitional//EN"
    "http://www.w3.org/TR/xhtml1/DTD/xhtml1-transitional.dtd">
<html xmlns="http://www.w3.org/1999/xhtml" xml:lang="en" lang="en">
 <head>
  <title>
</title>
<meta http-equiv="Content-Type" content="text/html;charset=utf-8" />
  <meta name='ocr-system' content='tesseract 3.04.00' />
  <meta name='ocr-capabilities' content='ocr_page ocr_carea ocr_par ocr_line ocrx_word'/>
</head>
<body>
  <div class='ocr_page' id='page_1' title='image "./titiliviaburbec01weisgoog_0523.png"; bbox 0 0 2566 4524; ppageno 0'>
   <div class='ocr_carea' id='block_1_1' title="bbox 141 263 999 344">
    <p class='ocr_par' dir='ltr' id='par_1_1' title="bbox 141 263 999 344">
     <span class='ocr_line' id='line_1_1' title="bbox 141 263 999 344; baseline -0.01 -13"><span class='ocrx_word' id='word_1_1' title='bbox 141 263 206 331; x_wconf 82' lang='lat'><strong>436</strong></span> <span class='ocrx_word' id='word_1_2' title='bbox 330 272 449 329; x_wconf 80' lang='lat' dir='ltr'><strong>LIBER</strong></span> <span class='ocrx_word' id='word_1_3' title='bbox 465 271 550 344; x_wconf 84' lang='lat' dir='ltr'><strong>vm,</strong></span> <span class='ocrx_word' id='word_1_4' title='bbox 568 269 661 327; x_wconf 71' lang='lat' dir='ltr'><strong>acas.</strong></span> <span class='ocrx_word' id='word_1_5' title='bbox 680 272 757 340; x_wconf 75' lang='lat' dir='ltr'><strong>[au.</strong></span> <span class='ocrx_word' id='word_1_6' title='bbox 769 267 999 342; x_wconf 71' lang='lat' dir='ltr'><strong>amam-sn]</strong></span> 
     </span>
    </p>
   </div>
   <div class='ocr_carea' id='block_1_2' title="bbox 97 427 1184 4024">
    <p class='ocr_par' dir='ltr' id='par_1_2' title="bbox 109 427 1149 613">
     <span class='ocr_line' id='line_1_2' title="bbox 109 427 1149 514; baseline -0.009 -8"><span class='ocrx_word' id='word_1_7' title='bbox 109 458 126 507; x_wconf 80' lang='lat' dir='ltr'><strong>c</strong></span> <span class='ocrx_word' id='word_1_8' title='bbox 143 432 281 503; x_wconf 88' lang='lat' dir='ltr'><strong>Romani</strong></span> <span class='ocrx_word' id='word_1_9' title='bbox 298 431 453 499; x_wconf 86' lang='lat' dir='ltr'><strong>vulnerati</strong></span> <span class='ocrx_word' id='word_1_10' title='bbox 471 438 552 496; x_wconf 81' lang='lat' dir='ltr'><strong>sunt.</strong></span> <span class='ocrx_word' id='word_1_11' title='bbox 581 428 679 495; x_wconf 89' lang='lat' dir='ltr'><strong>sensit</strong></span> <span class='ocrx_word' id='word_1_12' title='bbox 696 428 815 514; x_wconf 90' lang='lat' dir='ltr'><strong>peritus</strong></span> <span class='ocrx_word' id='word_1_13' title='bbox 829 428 906 507; x_wconf 85' lang='lat' dir='ltr'><strong>dux,</strong></span> <span class='ocrx_word' id='word_1_14' title='bbox 920 450 1002 514; x_wconf 88' lang='lat' dir='ltr'><strong>quae</strong></span> <span class='ocrx_word' id='word_1_15' title='bbox 1014 449 1061 496; x_wconf 90' lang='lat' dir='ltr'><strong>res</strong></span> <span class='ocrx_word' id='word_1_16' title='bbox 1071 427 1149 497; x_wconf 78' lang='lat' dir='ltr'><strong>victo·</strong></span> 
     </span>
     <span class='ocr_line' id='line_1_3' title="bbox 143 522 1149 613; baseline -0.006 -17"><span class='ocrx_word' id='word_1_17' title='bbox 143 531 209 596; x_wconf 88' lang='lat' dir='ltr'><strong>riae</strong></span> <span class='ocrx_word' id='word_1_18' title='bbox 227 529 380 607; x_wconf 86' lang='lat' dir='ltr'><strong>obstaret3</strong></span> <span class='ocrx_word' id='word_1_19' title='bbox 399 525 638 613; x_wconf 89' lang='lat' dir='ltr'><strong>temperandum</strong></span> <span class='ocrx_word' id='word_1_20' title='bbox 654 522 819 612; x_wconf 83' lang='lat' dir='ltr'>ingenium</span> <span class='ocrx_word' id='word_1_21' title='bbox 837 545 932 589; x_wconf 91' lang='lat' dir='ltr'><strong>suum</strong></span> <span class='ocrx_word' id='word_1_22' title='bbox 950 544 1021 590; x_wconf 89' lang='lat' dir='ltr'><strong>esse</strong></span> <span class='ocrx_word' id='word_1_23' title='bbox 1038 533 1067 590; x_wconf 89' lang='lat' dir='ltr'><strong>et</strong></span> <span class='ocrx_word' id='word_1_24' title='bbox 1082 546 1149 590; x_wconf 83' lang='lat' dir='ltr'><strong>sevc-</strong></span> 
     </span>
    </p>

    <p class='ocr_par' dir='ltr' id='par_1_3' title="bbox 111 616 1150 897">
     <span class='ocr_line' id='line_1_4' title="bbox 111 616 1150 706; baseline -0.009 -13"><span class='ocrx_word' id='word_1_25' title='bbox 111 648 125 696; x_wconf 83' lang='lat' dir='ltr'><strong>e</strong></span> <span class='ocrx_word' id='word_1_26' title='bbox 143 626 267 691; x_wconf 90' lang='lat' dir='ltr'><strong>ritatem</strong></span> <span class='ocrx_word' id='word_1_27' title='bbox 285 620 479 688; x_wconf 80' lang='lat' dir='ltr'><strong>miscendam</strong></span> <span class='ocrx_word' id='word_1_28' title='bbox 502 619 650 685; x_wconf 81' lang='lat' dir='ltr'><strong>comitati</strong></span> <span class='ocrx_word' id='word_1_29' title='bbox 685 618 792 705; x_wconf 87' lang='lat' dir='ltr'><strong>itaque</strong></span> <span class='ocrx_word' id='word_1_30' title='bbox 810 617 961 684; x_wconf 75' lang='lat' dir='ltr'><strong>adhibitis</strong></span> <span class='ocrx_word' id='word_1_31' title='bbox 977 616 1083 706; x_wconf 86' lang='lat' dir='ltr'><strong>legatis</strong></span> <span class='ocrx_word' id='word_1_32' title='bbox 1098 619 1150 706; x_wconf 86' lang='lat' dir='ltr'><strong>ipse</strong></span> 
     </span>
     <span class='ocr_line' id='line_1_5' title="bbox 144 714 1150 802; baseline -0.005 -17"><span class='ocrx_word' id='word_1_33' title='bbox 144 720 262 785; x_wconf 91' lang='lat' dir='ltr'><strong>circum</strong></span> <span class='ocrx_word' id='word_1_34' title='bbox 281 715 403 783; x_wconf 89' lang='lat' dir='ltr'><strong>saucios</strong></span> <span class='ocrx_word' id='word_1_35' title='bbox 421 715 536 781; x_wconf 88' lang='lat' dir='ltr'><strong>milites</strong></span> <span class='ocrx_word' id='word_1_36' title='bbox 553 715 693 780; x_wconf 89' lang='lat' dir='ltr'><strong>inserens</strong></span> <span class='ocrx_word' id='word_1_37' title='bbox 711 714 745 779; x_wconf 92' lang='lat' dir='ltr'><strong>in</strong></span> <span class='ocrx_word' id='word_1_38' title='bbox 763 714 895 781; x_wconf 87' lang='lat' dir='ltr'><strong>tentoria</strong></span> <span class='ocrx_word' id='word_1_39' title='bbox 908 724 1005 801; x_wconf 87' lang='lat' dir='ltr'><strong>caput</strong></span> <span class='ocrx_word' id='word_1_40' title='bbox 1022 714 1150 802; x_wconf 81' lang='lat' dir='ltr'><strong>singulos·</strong></span> 
     </span>
     <span class='ocr_line' id='line_1_6' title="bbox 144 809 1149 897; baseline -0.002 -21"><span class='ocrx_word' id='word_1_41' title='bbox 144 835 220 897; x_wconf 89' lang='lat' dir='ltr'><strong>que,</strong></span> <span class='ocrx_word' id='word_1_42' title='bbox 242 820 278 876; x_wconf 88' lang='lat' dir='ltr'><strong>nt</strong></span> <span class='ocrx_word' id='word_1_43' title='bbox 296 833 367 877; x_wconf 91' lang='lat' dir='ltr'><strong>sese</strong></span> <span class='ocrx_word' id='word_1_44' title='bbox 384 809 550 889; x_wconf 89' lang='lat' dir='ltr'><strong>haberent,</strong></span> <span class='ocrx_word' id='word_1_45' title='bbox 573 809 713 896; x_wconf 81' lang='lat' dir='ltr'><strong>rogitans</strong></span> <span class='ocrx_word' id='word_1_46' title='bbox 736 831 844 874; x_wconf 90' lang='lat' dir='ltr'><strong>curam</strong></span> <span class='ocrx_word' id='word_1_47' title='bbox 865 830 977 875; x_wconf 90' lang='lat' dir='ltr'><strong>eorum</strong></span> <span class='ocrx_word' id='word_1_48' title='bbox 994 809 1149 876; x_wconf 87' lang='lat' dir='ltr'><strong>nominatim</strong></span> 
     </span>
    </p>

    <p class='ocr_par' dir='ltr' id='par_1_4' title="bbox 112 903 1184 1276">
     <span class='ocr_line' id='line_1_7' title="bbox 112 903 1184 995; baseline -0.004 -23"><span class='ocrx_word' id='word_1_49' title='bbox 112 924 126 971; x_wconf 77' lang='grc'><strong>7</strong></span> <span class='ocrx_word' id='word_1_50' title='bbox 144 907 258 995; x_wconf 86' lang='lat' dir='ltr'><strong>legatis</strong></span> <span class='ocrx_word' id='word_1_51' title='bbox 276 904 472 989; x_wconf 83' lang='lat' dir='ltr'><strong>tribunisque</strong></span> <span class='ocrx_word' id='word_1_52' title='bbox 490 914 522 971; x_wconf 90' lang='lat' dir='ltr'><strong>et</strong></span> <span class='ocrx_word' id='word_1_53' title='bbox 543 903 710 991; x_wconf 86' lang='lat' dir='ltr'><strong>praefectis</strong></span> <span class='ocrx_word' id='word_1_54' title='bbox 729 903 949 970; x_wconf 78' lang='lat' dir='ltr'><strong>demandabat.</strong></span> <span class='ocrx_word' id='word_1_55' title='bbox 986 927 1050 970; x_wconf 91' lang='lat' dir='ltr'><strong>rem</strong></span> <span class='ocrx_word' id='word_1_56' title='bbox 1063 926 1109 990; x_wconf 88' lang='lat' dir='ltr'><strong>per</strong></span> <span class='ocrx_word' id='word_1_57' title='bbox 1123 925 1149 969; x_wconf 88' lang='lat' dir='ltr'><strong>se</strong></span> <span class='ocrx_word' id='word_1_58' title='bbox 1182 970 1184 995; x_wconf 55' lang='grc' dir='ltr'>Ι</span> 
     </span>
     <span class='ocr_line' id='line_1_8' title="bbox 144 995 1149 1088; baseline -0.004 -21"><span class='ocrx_word' id='word_1_59' title='bbox 144 1000 329 1088; x_wconf 86' lang='lat' dir='ltr'><strong>popularem</strong></span> <span class='ocrx_word' id='word_1_60' title='bbox 346 1001 391 1065; x_wconf 89' lang='lat' dir='ltr'><strong>ita</strong></span> <span class='ocrx_word' id='word_1_61' title='bbox 409 1000 518 1065; x_wconf 85' lang='lat' dir='ltr'><strong>dexter</strong></span> <span class='ocrx_word' id='word_1_62' title='bbox 535 999 614 1086; x_wconf 87' lang='lat' dir='ltr'><strong>egit,</strong></span> <span class='ocrx_word' id='word_1_63' title='bbox 637 1008 672 1064; x_wconf 90' lang='lat' dir='ltr'><strong>ut</strong></span> <span class='ocrx_word' id='word_1_64' title='bbox 689 998 852 1064; x_wconf 91' lang='lat' dir='ltr'><strong>medendis</strong></span> <span class='ocrx_word' id='word_1_65' title='bbox 875 997 1056 1087; x_wconf 81' lang='lat' dir='ltr'><strong>corporibus</strong></span> <span class='ocrx_word' id='word_1_66' title='bbox 1074 995 1149 1063; x_wconf 89' lang='lat' dir='ltr'><strong>animi</strong></span> 
     </span>
     <span class='ocr_line' id='line_1_9' title="bbox 144 1091 1149 1183; baseline -0.005 -22"><span class='ocrx_word' id='word_1_67' title='bbox 144 1096 243 1161; x_wconf 87' lang='lat' dir='ltr'><strong>multo</strong></span> <span class='ocrx_word' id='word_1_68' title='bbox 261 1094 348 1183; x_wconf 89' lang='lat' dir='ltr'><strong>prius</strong></span> <span class='ocrx_word' id='word_1_69' title='bbox 367 1093 501 1159; x_wconf 88' lang='lat' dir='ltr'><strong>militum</strong></span> <span class='ocrx_word' id='word_1_70' title='bbox 518 1093 697 1179; x_wconf 90' lang='lat' dir='ltr'><strong>imperatori</strong></span> <span class='ocrx_word' id='word_1_71' title='bbox 714 1093 999 1173; x_wconf 81' lang='lat' dir='ltr'><strong>reconciliarentur,</strong></span> <span class='ocrx_word' id='word_1_72' title='bbox 1014 1116 1069 1160; x_wconf 90' lang='lat' dir='ltr'><strong>nec</strong></span> <span class='ocrx_word' id='word_1_73' title='bbox 1083 1091 1149 1177; x_wconf 78' lang='lat' dir='ltr'><strong>quic</strong></span> 
     </span>
     <span class='ocr_line' id='line_1_10' title="bbox 144 1188 1150 1276; baseline -0.004 -20"><span class='ocrx_word' id='word_1_74' title='bbox 144 1191 299 1276; x_wconf 85' lang='lat' dir='ltr'><strong>quemad</strong></span> <span class='ocrx_word' id='word_1_75' title='bbox 322 1188 536 1256; x_wconf 84' lang='lat' dir='ltr'><strong>salubritatem</strong></span> <span class='ocrx_word' id='word_1_76' title='bbox 559 1188 718 1255; x_wconf 86' lang='lat' dir='ltr'><strong>efficacius</strong></span> <span class='ocrx_word' id='word_1_77' title='bbox 741 1188 836 1254; x_wconf 86' lang='lat' dir='ltr'><strong>fuerit</strong></span> <span class='ocrx_word' id='word_1_78' title='bbox 861 1210 958 1273; x_wconf 91' lang='lat' dir='ltr'><strong>quam</strong></span> <span class='ocrx_word' id='word_1_79' title='bbox 981 1190 1064 1276; x_wconf 90' lang='lat' dir='ltr'><strong>quod</strong></span> <span class='ocrx_word' id='word_1_80' title='bbox 1081 1196 1150 1276; x_wconf 85' lang='lat' dir='ltr'><strong>grato</strong></span> 
     </span>
    </p>

    <p class='ocr_par' dir='ltr' id='par_1_5' title="bbox 113 1283 1151 1559">
     <span class='ocr_line' id='line_1_11' title="bbox 113 1283 1149 1371; baseline -0.003 -21"><span class='ocrx_word' id='word_1_81' title='bbox 113 1301 129 1350; x_wconf 85' lang='lat'>8</span> <span class='ocrx_word' id='word_1_82' title='bbox 150 1285 255 1351; x_wconf 90' lang='lat' dir='ltr'><strong>animo</strong></span> <span class='ocrx_word' id='word_1_83' title='bbox 279 1307 317 1351; x_wconf 90' lang='lat' dir='ltr'><strong>ea</strong></span> <span class='ocrx_word' id='word_1_84' title='bbox 339 1308 415 1350; x_wconf 91' lang='lat' dir='ltr'><strong>cura</strong></span> <span class='ocrx_word' id='word_1_85' title='bbox 436 1292 566 1371; x_wconf 88' lang='lat' dir='ltr'><strong>accepta</strong></span> <span class='ocrx_word' id='word_1_86' title='bbox 587 1294 644 1350; x_wconf 88' lang='lat' dir='ltr'><strong>est.</strong></span> <span class='ocrx_word' id='word_1_87' title='bbox 680 1283 799 1350; x_wconf 84' lang='lat' dir='ltr'><strong>refecto</strong></span> <span class='ocrx_word' id='word_1_88' title='bbox 822 1284 962 1350; x_wconf 88' lang='lat' dir='ltr'><strong>exercitu</strong></span> <span class='ocrx_word' id='word_1_89' title='bbox 989 1308 1059 1351; x_wconf 91' lang='lat' dir='ltr'><strong>cum</strong></span> <span class='ocrx_word' id='word_1_90' title='bbox 1081 1284 1149 1349; x_wconf 81' lang='lat' dir='ltr'><strong>hosts</strong></span> 
     </span>
     <span class='ocr_line' id='line_1_12' title="bbox 145 1378 1151 1466; baseline -0.002 -21"><span class='ocrx_word' id='word_1_91' title='bbox 145 1402 334 1466; x_wconf 85' lang='lat' dir='ltr'><strong>congressus</strong></span> <span class='ocrx_word' id='word_1_92' title='bbox 352 1378 439 1445; x_wconf 89' lang='lat' dir='ltr'><strong>haud</strong></span> <span class='ocrx_word' id='word_1_93' title='bbox 456 1378 553 1445; x_wconf 92' lang='lat' dir='ltr'><strong>dubia</strong></span> <span class='ocrx_word' id='word_1_94' title='bbox 567 1400 623 1465; x_wconf 90' lang='lat' dir='ltr'><strong>spe</strong></span> <span class='ocrx_word' id='word_1_95' title='bbox 637 1401 696 1444; x_wconf 89' lang='lat' dir='ltr'><strong>sua</strong></span> <span class='ocrx_word' id='word_1_96' title='bbox 712 1378 909 1463; x_wconf 86' lang='lat' dir='ltr'><strong>militumque</strong></span> <span class='ocrx_word' id='word_1_97' title='bbox 925 1378 971 1445; x_wconf 88' lang='lat' dir='ltr'><strong>ita</strong></span> <span class='ocrx_word' id='word_1_98' title='bbox 988 1379 1068 1444; x_wconf 87' lang='lat' dir='ltr'><strong>fudit</strong></span> <span class='ocrx_word' id='word_1_99' title='bbox 1082 1378 1151 1464; x_wconf 74' lang='lat' dir='ltr'><strong>suga·</strong></span> 
     </span>
     <span class='ocr_line' id='line_1_13' title="bbox 145 1471 1151 1559; baseline -0.001 -21"><span class='ocrx_word' id='word_1_100' title='bbox 145 1474 253 1558; x_wconf 87' lang='lat' dir='ltr'><strong>vitque</strong></span> <span class='ocrx_word' id='word_1_101' title='bbox 274 1471 447 1553; x_wconf 84' lang='lat' dir='ltr'><strong>Samnites,</strong></span> <span class='ocrx_word' id='word_1_102' title='bbox 466 1483 502 1538; x_wconf 89' lang='lat' dir='ltr'><strong>ut</strong></span> <span class='ocrx_word' id='word_1_103' title='bbox 518 1472 572 1539; x_wconf 91' lang='lat' dir='ltr'><strong>ille</strong></span> <span class='ocrx_word' id='word_1_104' title='bbox 588 1472 717 1539; x_wconf 90' lang='lat' dir='ltr'><strong>ultimus</strong></span> <span class='ocrx_word' id='word_1_105' title='bbox 736 1473 782 1539; x_wconf 91' lang='lat' dir='ltr'><strong>eis</strong></span> <span class='ocrx_word' id='word_1_106' title='bbox 800 1472 867 1538; x_wconf 92' lang='lat' dir='ltr'><strong>dies</strong></span> <span class='ocrx_word' id='word_1_107' title='bbox 886 1473 1068 1540; x_wconf 86' lang='lat' dir='ltr'><strong>conferendi</strong></span> <span class='ocrx_word' id='word_1_108' title='bbox 1083 1473 1151 1559; x_wconf 80' lang='lat' dir='ltr'><strong>signa</strong></span> 
     </span>
    </p>

    <p class='ocr_par' dir='ltr' id='par_1_6' title="bbox 113 1567 1151 1845">
     <span class='ocr_line' id='line_1_14' title="bbox 113 1567 1150 1656; baseline -0.001 -23"><span class='ocrx_word' id='word_1_109' title='bbox 113 1585 127 1633; x_wconf 84' lang='lat'>9</span> <span class='ocrx_word' id='word_1_110' title='bbox 147 1591 219 1633; x_wconf 90' lang='lat' dir='ltr'><strong>cum</strong></span> <span class='ocrx_word' id='word_1_111' title='bbox 241 1568 391 1634; x_wconf 85' lang='lat' dir='ltr'><strong>dictatore</strong></span> <span class='ocrx_word' id='word_1_112' title='bbox 413 1567 517 1634; x_wconf 86' lang='lat' dir='ltr'><strong>fuerit.</strong></span> <span class='ocrx_word' id='word_1_113' title='bbox 552 1568 681 1634; x_wconf 90' lang='lat' dir='ltr'><strong>incessit</strong></span> <span class='ocrx_word' id='word_1_114' title='bbox 703 1567 830 1647; x_wconf 91' lang='lat' dir='ltr'><strong>deinde,</strong></span> <span class='ocrx_word' id='word_1_115' title='bbox 854 1589 918 1651; x_wconf 91' lang='lat' dir='ltr'><strong>qua</strong></span> <span class='ocrx_word' id='word_1_116' title='bbox 935 1569 1027 1634; x_wconf 78' lang='lat' dir='ltr'><strong>drmit</strong></span> <span class='ocrx_word' id='word_1_117' title='bbox 1042 1567 1150 1656; x_wconf 81' lang='lat' dir='ltr'><strong>praedae</strong></span> 
     </span>
     <span class='ocr_line' id='line_1_15' title="bbox 147 1659 1151 1751; baseline -0.001 -23"><span class='ocrx_word' id='word_1_118' title='bbox 147 1685 234 1750; x_wconf 86' lang='lat' dir='ltr'><strong>spes,</strong></span> <span class='ocrx_word' id='word_1_119' title='bbox 252 1664 354 1730; x_wconf 88' lang='lat' dir='ltr'><strong>victor</strong></span> <span class='ocrx_word' id='word_1_120' title='bbox 370 1663 526 1730; x_wconf 85' lang='lat' dir='ltr'><strong>exercitus</strong></span> <span class='ocrx_word' id='word_1_121' title='bbox 544 1662 807 1748; x_wconf 88' lang='lat' dir='ltr'><strong>perlustravitque</strong></span> <span class='ocrx_word' id='word_1_122' title='bbox 824 1661 964 1728; x_wconf 87' lang='lat' dir='ltr'><strong>hostiurn</strong></span> <span class='ocrx_word' id='word_1_123' title='bbox 982 1686 1073 1751; x_wconf 81' lang='lat' dir='ltr'><strong>agros</strong></span> <span class='ocrx_word' id='word_1_124' title='bbox 1088 1659 1151 1728; x_wconf 83' lang='lat' dir='ltr'><strong>uult</strong></span> 
     </span>
     <span class='ocr_line' id='line_1_16' title="bbox 147 1757 1149 1845; baseline -0.003 -23"><span class='ocrx_word' id='word_1_125' title='bbox 147 1781 247 1837; x_wconf 88' lang='lat' dir='ltr'><strong>arma,</strong></span> <span class='ocrx_word' id='word_1_126' title='bbox 270 1758 389 1825; x_wconf 91' lang='lat' dir='ltr'><strong>nullam</strong></span> <span class='ocrx_word' id='word_1_127' title='bbox 407 1759 472 1823; x_wconf 88' lang='lat' dir='ltr'><strong>vim</strong></span> <span class='ocrx_word' id='word_1_128' title='bbox 493 1779 552 1823; x_wconf 91' lang='lat' dir='ltr'><strong>nec</strong></span> <span class='ocrx_word' id='word_1_129' title='bbox 575 1766 716 1844; x_wconf 87' lang='lat' dir='ltr'><strong>apertam</strong></span> <span class='ocrx_word' id='word_1_130' title='bbox 737 1778 797 1822; x_wconf 90' lang='lat' dir='ltr'><strong>nec</strong></span> <span class='ocrx_word' id='word_1_131' title='bbox 814 1778 855 1822; x_wconf 89' lang='lat' dir='ltr'><strong>ex</strong></span> <span class='ocrx_word' id='word_1_132' title='bbox 872 1757 997 1823; x_wconf 89' lang='lat' dir='ltr'><strong>insidiis</strong></span> <span class='ocrx_word' id='word_1_133' title='bbox 1020 1764 1149 1845; x_wconf 85' lang='lat' dir='ltr'><strong>expertus</strong></span> 
     </span>
    </p>

    <p class='ocr_par' dir='ltr' id='par_1_7' title="bbox 97 1851 1150 2035">
     <span class='ocr_line' id='line_1_17' title="bbox 97 1851 1150 1938; baseline -0.003 -22"><span class='ocrx_word' id='word_1_134' title='bbox 97 1869 130 1917; x_wconf 87' lang='lat'><strong>10</strong></span> <span class='ocrx_word' id='word_1_135' title='bbox 148 1851 284 1930; x_wconf 80' lang='lat' dir='ltr'><strong>addebat</strong></span> <span class='ocrx_word' id='word_1_136' title='bbox 301 1853 502 1931; x_wconf 87' lang='lat' dir='ltr'><strong>alacritatem,</strong></span> <span class='ocrx_word' id='word_1_137' title='bbox 517 1853 603 1936; x_wconf 90' lang='lat' dir='ltr'><strong>quod</strong></span> <span class='ocrx_word' id='word_1_138' title='bbox 621 1852 753 1917; x_wconf 89' lang='lat' dir='ltr'><strong>dictator</strong></span> <span class='ocrx_word' id='word_1_139' title='bbox 769 1852 919 1938; x_wconf 91' lang='lat' dir='ltr'><strong>praedam</strong></span> <span class='ocrx_word' id='word_1_140' title='bbox 933 1874 1060 1918; x_wconf 92' lang='lat' dir='ltr'><strong>omnem</strong></span> <span class='ocrx_word' id='word_1_141' title='bbox 1072 1851 1150 1917; x_wconf 85' lang='lat' dir='ltr'><strong>edixe-</strong></span> 
     </span>
     <span class='ocr_line' id='line_1_18' title="bbox 145 1946 1149 2035; baseline -0.001 -25"><span class='ocrx_word' id='word_1_142' title='bbox 145 1956 195 2010; x_wconf 88' lang='lat' dir='ltr'><strong>rat</strong></span> <span class='ocrx_word' id='word_1_143' title='bbox 212 1946 378 2025; x_wconf 90' lang='lat' dir='ltr'><strong>militibus,</strong></span> <span class='ocrx_word' id='word_1_144' title='bbox 400 1969 460 2012; x_wconf 90' lang='lat' dir='ltr'><strong>nec</strong></span> <span class='ocrx_word' id='word_1_145' title='bbox 477 1948 525 2012; x_wconf 91' lang='lat' dir='ltr'><strong>ira</strong></span> <span class='ocrx_word' id='word_1_146' title='bbox 546 1946 649 2035; x_wconf 87' lang='lat' dir='ltr'><strong>magis</strong></span> <span class='ocrx_word' id='word_1_147' title='bbox 670 1946 798 2034; x_wconf 89' lang='lat' dir='ltr'><strong>publica</strong></span> <span class='ocrx_word' id='word_1_148' title='bbox 815 1969 911 2032; x_wconf 92' lang='lat' dir='ltr'><strong>quam</strong></span> <span class='ocrx_word' id='word_1_149' title='bbox 928 1949 1084 2034; x_wconf 91' lang='lat' dir='ltr'><strong>privatum</strong></span> <span class='ocrx_word' id='word_1_150' title='bbox 1099 1967 1149 2013; x_wconf 89' lang='lat' dir='ltr'><strong>con·</strong></span> 
     </span>
    </p>

    <p class='ocr_par' dir='ltr' id='par_1_8' title="bbox 98 2038 1184 2225">
     <span class='ocr_line' id='line_1_19' title="bbox 98 2038 1184 2126; baseline 0.006 -22"><span class='ocrx_word' id='word_1_151' title='bbox 98 2058 128 2104; x_wconf 88' lang='lat'><strong>11</strong></span> <span class='ocrx_word' id='word_1_152' title='bbox 147 2041 298 2126; x_wconf 89' lang='lat' dir='ltr'><strong>pendium</strong></span> <span class='ocrx_word' id='word_1_153' title='bbox 315 2043 349 2106; x_wconf 94' lang='lat' dir='ltr'><strong>in</strong></span> <span class='ocrx_word' id='word_1_154' title='bbox 366 2043 491 2108; x_wconf 87' lang='lat' dir='ltr'><strong>hostem</strong></span> <span class='ocrx_word' id='word_1_155' title='bbox 508 2043 650 2109; x_wconf 88' lang='lat' dir='ltr'><strong>acuebat.</strong></span> <span class='ocrx_word' id='word_1_156' title='bbox 681 2044 731 2109; x_wconf 94' lang='lat' dir='ltr'><strong>his</strong></span> <span class='ocrx_word' id='word_1_157' title='bbox 751 2043 893 2109; x_wconf 87' lang='lat' dir='ltr'><strong>cladibus</strong></span> <span class='ocrx_word' id='word_1_158' title='bbox 913 2043 1036 2110; x_wconf 89' lang='lat' dir='ltr'><strong>subacti</strong></span> <span class='ocrx_word' id='word_1_159' title='bbox 1054 2038 1150 2110; x_wconf 65' lang='lat' dir='ltr'><strong>Samni</strong></span> <span class='ocrx_word' id='word_1_160' title='bbox 1183 2088 1184 2096; x_wconf 25' lang='grc' dir='ltr'><strong>κ</strong></span> 
     </span>
     <span class='ocr_line' id='line_1_20' title="bbox 148 2132 1184 2225; baseline 0.004 -27"><span class='ocrx_word' id='word_1_161' title='bbox 148 2143 196 2200; x_wconf 87' lang='lat' dir='ltr'><strong>tes</strong></span> <span class='ocrx_word' id='word_1_162' title='bbox 214 2158 326 2222; x_wconf 90' lang='lat' dir='ltr'><strong>pacem</strong></span> <span class='ocrx_word' id='word_1_163' title='bbox 344 2160 363 2202; x_wconf 91' lang='lat' dir='ltr'><strong>a</strong></span> <span class='ocrx_word' id='word_1_164' title='bbox 380 2137 532 2204; x_wconf 87' lang='lat' dir='ltr'><strong>dictatore</strong></span> <span class='ocrx_word' id='word_1_165' title='bbox 549 2139 682 2224; x_wconf 89' lang='lat' dir='ltr'><strong>petiere;</strong></span> <span class='ocrx_word' id='word_1_166' title='bbox 709 2160 781 2203; x_wconf 92' lang='lat' dir='ltr'><strong>cum</strong></span> <span class='ocrx_word' id='word_1_167' title='bbox 800 2160 862 2222; x_wconf 93' lang='lat' dir='ltr'><strong>quo</strong></span> <span class='ocrx_word' id='word_1_168' title='bbox 880 2139 980 2225; x_wconf 89' lang='lat' dir='ltr'><strong>pacti,</strong></span> <span class='ocrx_word' id='word_1_169' title='bbox 1003 2148 1038 2205; x_wconf 88' lang='lat' dir='ltr'><strong>ut</strong></span> <span class='ocrx_word' id='word_1_170' title='bbox 1055 2132 1149 2224; x_wconf 76' lang='lat' dir='ltr'><strong>singul</strong></span> <span class='ocrx_word' id='word_1_171' title='bbox 1182 2172 1184 2177; x_wconf 96' lang='lat'>·</span> 
     </span>
    </p>

    <p class='ocr_par' dir='ltr' id='par_1_9' title="bbox 100 2230 1149 2582">
     <span class='ocr_line' id='line_1_21' title="bbox 100 2230 1149 2319; baseline 0.004 -26"><span class='ocrx_word' id='word_1_172' title='bbox 100 2247 130 2294; x_wconf 80' lang='lat'><strong>12</strong></span> <span class='ocrx_word' id='word_1_173' title='bbox 150 2230 338 2297; x_wconf 84' lang='lat' dir='ltr'><strong>vestimenta</strong></span> <span class='ocrx_word' id='word_1_174' title='bbox 358 2231 510 2299; x_wconf 89' lang='lat' dir='ltr'><strong>militibus</strong></span> <span class='ocrx_word' id='word_1_175' title='bbox 534 2242 565 2297; x_wconf 90' lang='lat' dir='ltr'><strong>et</strong></span> <span class='ocrx_word' id='word_1_176' title='bbox 587 2255 727 2298; x_wconf 90' lang='lat' dir='ltr'><strong>annuum</strong></span> <span class='ocrx_word' id='word_1_177' title='bbox 750 2232 940 2319; x_wconf 88' lang='lat' dir='ltr'><strong>stipendium</strong></span> <span class='ocrx_word' id='word_1_178' title='bbox 960 2234 1080 2312; x_wconf 90' lang='lat' dir='ltr'><strong>darent,</strong></span> <span class='ocrx_word' id='word_1_179' title='bbox 1099 2246 1149 2297; x_wconf 73' lang='lat' dir='ltr'><strong>cm</strong></span> 
     </span>
     <span class='ocr_line' id='line_1_22' title="bbox 146 2324 1148 2407; baseline -0.001 -18"><span class='ocrx_word' id='word_1_180' title='bbox 146 2324 191 2389; x_wconf 87' lang='lat' dir='ltr'><strong>ire</strong></span> <span class='ocrx_word' id='word_1_181' title='bbox 214 2326 255 2391; x_wconf 91' lang='lat' dir='ltr'><strong>ad</strong></span> <span class='ocrx_word' id='word_1_182' title='bbox 277 2335 421 2392; x_wconf 90' lang='lat' dir='ltr'><strong>senatum</strong></span> <span class='ocrx_word' id='word_1_183' title='bbox 443 2326 522 2392; x_wconf 90' lang='lat' dir='ltr'><strong>iussi</strong></span> <span class='ocrx_word' id='word_1_184' title='bbox 545 2336 664 2407; x_wconf 87' lang='lat' dir='ltr'><strong>essent,</strong></span> <span class='ocrx_word' id='word_1_185' title='bbox 688 2337 849 2393; x_wconf 87' lang='lat' dir='ltr'><strong>secuturos</strong></span> <span class='ocrx_word' id='word_1_186' title='bbox 873 2350 908 2392; x_wconf 91' lang='lat' dir='ltr'><strong>se</strong></span> <span class='ocrx_word' id='word_1_187' title='bbox 926 2327 1102 2394; x_wconf 88' lang='lat' dir='ltr'><strong>dictatorem</strong></span> <span class='ocrx_word' id='word_1_188' title='bbox 1115 2343 1148 2388; x_wconf 80' lang='lat' dir='ltr'><strong>re·</strong></span> 
     </span>
     <span class='ocr_line' id='line_1_23' title="bbox 148 2421 1146 2506; baseline -0.003 -22"><span class='ocrx_word' id='word_1_189' title='bbox 148 2421 349 2506; x_wconf 90' lang='lat' dir='ltr'><strong>sponderunt,</strong></span> <span class='ocrx_word' id='word_1_190' title='bbox 368 2421 461 2487; x_wconf 92' lang='lat' dir='ltr'><strong>unius</strong></span> <span class='ocrx_word' id='word_1_191' title='bbox 480 2421 547 2486; x_wconf 89' lang='lat' dir='ltr'><strong>eius</strong></span> <span class='ocrx_word' id='word_1_192' title='bbox 566 2421 640 2486; x_wconf 88' lang='lat' dir='ltr'><strong>fidei</strong></span> <span class='ocrx_word' id='word_1_193' title='bbox 657 2421 825 2505; x_wconf 89' lang='lat' dir='ltr'><strong>virtutique</strong></span> <span class='ocrx_word' id='word_1_194' title='bbox 841 2444 972 2488; x_wconf 90' lang='lat' dir='ltr'><strong>causam</strong></span> <span class='ocrx_word' id='word_1_195' title='bbox 991 2445 1077 2488; x_wconf 87' lang='lat' dir='ltr'><strong>suam</strong></span> <span class='ocrx_word' id='word_1_196' title='bbox 1089 2437 1146 2485; x_wconf 88' lang='lat' dir='ltr'><strong>con·</strong></span> 
     </span>
     <span class='ocr_line' id='line_1_24' title="bbox 147 2513 1052 2582; baseline 0.001 -3"><span class='ocrx_word' id='word_1_197' title='bbox 147 2516 341 2581; x_wconf 89' lang='lat' dir='ltr'><strong>mendantes.</strong></span> <span class='ocrx_word' id='word_1_198' title='bbox 376 2517 422 2581; x_wconf 89' lang='lat' dir='ltr'><strong>ita</strong></span> <span class='ocrx_word' id='word_1_199' title='bbox 440 2515 593 2581; x_wconf 90' lang='lat' dir='ltr'><strong>deductus</strong></span> <span class='ocrx_word' id='word_1_200' title='bbox 612 2538 652 2579; x_wconf 87' lang='lat' dir='ltr'><strong>ex</strong></span> <span class='ocrx_word' id='word_1_201' title='bbox 671 2513 867 2582; x_wconf 90' lang='lat' dir='ltr'><strong>Samnitibus</strong></span> <span class='ocrx_word' id='word_1_202' title='bbox 887 2517 1052 2582; x_wconf 85' lang='lat' dir='ltr'><strong>exercitus.</strong></span> 
     </span>
    </p>

    <p class='ocr_par' dir='ltr' id='par_1_10' title="bbox 115 2608 1184 2886">
     <span class='ocr_line' id='line_1_25' title="bbox 115 2608 1143 2697; baseline -0.003 -23"><span class='ocrx_word' id='word_1_203' title='bbox 115 2634 128 2681; x_wconf 88' lang='lat'>1</span> <span class='ocrx_word' id='word_1_204' title='bbox 211 2608 400 2676; x_wconf 87' lang='lat' dir='ltr'>XXXVII.</span> <span class='ocrx_word' id='word_1_205' title='bbox 427 2609 573 2675; x_wconf 85' lang='lat' dir='ltr'><strong>Dictator</strong></span> <span class='ocrx_word' id='word_1_206' title='bbox 594 2609 789 2696; x_wconf 90' lang='lat' dir='ltr'><strong>triumphans</strong></span> <span class='ocrx_word' id='word_1_207' title='bbox 812 2610 923 2676; x_wconf 87' lang='lat' dir='ltr'><strong>urbem</strong></span> <span class='ocrx_word' id='word_1_208' title='bbox 948 2621 996 2677; x_wconf 89' lang='lat' dir='ltr'><strong>est</strong></span> <span class='ocrx_word' id='word_1_209' title='bbox 1017 2612 1143 2697; x_wconf 74' lang='lat' dir='ltr'><strong>ingressu</strong></span> 
     </span>
     <span class='ocr_line' id='line_1_26' title="bbox 148 2701 1143 2792; baseline -0.001 -24"><span class='ocrx_word' id='word_1_210' title='bbox 148 2712 193 2781; x_wconf 90' lang='lat' dir='ltr'><strong>et,</strong></span> <span class='ocrx_word' id='word_1_211' title='bbox 212 2726 285 2769; x_wconf 92' lang='lat' dir='ltr'><strong>cum</strong></span> <span class='ocrx_word' id='word_1_212' title='bbox 304 2727 338 2769; x_wconf 88' lang='lat' dir='ltr'><strong>se</strong></span> <span class='ocrx_word' id='word_1_213' title='bbox 357 2705 511 2769; x_wconf 88' lang='lat' dir='ltr'><strong>dictatura</strong></span> <span class='ocrx_word' id='word_1_214' title='bbox 529 2703 674 2770; x_wconf 88' lang='lat' dir='ltr'><strong>abdicare</strong></span> <span class='ocrx_word' id='word_1_215' title='bbox 692 2705 799 2783; x_wconf 83' lang='lat' dir='ltr'><strong>vellet,</strong></span> <span class='ocrx_word' id='word_1_216' title='bbox 822 2706 913 2770; x_wconf 87' lang='lat' dir='ltr'><strong>iussu</strong></span> <span class='ocrx_word' id='word_1_217' title='bbox 935 2716 1058 2792; x_wconf 90' lang='lat' dir='ltr'><strong>patrum</strong></span> <span class='ocrx_word' id='word_1_218' title='bbox 1073 2701 1143 2790; x_wconf 72' lang='lat' dir='ltr'><strong>ptius</strong></span> 
     </span>
     <span class='ocr_line' id='line_1_27' title="bbox 148 2797 1184 2886; baseline 0.002 -25"><span class='ocrx_word' id='word_1_219' title='bbox 148 2819 243 2880; x_wconf 92' lang='lat' dir='ltr'><strong>quam</strong></span> <span class='ocrx_word' id='word_1_220' title='bbox 270 2799 430 2862; x_wconf 89' lang='lat' dir='ltr'><strong>abdicaret</strong></span> <span class='ocrx_word' id='word_1_221' title='bbox 456 2799 601 2864; x_wconf 90' lang='lat' dir='ltr'><strong>consules</strong></span> <span class='ocrx_word' id='word_1_222' title='bbox 629 2798 745 2864; x_wconf 81' lang='lat' dir='ltr'><strong>creavit</strong></span> <span class='ocrx_word' id='word_1_223' title='bbox 769 2799 807 2865; x_wconf 79' lang='lat' dir='ltr'><strong>O.</strong></span> <span class='ocrx_word' id='word_1_224' title='bbox 828 2797 1006 2886; x_wconf 91' lang='lat' dir='ltr'><strong>Sulpicium</strong></span> <span class='ocrx_word' id='word_1_225' title='bbox 1027 2802 1146 2884; x_wconf 81' lang='lat' dir='ltr'><strong>Longu.</strong></span> <span class='ocrx_word' id='word_1_226' title='bbox 1176 2848 1184 2857; x_wconf 93' lang='lat'>.</span> 
     </span>
    </p>

    <p class='ocr_par' dir='ltr' id='par_1_11' title="bbox 116 2890 1184 3339">
     <span class='ocr_line' id='line_1_28' title="bbox 116 2890 1139 2978; baseline 0.007 -25"><span class='ocrx_word' id='word_1_227' title='bbox 116 2904 130 2951; x_wconf 82' lang='lat'>2</span> <span class='ocrx_word' id='word_1_228' title='bbox 149 2891 272 2970; x_wconf 89' lang='lat' dir='ltr'><strong>iterum,</strong></span> <span class='ocrx_word' id='word_1_229' title='bbox 293 2890 333 2975; x_wconf 99' lang='lat' dir='ltr'>Q</span> <span class='ocrx_word' id='word_1_230' title='bbox 344 2891 517 2957; x_wconf 87' lang='lat' dir='ltr'><strong>Aemilium</strong></span> <span class='ocrx_word' id='word_1_231' title='bbox 527 2892 744 2959; x_wconf 87' lang='lat' dir='ltr'><strong>Cerretanum.</strong></span> <span class='ocrx_word' id='word_1_232' title='bbox 777 2891 938 2961; x_wconf 87' lang='lat' dir='ltr'><strong>Samnites</strong></span> <span class='ocrx_word' id='word_1_233' title='bbox 957 2896 1070 2971; x_wconf 71' lang='lat' dir='ltr'><strong>iniecta</strong></span> <span class='ocrx_word' id='word_1_234' title='bbox 1082 2905 1139 2978; x_wconf 80' lang='lat' dir='ltr'><strong>poa</strong></span> 
     </span>
     <span class='ocr_line' id='line_1_29' title="bbox 149 2979 1140 3075; baseline 0.005 -26"><span class='ocrx_word' id='word_1_235' title='bbox 149 2985 223 3070; x_wconf 86' lang='lat' dir='ltr'><strong>quia</strong></span> <span class='ocrx_word' id='word_1_236' title='bbox 241 2987 281 3052; x_wconf 92' lang='lat' dir='ltr'><strong>de</strong></span> <span class='ocrx_word' id='word_1_237' title='bbox 299 2987 536 3054; x_wconf 87' lang='lat' dir='ltr'><strong>condicionibus</strong></span> <span class='ocrx_word' id='word_1_238' title='bbox 554 2987 719 3075; x_wconf 84' lang='lat' dir='ltr'><strong>agebatur,</strong></span> <span class='ocrx_word' id='word_1_239' title='bbox 743 2989 881 3056; x_wconf 90' lang='lat' dir='ltr'><strong>indutias</strong></span> <span class='ocrx_word' id='word_1_240' title='bbox 904 3014 1025 3056; x_wconf 90' lang='lat' dir='ltr'><strong>annuas</strong></span> <span class='ocrx_word' id='word_1_241' title='bbox 1043 2989 1078 3055; x_wconf 89' lang='lat' dir='ltr'><strong>ab</strong></span> <span class='ocrx_word' id='word_1_242' title='bbox 1091 2979 1140 3049; x_wconf 69' lang='lat' dir='ltr'><strong>urll</strong></span> 
     </span>
     <span class='ocr_line' id='line_1_30' title="bbox 147 3077 1184 3168; baseline 0.001 -22"><span class='ocrx_word' id='word_1_243' title='bbox 147 3081 338 3147; x_wconf 89' lang='lat' dir='ltr'><strong>rettulerant.</strong></span> <span class='ocrx_word' id='word_1_244' title='bbox 374 3104 433 3147; x_wconf 92' lang='lat' dir='ltr'><strong>nec</strong></span> <span class='ocrx_word' id='word_1_245' title='bbox 456 3105 565 3147; x_wconf 91' lang='lat' dir='ltr'><strong>earum</strong></span> <span class='ocrx_word' id='word_1_246' title='bbox 590 3084 732 3168; x_wconf 89' lang='lat' dir='ltr'><strong>ipsarum</strong></span> <span class='ocrx_word' id='word_1_247' title='bbox 754 3095 863 3149; x_wconf 89' lang='lat' dir='ltr'><strong>sancta</strong></span> <span class='ocrx_word' id='word_1_248' title='bbox 884 3084 966 3150; x_wconf 88' lang='lat' dir='ltr'><strong>fides</strong></span> <span class='ocrx_word' id='word_1_249' title='bbox 988 3085 1059 3150; x_wconf 84' lang='lat' dir='ltr'><strong>fuit:</strong></span> <span class='ocrx_word' id='word_1_250' title='bbox 1081 3077 1138 3147; x_wconf 75' lang='lat' dir='ltr'><strong>ata</strong></span> <span class='ocrx_word' id='word_1_251' title='bbox 1180 3102 1184 3137; x_wconf 77' lang='lat'><em>2</em></span> 
     </span>
     <span class='ocr_line' id='line_1_31' title="bbox 148 3177 1138 3266; baseline 0.002 -26"><span class='ocrx_word' id='word_1_252' title='bbox 148 3185 317 3262; x_wconf 89' lang='lat' dir='ltr'><strong>postquam</strong></span> <span class='ocrx_word' id='word_1_253' title='bbox 336 3177 499 3263; x_wconf 90' lang='lat' dir='ltr'><strong>Papirium</strong></span> <span class='ocrx_word' id='word_1_254' title='bbox 518 3177 623 3244; x_wconf 90' lang='lat' dir='ltr'><strong>abisse</strong></span> <span class='ocrx_word' id='word_1_255' title='bbox 642 3179 828 3266; x_wconf 82' lang='lat' dir='ltr'><strong>magistratu</strong></span> <span class='ocrx_word' id='word_1_256' title='bbox 849 3179 1029 3245; x_wconf 88' lang='lat' dir='ltr'><strong>nuntiatum</strong></span> <span class='ocrx_word' id='word_1_257' title='bbox 1045 3186 1096 3254; x_wconf 86' lang='lat' dir='ltr'><strong>est,</strong></span> <span class='ocrx_word' id='word_1_258' title='bbox 1110 3187 1138 3235; x_wconf 63' lang='lat' dir='ltr'><strong>ff·</strong></span> 
     </span>
     <span class='ocr_line' id='line_1_32' title="bbox 147 3271 1184 3339; baseline 0.007 -5"><span class='ocrx_word' id='word_1_259' title='bbox 147 3271 224 3335; x_wconf 89' lang='lat' dir='ltr'><strong>recti</strong></span> <span class='ocrx_word' id='word_1_260' title='bbox 242 3273 283 3336; x_wconf 91' lang='lat' dir='ltr'><strong>ad</strong></span> <span class='ocrx_word' id='word_1_261' title='bbox 300 3271 481 3337; x_wconf 89' lang='lat' dir='ltr'><strong>bellandum</strong></span> <span class='ocrx_word' id='word_1_262' title='bbox 500 3273 595 3337; x_wconf 90' lang='lat' dir='ltr'><strong>animi</strong></span> <span class='ocrx_word' id='word_1_263' title='bbox 615 3283 697 3339; x_wconf 86' lang='lat' dir='ltr'><strong>sunt.</strong></span> <span class='ocrx_word' id='word_1_264' title='bbox 1167 3314 1184 3325; x_wconf 89' lang='lat'><strong>-·</strong></span> 
     </span>
    </p>

    <p class='ocr_par' dir='ltr' id='par_1_12' title="bbox 114 3357 1184 3643">
     <span class='ocr_line' id='line_1_33' title="bbox 114 3357 1136 3453; baseline 0 -21"><span class='ocrx_word' id='word_1_265' title='bbox 114 3386 129 3432; x_wconf 84' lang='lat'><strong>3</strong></span> <span class='ocrx_word' id='word_1_266' title='bbox 214 3363 251 3430; x_wconf 85' lang='lat' dir='ltr'><strong>C.</strong></span> <span class='ocrx_word' id='word_1_267' title='bbox 273 3365 427 3452; x_wconf 86' lang='lat' dir='ltr'><strong>Sulpicia,</strong></span> <span class='ocrx_word' id='word_1_268' title='bbox 452 3365 492 3450; x_wconf 89' lang='lat' dir='ltr'>Q</span> <span class='ocrx_word' id='word_1_269' title='bbox 511 3366 650 3433; x_wconf 88' lang='lat' dir='ltr'><strong>Aemilio</strong></span> <span class='ocrx_word' id='word_1_270' title='bbox 672 3408 714 3417; x_wconf 95' lang='lat'>—</span> <span class='ocrx_word' id='word_1_271' title='bbox 736 3367 870 3434; x_wconf 86' lang='lat' dir='ltr'><strong>Aulium</strong></span> <span class='ocrx_word' id='word_1_272' title='bbox 896 3369 1025 3453; x_wconf 90' lang='lat' dir='ltr'><strong>quidam</strong></span> <span class='ocrx_word' id='word_1_273' title='bbox 1049 3357 1136 3432; x_wconf 67' lang='lat' dir='ltr'><strong>nnndll</strong></span> 
     </span>
     <span class='ocr_line' id='line_1_34' title="bbox 147 3455 1142 3546; baseline 0.007 -25"><span class='ocrx_word' id='word_1_274' title='bbox 147 3456 323 3523; x_wconf 83' lang='lat' dir='ltr'><strong>habent-</strong></span> <span class='ocrx_word' id='word_1_275' title='bbox 342 3463 521 3528; x_wconf 90' lang='lat' dir='ltr'><strong>consulibus</strong></span> <span class='ocrx_word' id='word_1_276' title='bbox 540 3463 582 3533; x_wconf 92' lang='lat' dir='ltr'><strong>ad</strong></span> <span class='ocrx_word' id='word_1_277' title='bbox 599 3462 807 3528; x_wconf 87' lang='lat' dir='ltr'><strong>defectionem</strong></span> <span class='ocrx_word' id='word_1_278' title='bbox 827 3461 1019 3529; x_wconf 86' lang='lat' dir='ltr'><strong>Samnitium</strong></span> <span class='ocrx_word' id='word_1_279' title='bbox 1034 3455 1142 3546; x_wconf 68' lang='lat' dir='ltr'><strong>Apatn-</strong></span> 
     </span>
     <span class='ocr_line' id='line_1_35' title="bbox 147 3544 1184 3643; baseline 0.005 -28"><span class='ocrx_word' id='word_1_280' title='bbox 147 3576 264 3617; x_wconf 85' lang='lat' dir='ltr'><strong>novum</strong></span> <span class='ocrx_word' id='word_1_281' title='bbox 282 3554 399 3621; x_wconf 89' lang='lat' dir='ltr'><strong>bellum</strong></span> <span class='ocrx_word' id='word_1_282' title='bbox 418 3558 560 3623; x_wconf 89' lang='lat' dir='ltr'><strong>accessit.</strong></span> <span class='ocrx_word' id='word_1_283' title='bbox 586 3568 719 3643; x_wconf 90' lang='lat' dir='ltr'><strong>utroque</strong></span> <span class='ocrx_word' id='word_1_284' title='bbox 738 3558 894 3624; x_wconf 89' lang='lat' dir='ltr'><strong>exercitus</strong></span> <span class='ocrx_word' id='word_1_285' title='bbox 909 3559 1008 3626; x_wconf 90' lang='lat' dir='ltr'><strong>missi.</strong></span> <span class='ocrx_word' id='word_1_286' title='bbox 1036 3544 1136 3639; x_wconf 70' lang='lat' dir='ltr'><strong>sapido</strong></span> <span class='ocrx_word' id='word_1_287' title='bbox 1175 3614 1184 3621; x_wconf 88' lang='lat'><strong><em>.</em></strong></span> 
     </span>
    </p>

    <p class='ocr_par' dir='ltr' id='par_1_13' title="bbox 113 3643 1184 3834">
     <span class='ocr_line' id='line_1_36' title="bbox 113 3643 1184 3737; baseline 0.006 -25"><span class='ocrx_word' id='word_1_288' title='bbox 113 3659 130 3705; x_wconf 84' lang='lat'>4</span> <span class='ocrx_word' id='word_1_289' title='bbox 150 3643 322 3727; x_wconf 89' lang='lat' dir='ltr'><strong>Samnites,</strong></span> <span class='ocrx_word' id='word_1_290' title='bbox 346 3651 446 3737; x_wconf 86' lang='lat' dir='ltr'><strong>Apuli</strong></span> <span class='ocrx_word' id='word_1_291' title='bbox 463 3652 602 3717; x_wconf 84' lang='lat' dir='ltr'><strong>Aemilio</strong></span> <span class='ocrx_word' id='word_1_292' title='bbox 625 3664 708 3719; x_wconf 89' lang='lat' dir='ltr'><strong>sorte</strong></span> <span class='ocrx_word' id='word_1_293' title='bbox 731 3662 912 3718; x_wconf 88' lang='lat' dir='ltr'><strong>evenerunt.</strong></span> <span class='ocrx_word' id='word_1_294' title='bbox 951 3662 1023 3720; x_wconf 88' lang='lat' dir='ltr'><strong>sunt</strong></span> <span class='ocrx_word' id='word_1_295' title='bbox 1037 3648 1084 3735; x_wconf 88' lang='lat' dir='ltr'><strong>qui</strong></span> <span class='ocrx_word' id='word_1_296' title='bbox 1097 3654 1137 3708; x_wconf 61' lang='grc' dir='ltr'><strong>Μ</strong></span> <span class='ocrx_word' id='word_1_297' title='bbox 1173 3678 1184 3718; x_wconf 75' lang='lat' dir='ltr'><strong>r</strong></span> 
     </span>
     <span class='ocr_line' id='line_1_37' title="bbox 146 3740 1180 3834; baseline 0.005 -29"><span class='ocrx_word' id='word_1_298' title='bbox 146 3740 225 3827; x_wconf 90' lang='lat' dir='ltr'><strong>ipsis</strong></span> <span class='ocrx_word' id='word_1_299' title='bbox 243 3741 358 3830; x_wconf 86' lang='lat' dir='ltr'><strong>Apulis</strong></span> <span class='ocrx_word' id='word_1_300' title='bbox 377 3744 496 3810; x_wconf 89' lang='lat' dir='ltr'><strong>bellum</strong></span> <span class='ocrx_word' id='word_1_301' title='bbox 512 3747 654 3825; x_wconf 89' lang='lat' dir='ltr'><strong>inlatum,</strong></span> <span class='ocrx_word' id='word_1_302' title='bbox 674 3748 731 3811; x_wconf 90' lang='lat' dir='ltr'><strong>sed</strong></span> <span class='ocrx_word' id='word_1_303' title='bbox 749 3748 851 3813; x_wconf 90' lang='lat' dir='ltr'><strong>socios</strong></span> <span class='ocrx_word' id='word_1_304' title='bbox 871 3747 940 3813; x_wconf 89' lang='lat' dir='ltr'><strong>eius</strong></span> <span class='ocrx_word' id='word_1_305' title='bbox 958 3747 1057 3834; x_wconf 88' lang='lat' dir='ltr'><strong>gentis</strong></span> <span class='ocrx_word' id='word_1_306' title='bbox 1071 3751 1137 3828; x_wconf 63' lang='lat' dir='ltr'><strong>popl*</strong></span> <span class='ocrx_word' id='word_1_307' title='bbox 1170 3753 1180 3765; x_wconf 87' lang='lat'><strong><em>‘</em></strong></span> 
     </span>
    </p>

    <p class='ocr_par' dir='ltr' id='par_1_14' title="bbox 114 3836 1184 4024">
     <span class='ocr_line' id='line_1_38' title="bbox 114 3836 1136 3926; baseline 0.003 -25"><span class='ocrx_word' id='word_1_308' title='bbox 114 3849 129 3896; x_wconf 78' lang='lat'>5</span> <span class='ocrx_word' id='word_1_309' title='bbox 146 3836 194 3902; x_wconf 91' lang='lat' dir='ltr'><strong>los</strong></span> <span class='ocrx_word' id='word_1_310' title='bbox 209 3837 248 3903; x_wconf 91' lang='lat' dir='ltr'><strong>ab</strong></span> <span class='ocrx_word' id='word_1_311' title='bbox 261 3836 451 3904; x_wconf 87' lang='lat' dir='ltr'><strong>Samnitium</strong></span> <span class='ocrx_word' id='word_1_312' title='bbox 464 3840 496 3905; x_wconf 72' lang='lat' dir='ltr'><strong>ti</strong></span> <span class='ocrx_word' id='word_1_313' title='bbox 510 3850 604 3926; x_wconf 89' lang='lat' dir='ltr'><strong>atque</strong></span> <span class='ocrx_word' id='word_1_314' title='bbox 621 3842 742 3907; x_wconf 90' lang='lat' dir='ltr'><strong>iniuriis</strong></span> <span class='ocrx_word' id='word_1_315' title='bbox 758 3842 907 3909; x_wconf 85' lang='lat' dir='ltr'><strong>defensos</strong></span> <span class='ocrx_word' id='word_1_316' title='bbox 922 3842 1062 3908; x_wconf 82' lang='lat' dir='ltr'><strong>scribant</strong></span> <span class='ocrx_word' id='word_1_317' title='bbox 1084 3836 1136 3899; x_wconf 75' lang='lat' dir='ltr'><strong>sate·</strong></span> 
     </span>
     <span class='ocr_line' id='line_1_39' title="bbox 146 3931 1184 4024; baseline 0.013 -29"><span class='ocrx_word' id='word_1_318' title='bbox 146 3956 217 3997; x_wconf 90' lang='lat' dir='ltr'><strong>rum</strong></span> <span class='ocrx_word' id='word_1_319' title='bbox 239 3931 365 3999; x_wconf 83' lang='lat' dir='ltr'><strong>fortuna</strong></span> <span class='ocrx_word' id='word_1_320' title='bbox 384 3933 587 4015; x_wconf 87' lang='lat' dir='ltr'><strong>Samnitium,</strong></span> <span class='ocrx_word' id='word_1_321' title='bbox 613 3938 666 4001; x_wconf 87' lang='lat' dir='ltr'><strong>vix</strong></span> <span class='ocrx_word' id='word_1_322' title='bbox 688 3960 707 4002; x_wconf 92' lang='lat' dir='ltr'><strong>a</strong></span> <span class='ocrx_word' id='word_1_323' title='bbox 725 3959 759 4002; x_wconf 91' lang='lat' dir='ltr'><strong>se</strong></span> <span class='ocrx_word' id='word_1_324' title='bbox 781 3937 861 4024; x_wconf 87' lang='lat' dir='ltr'><strong>ipsis</strong></span> <span class='ocrx_word' id='word_1_325' title='bbox 884 3960 922 4003; x_wconf 93' lang='lat' dir='ltr'><strong>eo</strong></span> <span class='ocrx_word' id='word_1_326' title='bbox 945 3947 1075 4022; x_wconf 79' lang='lat' dir='ltr'><strong>tempore</strong></span> <span class='ocrx_word' id='word_1_327' title='bbox 1090 3940 1134 4013; x_wconf 59' lang='lat' dir='ltr'><strong>Pl*</strong></span> <span class='ocrx_word' id='word_1_328' title='bbox 1169 3972 1184 4009; x_wconf 53' lang='grc' dir='ltr'><strong>,ι</strong></span> 
     </span>
    </p>
   </div>
   <div class='ocr_carea' id='block_1_3' title="bbox 147 4012 1133 4124">
    <p class='ocr_par' dir='ltr' id='par_1_15' title="bbox 147 4012 1133 4124">
     <span class='ocr_line' id='line_1_40' title="bbox 147 4012 1133 4124; baseline 0.011 -36"><span class='ocrx_word' id='word_1_329' title='bbox 147 4027 338 4111; x_wconf 89' lang='lat' dir='ltr'><strong>pulsantium</strong></span> <span class='ocrx_word' id='word_1_330' title='bbox 356 4028 487 4111; x_wconf 88' lang='lat' dir='ltr'><strong>bellurn,</strong></span> <span class='ocrx_word' id='word_1_331' title='bbox 510 4032 639 4117; x_wconf 92' lang='lat' dir='ltr'><strong>propius</strong></span> <span class='ocrx_word' id='word_1_332' title='bbox 658 4042 693 4097; x_wconf 86' lang='lat' dir='ltr'><strong>ut</strong></span> <span class='ocrx_word' id='word_1_333' title='bbox 711 4033 751 4098; x_wconf 89' lang='lat' dir='ltr'><strong>sit</strong></span> <span class='ocrx_word' id='word_1_334' title='bbox 768 4055 844 4124; x_wconf 86' lang='lat' dir='ltr'><strong>vero</strong></span> <span class='ocrx_word' id='word_1_335' title='bbox 867 4032 957 4112; x_wconf 84' lang='lat' dir='ltr'><strong>facit,</strong></span> <span class='ocrx_word' id='word_1_336' title='bbox 980 4053 1040 4098; x_wconf 91' lang='lat' dir='ltr'><strong>non</strong></span> <span class='ocrx_word' id='word_1_337' title='bbox 1054 4012 1133 4111; x_wconf 57' lang='lat' dir='ltr'><strong>Apul*</strong></span> 
     </span>
    </p>
   </div>
   <div class='ocr_carea' id='block_1_4' title="bbox 0 0 1288 4524">
    <p class='ocr_par' dir='ltr' id='par_1_16' title="bbox 0 0 1288 4524">
     <span class='ocr_line' id='line_1_41' title="bbox 0 0 1288 4524; baseline 0 0"><span class='ocrx_word' id='word_1_338' title='bbox 0 0 1288 4524; x_wconf 95' lang='lat' dir='ltr'><strong> </strong></span> 
     </span>
    </p>
   </div>
  </div>
 </body>
</html>
