2566 4524
344 251 463 306 mann
480 251 508 320 1,
526 250 620 305 aare.
640 255 677 320 [a.
688 249 877 322 cars-510]
1084 242 1126 310 51

94 414 238 490 validior,
256 409 396 475 medium
414 407 520 493 arripit
540 406 687 473 Servium
705 408 883 494 elatumque
901 433 918 475 e
936 413 1024 477 curia
1035 414 1068 478 in
1080 414 1130 480 in-

92 510 241 576 feriorem
267 514 389 592 partem
409 524 467 589 per
487 502 604 589 gradus
632 502 758 581 deiecit,
784 503 858 568 inde
883 505 926 569 ad
951 506 1128 594 cogendum

94 614 238 670 senatum
257 600 291 662 in
309 598 428 662 curiam
445 596 546 661 rediit.
582 595 617 660 fit
639 595 718 683 suga
738 598 823 683 regis
846 600 1059 685 apparitorum
1081 611 1129 668 at·
1145 625 1163 672 4

92 719 153 782 que
170 692 339 769 comitum3
356 690 425 776 ipse
438 712 536 777 prope
550 690 720 776 exsanguis
734 688 821 773 (cum
835 693 1027 760 semianimis
1039 697 1128 782 regio

91 789 244 857 comitatu
263 787 392 850 domum
415 807 449 850 se
467 785 618 870 reciperet
634 785 892 869 pervenissetque
910 789 951 851 ad
970 812 1129 854 summum

92 883 250 972 Cyprium
268 879 389 964 vicum)
407 877 448 942 ab
464 879 514 956 iis,
533 878 589 961 qui
605 878 695 942 missi
712 877 753 943 ab
767 878 940 963 Tarquinio
953 881 1128 968 fugientem

91 975 257 1046 consecuti
274 983 376 1050 erant,
403 971 596 1036 interficitur.
632 973 784 1050 creditur,
806 975 880 1056 quia
900 997 965 1039 non
982 975 1161 1047 abhorrete

91 1098 110 1140 a
134 1081 243 1138 cetero
268 1067 398 1144 scelere,
424 1065 587 1130 admonitu
609 1065 732 1131 Tulliae
753 1066 788 1131 id
813 1067 943 1133 factum.
980 1080 1127 1157 carpento

93 1178 187 1243 certe,
206 1165 241 1229 id
260 1160 346 1246 quod
364 1160 440 1226 satis
460 1169 592 1238 constat,
609 1160 643 1224 in
661 1160 765 1226 forum
781 1162 906 1228 invecta
918 1186 977 1228 nec
994 1166 1128 1230 reverita

94 1272 219 1328 coetum
237 1259 391 1334 virorum,
415 1254 557 1320 evocavit
575 1254 677 1319 virum
695 1278 712 1320 e
731 1255 817 1320 curia
833 1279 1004 1343 regemque
1026 1260 1128 1344 prima

96 1353 274 1442 appellavit.
311 1374 331 1415 a
352 1372 415 1434 quo
436 1349 593 1414 facessere
614 1349 703 1415 iussa
725 1372 765 1414 ex
787 1359 873 1415 tanto
896 1353 1032 1416 tumultu
1055 1375 1161 1423 cumo

96 1472 130 1515 se
149 1449 278 1511 domum
295 1444 447 1529 reciperet
463 1442 722 1530 pervenissetque
739 1442 781 1508 ad
799 1468 958 1511 summum
973 1445 1128 1533 Cyprium

93 1542 206 1619 vicum,
226 1539 283 1604 ubi
296 1538 449 1603 Dianium
466 1560 567 1622 nuper
578 1538 648 1615 fuit,
666 1537 804 1603 flectenti
822 1550 1005 1625 carpentum
1018 1543 1128 1608 dextra

92 1636 122 1702 in
141 1633 283 1702 Orbium
302 1633 432 1710 clivum,
456 1642 491 1696 ut
507 1632 541 1696 in
559 1631 670 1697 collem
687 1632 914 1716 Esquiliarium
933 1634 1125 1715 eveheretur,

93 1730 205 1797 restitit
222 1729 358 1815 pavidus
377 1737 470 1811 atque
487 1726 623 1791 inhibuit
644 1726 751 1792 frenos
770 1728 797 1793 is
817 1729 871 1812 qui
892 1729 1032 1794 iumenta
1049 1754 1124 1816 age-

93 1824 143 1891 bat
170 1827 391 1905 iacentemque
417 1821 563 1886 dominae
591 1819 738 1886 Servium
764 1823 953 1887 trucidatum
980 1824 1125 1890 ostendit.

93 1919 223 1985 foedum
245 1916 513 1999 inhumanumque
534 1915 608 1979 inde
629 1916 762 1980 traditur
784 1917 886 1981 scelus
908 1926 1160 1988 monumento-r

97 2035 157 2097 que
173 2013 262 2078 locus
281 2019 345 2076 est:
362 2009 547 2075 sceleratum
563 2009 670 2074 vicum
686 2021 814 2088 vocant,
833 2033 911 2094 quo,
931 2035 1039 2078 amens
1058 2014 1128 2100 agi-

98 2106 234 2172 tantibus
256 2105 349 2169 furiis
371 2104 485 2169 sororis
508 2124 546 2168 ac
571 2102 645 2181 viri,
673 2103 779 2168 Tullia
803 2127 862 2191 per
886 2108 983 2191 patris
1010 2129 1124 2192 corpus

96 2209 276 2288 carpentum
299 2197 403 2285 egisse
429 2197 528 2262 fertur
553 2207 736 2283 partemque
764 2200 927 2286 sanguinis
954 2223 993 2266 ac
1017 2201 1124 2266 caedis

97 2306 242 2382 paternae
261 2302 389 2357 cruento
407 2291 565 2369 vehiculo,
594 2292 803 2356 contaminata
820 2293 891 2377 ipsa
907 2316 1124 2378 respersaque,

99 2391 204 2457 tulisse
227 2389 269 2456 ad
290 2397 420 2474 penates
448 2409 522 2452 suos
549 2387 670 2469 virique
697 2386 759 2463 sui,
787 2386 902 2470 quibus
928 2388 1014 2452 iratis
1041 2389 1125 2455 malo

101 2486 182 2574 tegni
199 2483 353 2570 principio
372 2482 488 2547 similes
506 2503 604 2566 prope
622 2481 706 2545 diem
724 2482 827 2546 exitus
846 2492 1059 2565 sequerentur.

160 2578 291 2646 Servius
314 2576 438 2642 Tullius
463 2575 608 2661 regnavit
634 2598 733 2640 annos
760 2584 907 2660 quattuor
933 2586 964 2640 et
990 2576 1157 2659 quadra-8

110 2673 183 2758 ginta
198 2674 256 2750 ita,
275 2680 311 2736 ut
328 2670 412 2736 bono
429 2670 525 2736 etiam
541 2670 764 2754 moderatoque
783 2670 962 2735 succedenti
978 2670 1047 2756 regi
1065 2669 1126 2734 dif-

77 2806 81 2819 ·
112 2767 186 2834 hcilis
211 2767 380 2834 aemulatio
406 2775 500 2831 esset.
542 2774 679 2829 ceterum
709 2765 742 2829 id
768 2786 894 2849 quoque
920 2765 961 2829 ad
991 2763 1125 2850 gloriam

114 2864 240 2942 acessit,
265 2862 351 2945 quod
368 2883 440 2926 cum
457 2859 511 2925 illo
528 2858 623 2924 simul
640 2860 723 2924 iusta
741 2882 778 2924 ac
795 2859 937 2945 legitima
957 2882 1056 2946 regna
1072 2881 1126 2923 oc-

117 2954 245 3022 ciderunt.
280 2957 315 3020 id
335 2956 441 3041 ipsum
462 2965 528 3019 tam
549 2954 624 3018 mite
647 2976 684 3018 ac
711 2963 775 3018 tam
801 2954 997 3018 moderatum
1024 2952 1157 3037 impe-9

117 3047 181 3115 rium
203 3061 321 3128 tamen,
349 3050 422 3135 quia
447 3049 543 3114 unius
564 3057 663 3127 esset,
690 3048 846 3134 deponere
869 3069 942 3111 eum
962 3047 997 3110 in
1018 3046 1124 3124 animo

120 3141 242 3214 habuisse
262 3147 390 3232 quidam
408 3156 550 3212 auctores
569 3153 656 3223 sunt,
674 3145 707 3207 ni
726 3142 828 3208 scelus
846 3142 1029 3207 intestinum
1046 3140 1125 3205 libe-

120 3238 210 3308 randae
226 3242 346 3328 patriae
365 3240 494 3306 consilia
511 3240 644 3326 agitanti
660 3237 890 3302 intervenisset.

164 3335 419 3403 XXXXVIIII.
454 3335 534 3400 Inde
557 3335 599 3398 L.
622 3333 813 3416 Tarquinius
836 3353 968 3418 regnare
991 3328 1123 3416 occepit,
1143 3351 1156 3398 1

123 3427 157 3492 ai
168 3429 306 3519 Superbo
325 3453 499 3516 cognomen
516 3429 601 3494 facta
617 3429 805 3505 indiderunt,
825 3427 898 3510 quia
913 3447 1055 3491 socerum
1068 3447 1124 3512 ge-

120 3541 162 3587 ner
183 3528 344 3615 sepultura
370 3525 542 3612 prohibuit,
577 3522 750 3588 Romulum
776 3544 900 3606 quoque
930 3520 1124 3606 insepultum

116 3617 212 3698 perisse
229 3622 391 3698 dictitans,
418 3620 632 3706 primoresque
649 3627 787 3703 patrum,
814 3639 893 3700 quos
914 3614 1005 3681 Servi
1026 3614 1121 3679 rebus
1140 3633 1155 3679 a

77 3708 79 3803 f
114 3706 212 3781 favisse
220 3715 377 3792 credebat,
395 3713 564 3791 interfecit;
583 3711 726 3778 conscius
736 3711 848 3775 deinde
858 3709 939 3775 male
953 3708 1123 3794 quaerendi

112 3811 184 3895 regni
203 3811 243 3877 ab
266 3834 302 3876 se
324 3810 394 3896 ipso
417 3810 567 3875 adversus
591 3830 625 3873 se
647 3807 826 3892 exemplum
845 3806 915 3890 capi
935 3827 1045 3890 posse,
1073 3826 1123 3866 ar-

110 3904 186 3971 matis
199 3928 313 3992 corpus
329 3903 576 3990 circumsaepsit:
595 3923 696 3986 neque
711 3903 794 3966 euim
807 3901 849 3965 ad
866 3900 915 3964 ius
928 3899 1018 3985 regni
1035 3895 1123 3980 quic·
1140 3914 1155 3960 3

108 4016 189 4082 quun
205 4009 330 4087 praeter
346 3999 410 4065 vim
427 3996 572 4075 habebat,
591 4006 626 4060 ut
643 3996 697 4079 qui
715 4017 815 4079 neque
833 3993 942 4080 populi
958 3994 1048 4057 iussu
1066 4012 1121 4054 ne-

913 4092 950 4145 42
