2566 4524
349 245 468 301 ursan
484 245 528 317 11,
545 244 588 301 aa.
602 245 644 300 aa
664 247 701 316 [a.
712 245 902 312 carc-uu
1078 238 1140 304 115

105 406 248 490 siliisque
265 403 349 470 bella
366 425 483 490 gerere.
520 403 640 469 nullum
658 427 759 492 genus
778 405 962 472 calamitatis
981 418 1175 480 consume-s

104 503 228 584 liaeque
255 521 320 564 non
345 499 464 563 editum
489 499 523 562 in
544 497 680 564 Volscos
706 509 768 578 est,
795 522 853 565 nec
881 512 985 566 tamen
1010 503 1141 588 perpelli

104 607 250 684 potuere,
275 604 311 658 ut
328 593 394 658 acie
412 593 605 658 dimicarent.

166 687 284 754 LHH.
311 688 355 752 L.
364 687 480 752 Furius
493 688 566 752 inde
580 697 611 752 et
626 686 664 752 (l.
678 686 819 753 Manlius
833 690 989 755 consules.
1016 690 1138 756 Manlio
1159 713 1171 760 1

106 783 257 848 Veientes
280 779 441 868 provincia
463 782 582 860 evenit3
608 805 672 846 non
690 792 795 847 tamen
813 782 977 849 bellatum:
998 784 1139 850 indutiae

103 878 134 943 in
151 899 256 943 annos
275 875 482 961 quadraginta
498 875 677 961 petentibus
691 877 782 941 datae
796 877 954 943 frumento
968 879 1139 965 stipendio·

102 994 163 1056 que
176 971 344 1056 imperato.
372 969 444 1054 paci
457 980 604 1034 externae
619 970 785 1036 confestim
803 972 1002 1037 continuatur
1019 973 1137 1038 discor·
1154 995 1170 1042 2

102 1066 152 1130 dia
165 1064 266 1130 domi.
294 1063 435 1149 agrariae
451 1063 532 1150 legis
550 1063 724 1129 tribuniciis
743 1065 877 1130 stimulis
894 1065 985 1151 plebs
1003 1065 1136 1132 furebat.

101 1159 263 1236 consuleS,
281 1157 359 1221 nihil
372 1155 502 1221 Meneni
518 1157 730 1237 damnatione,
749 1159 827 1223 nihil
844 1160 981 1244 periculo
999 1159 1138 1224 deterriti

103 1252 244 1331 Servilii,
264 1275 388 1318 summa
400 1252 433 1317 vi
444 1252 603 1317 resistunt.
634 1252 785 1319 abeuntes
799 1255 985 1340 magistratu
1000 1253 1060 1319 Cn.
1071 1251 1136 1320 Ge-

101 1348 212 1413 nucius
234 1346 377 1411 tribunus
394 1345 497 1432 plebis
515 1346 655 1432 arripuit.

161 1442 205 1505 L.
225 1440 383 1505 Aemilius
407 1451 438 1504 et
461 1437 576 1526 Opiter
596 1439 768 1527 Verginius
791 1441 988 1506 consulatum
1011 1442 1134 1522 ineunt;
1154 1468 1168 1514 3

100 1534 278 1622 Vopiscum
299 1534 417 1598 Iulium
438 1557 496 1620 pro
519 1533 671 1621 Verginio
693 1536 727 1599 in
752 1535 942 1619 quibusdam
968 1536 1133 1604 annalibus

96 1630 263 1696 consulem
285 1629 420 1695 invenio.
456 1630 517 1694 hoc
539 1652 636 1707 anno,
663 1650 879 1714 quoscumque
901 1631 1047 1696 consules
1073 1630 1131 1696 ba-

97 1727 180 1804 buit,
208 1723 256 1790 rei
278 1725 319 1788 ad
340 1725 493 1810 populum
509 1724 625 1790 Furius
648 1735 679 1789 et
695 1724 836 1790 Manlius
854 1725 1048 1791 circumeunt
1066 1713 1133 1792 sor-⁴

96 1820 199 1884 didati
215 1841 280 1883 non
297 1817 422 1904 plebem
440 1819 541 1906 magis
560 1841 655 1902 quam
672 1819 808 1884 iuniores
826 1829 961 1904 patrum.
989 1821 1132 1897 suadent,
1151 1843 1167 1889 4

96 1923 243 1991 monent,
270 1911 442 1978 honoribus
464 1923 497 1977 et
517 1911 784 1979 administratione
806 1914 852 1978 rei
872 1912 1018 2000 publicae
1036 1912 1133 1978 absti-

98 2018 206 2087 neant,
239 2007 419 2073 consulares
451 2030 526 2073 vero
555 2009 673 2086 fasces,
708 2018 903 2094 praetextam
930 2008 1131 2092 curulemque

100 2103 208 2169 sellam
233 2101 314 2167 nibil
340 2102 426 2167 aliud
452 2125 547 2186 quam
572 2126 722 2189 pompam
744 2104 863 2168 funeris
886 2112 1012 2189 putent;
1038 2102 1130 2167 claris

96 2196 276 2285 insignibus
294 2197 380 2262 velut
396 2196 505 2262 infulis
525 2197 643 2262 velatos
658 2198 698 2262 ad
712 2207 845 2262 mortem
859 2197 1018 2263 destinari.
1046 2197 1131 2281 quod
1150 2211 1165 2258 5

94 2293 122 2359 si
140 2292 326 2358 consulatus
344 2301 431 2356 tanta
448 2291 581 2357 dulcedo
600 2293 655 2369 sit,
677 2293 741 2356 iam
762 2313 846 2356 nunc
868 2294 913 2356 ita
934 2293 968 2355 in
989 2290 1129 2355 animum

92 2388 261 2464 inducant,
285 2386 480 2451 consulatum
504 2396 630 2472 captum
653 2396 684 2450 et
701 2408 886 2472 oppressum
906 2385 945 2450 ab
964 2384 1129 2449 tribunicia

92 2490 252 2570 potestate
270 2502 355 2559 esse,
379 2481 512 2558 consuli,
530 2480 617 2546 velut
634 2480 803 2567 apparitori
820 2479 1000 2556 tribunicio,
1024 2477 1129 2543 omnia

93 2578 134 2643 ad
155 2588 272 2642 nutum
293 2577 522 2663 imperiumque
544 2577 659 2643 tribuni
682 2578 805 2664 agenda
827 2600 907 2642 csse.
944 2577 971 2641 si
989 2598 1024 2642 se
1042 2596 1162 2643 com-6

92 2672 242 2750 moverit,
267 2671 294 2737 si
315 2673 487 2757 respexerit
508 2682 627 2759 patres,
652 2673 679 2736 si
696 2673 781 2736 aliud
799 2694 895 2757 quam
912 2671 1038 2758 plebem
1056 2691 1126 2735 esse

90 2769 182 2833 inre
205 2765 333 2853 publica
359 2767 537 2846 crediderit,
560 2806 602 2815 —
624 2767 753 2832 exilium
772 2766 831 2832 Cn.
854 2767 971 2845 Marci,
994 2764 1126 2831 Meneni

91 2862 330 2928 damnationem
353 2871 384 2927 et
404 2872 538 2927 mortem
560 2860 620 2926 sibi
637 2872 813 2947 proponant
830 2872 900 2926 ante
919 2862 1037 2928 oculos.
1073 2860 1123 2925 his
1145 2880 1159 2924 7

92 2956 221 3023 accensi
239 2955 371 3022 vocibus
388 2967 494 3042 patres
517 2956 647 3026 consilia
667 2957 741 3021 inde
762 2980 825 3021 non
846 2955 986 3042 publica,
1016 2955 1072 3020 sed
1093 2955 1127 3018 in

91 3052 216 3138 privato
244 3051 436 3136 seductaque
462 3075 482 3115 a
506 3051 644 3138 plurium
671 3051 858 3116 conscientia
886 3051 1034 3115 habuere.
1072 3048 1126 3112 ubi

95 3168 169 3212 cum
190 3145 223 3211 id
243 3146 340 3212 modo
362 3155 531 3224 constaret,
558 3145 626 3210 iure
647 3169 689 3210 an
714 3144 827 3208 iniuria
852 3144 1027 3229 eripiendos
1052 3163 1125 3206 esse

89 3263 179 3319 reos,
200 3239 396 3306 atrocissima
412 3262 556 3324 quaeque
574 3239 709 3303 maxime
722 3237 866 3324 placebat
881 3236 1047 3310 sententia,
1066 3254 1126 3297 nec

89 3347 203 3402 auctor
219 3335 364 3419 quamvis
388 3335 499 3400 audaci
521 3333 653 3399 facinori
676 3335 790 3398 deerat.
826 3332 923 3418 igitur
942 3329 1050 3394 iudicii
1073 3328 1123 3392 die
1143 3344 1158 3391 8

90 3453 163 3497 cum
177 3429 271 3516 plebs
284 3430 318 3494 in
331 3430 401 3495 foro
415 3439 517 3494 erecta
530 3429 763 3514 exspectatione
778 3435 883 3504 staret,
898 3425 1003 3490 mirari
1012 3424 1123 3510 primo,

87 3526 176 3611 quod
198 3546 264 3589 non
282 3525 486 3590 descenderet
503 3523 661 3601 tribunus,
687 3522 773 3601 dein,
796 3545 870 3586 cum
882 3521 945 3584 iam
963 3542 1051 3585 mora
1070 3541 1123 3583 su·

87 3620 228 3708 spectior
240 3619 339 3699 fieret,
358 3619 539 3684 deterritum
548 3642 568 3683 a
579 3618 768 3704 primoribus
783 3616 909 3681 credere
923 3625 953 3679 et
967 3616 1124 3678 desertam

85 3737 124 3781 ao
145 3715 307 3802 proditam
329 3737 457 3780 causam
478 3713 638 3800 publicam
661 3711 763 3795 queri3
790 3711 916 3774 tandem
938 3708 994 3792 qui
1011 3707 1123 3774 obver-
1141 3728 1155 3778 9

86 3811 150 3875 sati
164 3807 326 3875 vestibulo
339 3808 456 3874 tribuni
469 3809 607 3885 fucrant,
626 3807 770 3871 nuntiant
782 3805 868 3870 domi
881 3813 1039 3869 mortuum
1053 3823 1123 3867 esse

84 3904 262 3970 inventum.
298 3903 385 3988 quod
408 3900 464 3968 ubi
484 3903 518 3967 in
539 3911 638 3968 totam
660 3902 836 3965 contionem
857 3898 984 3985 pertulit
1005 3917 1121 3972 rumor,
1142 3954 1149 3975 ‚

89 3997 169 4065 sicut
198 3999 284 4064 acies
311 3996 453 4063 smditur
480 3998 559 4062 duce
582 3996 699 4074 occiso,
725 3996 771 4061 ita
793 3995 907 4080 dilapsi
915 3991 1048 4140 8passim
1069 3988 1122 4054 alii
