2566 4524
155 249 220 317 426
366 258 485 316 LIBER
501 256 587 330 vm,
605 256 650 313 27.
664 256 707 313 28.
727 255 904 326 [a.u.c428.
916 255 982 328 m]

123 445 139 493 a
159 419 291 490 Graecis
310 428 463 487 exortum.
503 438 639 501 namque
658 414 820 481 Tarentini
837 437 911 481 oum
928 437 997 481 rem
1014 414 1174 506 Palaepoli-

157 528 264 583 tanam
289 538 373 582 vana
398 536 454 601 spe
481 513 590 579 auxilii
616 511 810 596 aliquamdiu
836 511 1076 591 sustinuissent,
1100 527 1171 600 post·

155 635 252 698 quam
272 610 435 676 Romanos
456 607 535 673 urbe
556 606 672 693 potitos
695 626 858 692 accepere,
882 604 971 671 velut
990 607 1125 673 destituti
1142 629 1170 673 ac

156 728 220 772 non
241 704 296 790 qui
321 703 384 790 ipsi
405 701 634 780 destituissent,
661 701 823 787 increpare
844 698 1112 787 Palaepolitanos,
1133 702 1169 768 ira

157 810 251 885 atque
269 797 387 863 invidia
403 797 437 862 in
453 795 616 861 Romanos
633 794 746 874 furere,
766 816 803 861 eo
822 794 917 861 etiam
934 797 1025 881 quod
1039 797 1168 863 Lucanos
1212 854 1214 861 .

158 903 189 959 et
206 892 332 979 Apulos
350 930 392 941 -
409 914 484 957 nam
501 899 634 975 utraque
652 911 689 956 eo
707 912 791 955 anno
809 888 943 956 societas
958 900 1071 979 coepta
1079 901 1121 959 est
1134 928 1168 940 -
1212 888 1214 895 '

124 1010 139 1059 e
157 990 190 1055 in
211 988 308 1053 fidem
324 986 434 1074 populi
446 984 584 1053 Romani
601 985 727 1051 venisse
744 984 885 1050 adlatum
902 994 966 1052 est:
986 986 1096 1074 quippe
1108 1008 1167 1073 pro·

158 1083 329 1170 pemodum
350 1091 536 1169 perventum
558 1080 600 1146 ad
622 1101 657 1145 se
675 1101 746 1146 esse
767 1078 893 1165 iamque
915 1079 949 1145 in
967 1102 1089 1148 eorem
1106 1083 1167 1159 lore,

123 1199 140 1247 4
158 1188 194 1244 ut
208 1176 345 1244 Romani
362 1186 417 1242 aut
433 1175 541 1243 hostes
559 1183 613 1240 aut
630 1174 750 1240 domini
766 1174 904 1241 habendi
922 1175 996 1242 sint.
1024 1175 1169 1244 discrimen

156 1273 299 1360 profecto
324 1294 430 1338 rerum
460 1293 588 1337 suarum
618 1270 651 1335 in
681 1268 765 1336 bello
793 1267 986 1337 Samnitium
1013 1280 1169 1356 eventuque

157 1369 225 1434 eius
253 1367 342 1433 verti.
386 1388 457 1433 eam
479 1365 579 1432 solam
605 1373 732 1451 gentem
753 1373 886 1444 restare,
913 1387 974 1431 nec
996 1388 1068 1432 eam
1087 1367 1170 1453 ipsam

123 1462 234 1530 asatis
256 1460 407 1539 validam,
430 1459 556 1546 quando
574 1459 727 1525 Lucanus
750 1457 913 1538 defecerit,
936 1482 1034 1545 quem
1050 1458 1171 1527 revocari

158 1557 261 1623 adhuc
273 1555 442 1642 inpellique
451 1555 493 1621 ad
506 1553 692 1621 abolendam
706 1553 888 1620 societatem
896 1554 1076 1622 Romanam
1083 1576 1171 1643 posse,

124 1653 187 1719 tsi
208 1674 272 1736 qua
293 1674 344 1716 ars
366 1650 507 1717 serendis
530 1649 695 1715 discordiis
718 1647 913 1715 adhibeatur.
957 1648 1039 1716 haec
1060 1648 1171 1717 consilia

159 1768 233 1812 cum
250 1745 336 1833 apud
357 1744 489 1832 cupidos
511 1767 617 1811 rerum
633 1744 851 1810 novandarum
868 1742 1060 1824 valuissent,
1082 1767 1121 1811 ex
1137 1744 1172 1810 iu·

157 1850 285 1908 ventute
311 1841 441 1926 quidam
466 1840 672 1905 Lucanorum
697 1839 798 1926 pretio
824 1838 952 1917 adsciti,
984 1839 1063 1906 olari
1087 1837 1170 1926 magis

158 1936 240 2002 inter
255 1936 424 2022 populares
443 1956 539 2018 quam
555 1933 693 2012 honesti,
715 1934 797 2000 inter
814 1955 849 1999 se
866 1933 998 2000 mulcati
1015 1934 1077 2022 ipsi
1093 1931 1172 2022 virgis

158 2052 230 2095 cum
248 2051 378 2115 corpora
395 2028 481 2094 nuda
497 2028 677 2094 intulissent
693 2028 726 2093 in
739 2027 856 2093 civium
874 2037 1011 2107 coetum,
1030 2024 1174 2096 vociferati

125 2133 138 2180 ἵ
159 2133 246 2201 sunt,
266 2144 314 2202 se,
333 2123 418 2209 quod
436 2132 539 2189 castra
555 2123 700 2190 Romana
716 2123 839 2211 ingredi
856 2123 927 2190 ansi
944 2134 1064 2204 essent,
1082 2148 1101 2191 a
1116 2144 1174 2191 oon·

159 2219 280 2284 sulibus
311 2218 410 2307 virgis
441 2241 550 2285 caesos
577 2241 615 2284 ac
643 2240 742 2305 prope
773 2218 877 2285 securi
906 2241 1078 2306 percussos
1108 2238 1172 2285 esse

123 2319 139 2369 8
158 2312 308 2380 deformis
335 2322 445 2400 suapte
468 2322 580 2379 natura
593 2332 652 2379 ¹res
675 2334 748 2378 cum
771 2312 910 2400 speciem
930 2313 1067 2381 iniuriae
1087 2310 1171 2400 magis

158 2432 253 2493 quam
275 2407 340 2474 doli
360 2430 436 2495 prae
458 2430 492 2474 se
514 2406 623 2485 ferret,
647 2407 794 2474 concitati
815 2408 958 2474 homines
987 2419 1106 2497 cogunt
1125 2407 1173 2473 ola·

123 2512 138 2558 9
159 2525 244 2568 more
263 2525 321 2569 suo
339 2503 542 2591 magistratus
562 2511 705 2568 senatum
722 2525 845 2582 vocare,
865 2503 967 2569 etalii
986 2505 1172 2571 circumstat⁴

158 2609 205 2664 tes
228 2598 395 2665 concilium
417 2598 536 2664 bellum
556 2598 590 2663 in
611 2597 773 2664 Romanos
799 2608 949 2684 poscunt,
978 2600 1033 2665 alii
1054 2601 1096 2665 ad
1115 2620 1172 2665 con·

157 2694 315 2759 citandam
344 2693 378 2758 in
408 2716 496 2758 arma
530 2692 760 2758 multitudinem
795 2693 968 2780 agrestium
1001 2695 1170 2768 discurrant

157 2787 355 2871 tumultuque
377 2786 471 2852 etiam
494 2809 587 2852 sanos
611 2795 830 2853 consternante
856 2788 979 2854 animos
1004 2789 1170 2862 decernitur,

157 2888 193 2944 ut
211 2880 343 2946 societas
362 2901 435 2945 cum
449 2878 644 2948 Samnitibus
657 2892 868 2961 renovaretur,
886 2881 1047 2970 legatique
1061 2885 1102 2951 ad
1117 2902 1170 2948 ean

108 2990 225 3039 rorem
246 2974 421 3042 mittuntur.
465 2977 628 3063 repentina
648 2999 700 3043 res
718 2977 904 3063 quicquam
923 3000 1055 3045 causam
1071 2978 1168 3045 nullan

157 3079 222 3135 tam
249 3092 289 3135 ne
315 3070 410 3136 fidem
437 3071 564 3155 quidem
590 3071 741 3151 habebat,
769 3073 870 3138 coacti
891 3096 911 3138 a
934 3071 1169 3141 Samnitibuset

156 3164 285 3232 obsides
304 3165 429 3232 darec
451 3165 638 3251 praesidia
629 3189 662 3230 1n
684 3166 754 3233 loca
775 3167 897 3232 munita
918 3168 1077 3255 acciperet
1102 3160 1168 3234 caeti

107 3275 137 3322 11
157 3259 268 3326 fraude
286 3270 318 3326 et
334 3261 382 3326 ira
398 3260 476 3325 nihil
493 3270 686 3326 recusarunt
665 3261 859 3327 tdilucere
872 3261 987 3328 deinde
1001 3262 1090 3330 brevi
1101 3261 1167 3328 fram

157 3354 273 3439 coepit,
299 3364 468 3441 postquam
490 3354 654 3420 criminum
677 3355 830 3422 falsorum
851 3365 998 3423 auctores
1016 3357 1168 3425 Tarentum

157 3447 418 3533 commigravere,
437 3450 495 3515 sed
508 3449 625 3514 amissa
639 3450 724 3515 omni
737 3451 777 3516 de
791 3472 825 3516 se
837 3459 996 3536 potestate
1012 3452 1090 3518 nihil
1105 3449 1168 3516 ultr·

156 3561 252 3624 quam
269 3550 305 3604 ut
322 3543 495 3626 paeniteret
512 3544 629 3609 frustra
645 3543 793 3611 restabat

124 3652 137 3700 1
220 3633 390 3701 XXVIII.
425 3637 477 3704 Ilo
500 3660 583 3704 anno
604 3637 708 3724 plebei
726 3639 890 3705 Romanae
912 3640 1003 3707 velut
1024 3640 1108 3708 aliud
1124 3633 1168 3703 ἰιιί·

156 3727 235 3793 tium
252 3728 405 3795 libertatis
423 3732 543 3797 factum
561 3742 622 3811 est,
641 3734 727 3817 quod
739 3735 823 3799 necti
837 3734 1015 3802 desieruntr
1033 3742 1167 3802 mutatur

155 3833 261 3889 autem
287 3823 337 3890 ius
364 3823 404 3891 ob
430 3826 524 3892 unius
551 3827 754 3917 faeneratoris
782 3827 876 3893 simul
901 3827 1068 3896 libidinem
1092 3818 1168 3894 simul

121 3934 136 3980 ι
156 3918 370 3984 crudelitatem
392 3919 559 4006 insignem.
595 3921 637 3986 L.
659 3920 807 4008 Papirius
829 3922 857 3987 is
880 3921 955 4002 suit,
984 3923 1125 3990 cuicum
1141 3934 1169 3982 rt

156 4009 194 4075 C.
217 4011 373 4080 Publilius
399 4013 441 4080 ob
469 4036 523 4081 aes
546 4015 683 4082 alienum
705 4026 871 4102 paternum
893 4039 1015 4085 nexum
1037 4017 1166 4087 deffleat

32 4178 140 4262 κ
