2566 4524
150 270 212 335 148
372 276 684 350 omna111,24.25.
704 281 742 347 [a.
752 295 779 332 u.
790 295 813 332 ο.
822 276 881 334 295.
890 278 954 349 aas]

147 452 247 507 stores
265 437 381 505 habere
399 438 439 502 de
456 459 521 516 reo,
539 436 601 502 nisi
613 436 700 523 prius
714 435 821 501 habita
835 436 874 501 de
887 435 959 522 lege
973 444 1091 514 essent,
1106 458 1163 522 pas
1198 434 1201 495 i

147 557 238 601 suros
256 531 423 620 negabant.

113 652 128 700 Β
210 631 262 695 Ita
284 638 422 693 extracta
443 635 574 710 utraque
601 649 651 691 res
678 627 711 690 in
738 625 904 690 consulum
927 627 1101 691 adventum
1118 633 1163 690 est

147 724 201 808 qni
219 723 274 787 ubi
291 719 518 806 triumphantes
537 722 653 785 victore
671 742 744 784 oum
758 720 896 784 exercitu
909 719 1022 785 urbem
1035 721 1164 797 inierunt,

147 818 222 903 quia
240 817 397 882 silentium
415 816 454 879 de
471 814 542 902 lege
561 826 640 892 erat,
667 815 829 900 perculsos
848 838 965 901 magna
983 838 1059 901 pars
1077 815 1165 880 crede·

115 933 129 979 9
147 911 224 977 bant
237 910 389 975 tribunos.
416 920 448 974 at
460 909 556 973 illi-
566 910 681 974 etenim
696 920 870 974 extremum
883 909 956 974 anni
970 909 1036 973 iarn
1051 920 1116 974 erat
1125 946 1165 987 —,

147 1015 293 1090 quartum
311 1005 504 1070 adfectantes
523 1003 732 1080 tribunatum,
760 1002 793 1067 in
811 1003 1008 1069 comitiorum
1027 1004 1169 1091 discepto·

148 1099 264 1163 tionem
283 1098 323 1163 ab
340 1099 411 1185 lege
430 1111 586 1163 certamen
605 1107 790 1162 averterant.
826 1108 948 1162 etcum
971 1098 1117 1163 consules
1130 1096 1169 1163 ni·

147 1193 211 1259 hilo
229 1195 333 1258 minus
356 1194 508 1258 adversus
531 1193 797 1258 continuationem
820 1191 1012 1271 tribunatus,
1042 1190 1169 1277 quamsi

146 1288 199 1353 lex
217 1289 404 1353 minuendae
423 1312 499 1353 suae
517 1289 688 1353 maiestatis
708 1311 804 1352 causa
821 1288 1022 1373 promulgata
1040 1288 1168 1365 ferretur,

147 1385 361 1462 tetendissent,
382 1384 511 1448 victoria
528 1383 705 1448 certaminis
723 1405 820 1468 penes
839 1381 981 1447 tribunos
1001 1381 1073 1448 fuit.

98 1497 130 1547 10
211 1479 336 1543 Eodem
354 1502 435 1543 anno
453 1477 576 1562 Aequis
594 1501 658 1564 pax
676 1487 725 1542 est
740 1476 920 1563 petentibus
938 1478 1024 1542 data.
1059 1498 1168 1554 census,

147 1595 198 1638 res
215 1574 317 1659 priore
335 1596 418 1638 anno
435 1572 591 1650 inchoata,
609 1573 776 1657 perficitur,
796 1573 891 1657 idque
908 1572 1047 1637 lustrum
1065 1571 1104 1637 ab
1119 1568 1170 1636 ori·

147 1666 222 1753 gine
239 1666 325 1732 urbis
344 1668 500 1732 decimum
518 1667 679 1732 conditum
697 1668 812 1731 ferunt.
839 1688 935 1731 censa
948 1666 1069 1731 civium
1081 1663 1170 1751 capita

148 1773 274 1827 centum
293 1763 517 1847 septemdecim
535 1762 621 1827 milia
632 1771 777 1853 ⁸trecenta
794 1760 1000 1847 undeviginti.

98 1878 128 1925 11
214 1856 391 1923 Consulum
413 1882 529 1944 magna
551 1857 637 1922 domi
662 1857 799 1941 bellique
822 1879 860 1921 eo
883 1878 966 1920 anno
988 1854 1092 1942 gloria
1110 1852 1166 1929 fuit,

148 1953 234 2036 quod
252 1962 283 2015 et
300 1952 377 2017 foris
395 1975 506 2038 pacem
528 1975 676 2038 peperere
695 1962 727 2017 et
749 1951 847 2028 domi,
875 1951 935 2015 etsi
953 1972 1019 2015 non
1042 1970 1167 2025 concors,

148 2045 252 2108 minus
271 2054 375 2110 tamen
393 2068 489 2130 quam
507 2046 584 2111 alias
602 2047 719 2111 infesta
736 2045 847 2110 civitas
865 2044 936 2109 fuit.

116 2160 128 2207 1
212 2138 327 2206 XXV.
363 2142 404 2206 L.
420 2140 581 2207 Minucius
599 2142 672 2205 inde
691 2151 722 2206 et
739 2139 778 2205 C.
792 2139 926 2205 Nautius
945 2139 1095 2205 consules
1106 2132 1166 2203 frati

116 2252 130 2301 2
149 2233 228 2299 duas
241 2235 384 2301 residuas
398 2237 472 2300 anni
486 2237 597 2321 prioris
608 2259 720 2301 causas
735 2243 935 2320 exceperunt.
963 2235 1077 2299 eodem
1088 2230 1173 2299 modo.

149 2330 294 2395 consules
313 2331 430 2417 legem,
462 2331 579 2396 tribuni
596 2331 745 2395 iudicium
765 2330 804 2394 de
821 2327 952 2394 Volscio
970 2328 1172 2415 inpediebsnt.

149 2423 205 2488 sed
223 2423 256 2488 in
274 2426 492 2508 quaestoribus
510 2426 600 2489 novis
619 2425 719 2489 maior
732 2425 791 2501 sis,
810 2425 910 2488 maior
923 2423 1093 2489 auctoritas
1104 2426 1163 2487 crst-

115 2535 130 2582 3
148 2539 220 2582 curn
237 2518 285 2583 M.
304 2519 441 2598 Valerio,
461 2519 569 2585 Valeri
586 2519 660 2596 filio,
679 2518 790 2585 Volesi
807 2532 931 2603 nepote,
951 2531 1101 2602 quaestor
1113 2516 1162 2580 ant

148 2611 187 2676 Τ.
195 2611 362 2694 Quinctius
374 2614 582 2699 Capitolinus,
602 2614 657 2697 qui
666 2624 713 2677 ter
722 2613 831 2678 consul
840 2612 953 2678 fuerat.
981 2613 1022 2690 is,
1036 2610 1162 2697 quonian

147 2727 249 2789 neque
269 2705 435 2788 Quinctiae
454 2708 591 2772 familiae
611 2707 715 2773 Caeso
733 2729 835 2792 neque
853 2707 899 2771 rei
920 2706 1068 2793 publicae
1084 2698 1161 2771 unxi·

148 2822 219 2864 mus
231 2801 387 2864 iuvenum
404 2802 526 2866 restitui
542 2813 659 2887 posset,
678 2803 794 2867 falsum
813 2812 940 2880 testem,
960 2802 1017 2885 qui
1033 2797 1159 2868 dicenda

149 2913 264 2957 causae
285 2895 413 2960 innoxio
434 2906 622 2981 potestatem
645 2896 828 2973 ademisset,
856 2896 941 2960 iusto
965 2918 1003 2960 ac
1025 2897 1080 2982 pio
1099 2886 1158 2959 bell

114 3007 131 3053 4
147 2987 403 3072 persequebatur.
432 3013 504 3055 cum
517 2990 688 3077 Verginius
707 2991 843 3054 maxime
857 3012 897 3053 ex
911 2988 1047 3055 tribunis
1061 2984 1118 3053 del

148 3093 264 3168 ageret,
284 3085 382 3150 duum
394 3108 540 3150 mensum
554 3087 690 3170 spatium
704 3083 886 3149 consulibus
901 3084 1011 3148 datum
1026 3094 1075 3149 est
1087 3076 1157 3147 adit·

148 3177 341 3262 spiciendam
350 3180 463 3267 legem,
483 3191 527 3258 ut,
543 3203 614 3245 cum
624 3181 822 3245 edocuissent
831 3178 994 3264 populum,
1014 3175 1157 3263 quidun

148 3272 197 3336 dis
216 3275 356 3339 occultae
370 3275 512 3353 ferretur,
533 3276 669 3340 sinerent
682 3276 795 3339 deinde
810 3273 999 3360 suffragium
1011 3274 1099 3339 inire.
1115 3268 1160 3333 bot.

115 3383 130 3429 5
147 3363 301 3431 intervalli
320 3369 428 3433 datum
445 3393 495 3434 res
515 3369 696 3452 tranquillas
714 3370 748 3432 in
765 3367 843 3433 urbe
860 3368 945 3432 fecit.
983 3390 1043 3433 nec
1066 3368 1114 3433 diu
1147 3422 1153 3431 ,

147 3484 221 3527 nam
231 3464 367 3546 quietem
375 3464 482 3549 Aequi
491 3466 652 3542 dederunt,
672 3465 726 3548 qui
735 3473 826 3548 rupto
836 3463 974 3542 foedere,
994 3462 1097 3547 quodi

148 3567 215 3623 erat
235 3558 338 3642 priore
361 3582 443 3623 anno
468 3582 540 3624 cum
562 3559 729 3635 Romanis,
752 3558 919 3643 imperium
942 3558 985 3622 ad
1003 3554 1122 3623 Gracch

150 3650 306 3717 Cloelium
323 3653 477 3719 deferunt.
508 3654 536 3719 is
555 3663 622 3718 tum
639 3652 732 3739 longe
750 3654 896 3738 princeps
913 3651 948 3715 in
965 3650 1089 3736 Aequis
1104 3646 1156 3711 esst

115 3766 131 3816 6
150 3744 294 3812 Graccho
312 3747 391 3811 duce
409 3748 442 3810 in
458 3749 663 3812 Lanuvinum
681 3771 802 3833 agrum,
821 3746 895 3810 inde
912 3744 947 3811 in
965 3742 1158 3811 Tusculano

147 3841 253 3907 hostili
262 3842 462 3927 populatione
472 3843 600 3906 veniunt
609 3842 755 3927 plenique
764 3841 899 3926 praedae
908 3840 942 3904 in
951 3840 1073 3927 Algido
1157 3900 1160 3905 .

147 3936 261 4003 locant.
284 3936 365 4001 inea
373 3947 477 4001 castra
487 3935 664 4020 Q.Fabius,
683 3935 930 4013 P.Volumnius,
947 3926 1157 4000 apostamia

148 4031 244 4118 legati
261 4031 301 4098 ab
314 4033 419 4100 Roma
435 4043 588 4099 venerunt
600 4044 748 4117 questum
760 4031 890 4097 iniurias
905 4040 937 4097 et
949 4053 993 4096 ex
1004 4052 1043 4097 eo
1055 4024 1158 4095 foeda·
