2566 4524
341 262 459 317 arnna
475 262 519 333 n,
537 261 579 318 21.
593 263 635 318 aa.
655 261 892 332 [acme-495]
1092 252 1134 317 83

99 420 246 489 consules
271 418 409 502 Quintus
434 418 574 486 Cloelius
598 429 628 485 et
651 420 689 485 T.
708 420 857 497 Larcius,
885 420 957 487 inde
979 422 1022 487 A.
1043 419 1135 489 Sem-

97 517 228 604 pronius
256 525 289 580 et
314 513 361 578 M.
384 513 557 580 Minucius.
592 515 642 580 his
670 516 852 581 consulibus
880 516 966 582 aedis
996 515 1166 584 saturnos

98 613 258 687 dedicata,
279 607 461 676 Saturnalia
477 609 637 675 institutus
656 610 758 675 festus
776 609 854 675 dies.

163 704 270 770 Aulus
285 702 397 769 deinde
406 702 590 768 Postumius
606 714 637 768 et
649 703 688 769 T.
699 701 870 790 Verginius
884 704 1029 770 consules
1044 705 1129 770 facti.

96 802 157 866 hoc
167 801 299 864 demum
307 820 389 863 anno
398 798 440 862 ad
448 797 608 884 Regillum
617 796 721 862 lacum
733 811 919 884 pugnatum,
936 799 1020 886 apud
1033 822 1130 884 quos·
1148 820 1163 867 s

98 897 172 960 dam
195 893 337 960 invenio:
364 892 407 958 A.
430 893 645 971 Postumium,
673 895 748 978 quia
769 895 891 982 collega
917 896 1031 961 dubiae
1057 896 1132 960 fidei

96 989 208 1067 fuerit,
238 1011 273 1055 se
296 987 461 1054 consulatu
482 987 661 1066 abdicasse,
689 989 872 1055 dictatorem
899 990 972 1054 inde
999 990 1130 1055 factum.

97 1087 177 1152 tanti
202 1107 323 1151 errores
344 1083 496 1169 inplicant
517 1093 708 1169 temporum,
734 1084 825 1149 aliter
846 1086 931 1171 apud
953 1085 1029 1150 alios
1049 1085 1131 1150 ordi·
1148 1104 1165 1150 4

95 1181 179 1245 natis
200 1176 451 1265 magistratibus,
474 1186 510 1241 ut
526 1200 585 1242 nec
603 1177 658 1261 qui
675 1179 821 1243 consules
840 1179 1014 1243 secundum
1036 1201 1133 1263 quos·

96 1298 171 1339 nam
189 1295 251 1338 nec
268 1272 345 1356 quid
362 1293 488 1356 quoque
505 1294 588 1337 anno
606 1282 712 1338 actum
735 1273 789 1351 sit,
816 1274 850 1337 in
871 1283 959 1338 tanta
975 1285 1131 1340 vetustate

96 1392 163 1434 non
179 1390 285 1432 rerum
304 1367 412 1444 modo,
433 1367 489 1431 sed
507 1367 601 1431 ctiam
619 1377 782 1432 auctorum
800 1368 942 1455 digerere
959 1370 1074 1455 possis.

163 1461 228 1548 Ap.
253 1460 406 1526 Claudius
433 1461 546 1527 deinde
573 1470 604 1526 et
629 1461 667 1526 P.
693 1459 845 1528 Servilius
873 1465 1017 1529 consules
1044 1464 1164 1530 factis

96 1556 232 1644 insignis
255 1556 308 1621 hic
329 1579 429 1620 annus
453 1564 502 1621 est
522 1556 632 1621 nuntio
652 1555 816 1640 Tarquinii
832 1559 951 1624 mortis.
988 1569 1129 1625 mortuus

97 1653 228 1730 Cumis,
247 1674 310 1737 quo
329 1673 363 1716 se
380 1660 453 1737 post
470 1651 585 1716 fractas
604 1674 680 1736 opes
698 1653 887 1717 Latinorum
905 1653 946 1718 ad
962 1651 1130 1720 Aristode·

95 1771 184 1813 mum
198 1757 366 1833 tyrannum
381 1746 562 1813 contulerat.
595 1769 632 1811 eo
650 1747 759 1812 nuntio
778 1748 872 1811 erecti
889 1757 1008 1832 patres,
1028 1759 1130 1814 erecta
1149 1772 1163 1818 o

93 1842 217 1930 plebes.
246 1842 303 1906 sed
315 1840 456 1925 patribus
470 1839 564 1904 nimis
578 1840 740 1906 luxuriosa
753 1864 790 1906 ea
807 1842 868 1905 fuit
884 1841 1015 1920 laetitia3
1034 1842 1129 1927 plebi,

96 1938 147 2003 cui
165 1938 208 2002 ad
226 1959 297 2000 eam
315 1937 399 2000 diem
421 1958 544 2000 summa
566 1958 626 2021 ope
648 1937 832 2002 inservitum
854 1948 932 2015 erat,
958 1937 1089 2003 iniuriae
1112 1962 1131 2003 a

95 2030 287 2118 primoribus
301 2030 369 2095 fieri
382 2053 522 2116 coepere.
546 2033 657 2096 eodem
671 2054 752 2096 anno
763 2029 875 2118 Signia
888 2032 1018 2111 colonia,
1033 2056 1129 2117 quam
1149 2052 1163 2098 7

95 2149 152 2192 rex
178 2124 371 2208 Tarquinius
402 2125 587 2203 deduxerat,
620 2124 765 2212 suppleto
791 2149 921 2191 numero
948 2127 1130 2193 colonorum

97 2221 212 2286 iterum
234 2220 370 2284 deducta
392 2229 449 2284 cst.
493 2213 614 2286 Romae
636 2219 736 2284 tribus
757 2242 821 2284 una
839 2230 870 2284 et
887 2220 999 2307 viginti
1016 2220 1128 2285 factae.

57 2364 61 2397 :
97 2316 191 2381 aedes
210 2314 352 2379 Mercuri
369 2314 512 2379 dedicata
530 2324 579 2379 est
595 2313 700 2378 idibus
718 2313 825 2378 Maiis.

57 2410 61 2425 '
159 2409 282 2476 XXII.
312 2407 396 2473 Cum
408 2407 597 2474 Volscorum
610 2416 703 2495 gente
717 2408 834 2472 Latino
852 2405 935 2472 bello
952 2430 1055 2492 neque
1067 2428 1164 2493 pax1

100 2528 198 2589 neque
214 2503 334 2568 bellum
346 2502 463 2581 fuerat,
481 2528 556 2568 nam
570 2514 601 2568 et
614 2502 725 2568 Volsci
742 2512 990 2587 conparaverunt
1003 2502 1129 2580 auxilia,

57 2646 60 2657 ·
101 2622 176 2685 quae
190 2599 351 2664 mitterent
363 2597 503 2676 Latinis,
521 2599 554 2663 ni
571 2607 760 2663 maturatum
774 2596 814 2661 ab
828 2597 977 2662 dictatore
986 2596 1130 2662 Romano

57 2716 73 2779 ὲ
103 2704 194 2773 esset,
215 2703 248 2758 et
264 2692 432 2758 maturavit
448 2692 627 2770 Romanus,
646 2715 686 2756 ne
703 2692 822 2777 proelio
840 2714 904 2757 uno
923 2714 995 2756 cum
1012 2690 1130 2755 Latino

57 2860 65 2881 τ
102 2785 281 2870 Volscoque
295 2787 504 2853 contenderet.
523 2787 583 2851 hac
595 2785 642 2851 ira
656 2786 800 2850 consules
814 2785 1007 2851 inVolscum
1018 2808 1130 2872 agrum
1148 2804 1163 2850 2

57 2904 64 2953 2
103 2880 240 2969 legiones
255 2881 383 2946 duxere.
408 2879 559 2957 Volscos,
579 2880 701 2946 consilii
714 2902 848 2965 poenam
861 2903 926 2946 non
942 2888 1128 2957 metuentes,

57 2968 67 2979 ”
103 2977 287 3063 necopinata
298 2998 351 3041 res
364 2975 505 3062 perculit
539 2998 696 3040 armorum
709 2974 898 3041 inmemores
913 2973 1039 3040 obsides
1055 2974 1131 3038 dant

103 3078 253 3136 trecentos
266 3069 443 3156 principum
458 3093 477 3134 a
491 3067 576 3135 Cora
588 3079 682 3154 atque
694 3067 840 3134 Pometia
856 3067 986 3155 liberos:
1004 3067 1049 3131 ita
1062 3067 1130 3131 sine

102 3163 267 3229 certamine
293 3163 367 3228 inde
393 3163 548 3229 abductae
573 3162 726 3250 legiones.
769 3183 829 3226 nec
854 3162 898 3225 ita
928 3159 1027 3224 multo
1057 3169 1163 3245 posta

100 3257 224 3325 Volscis
246 3259 359 3324 levatis
377 3268 464 3323 metu
481 3280 574 3323 suum
591 3258 683 3323 rediit
699 3256 875 3342 ingenium,
898 3276 1007 3320 rursus
1026 3252 1132 3318 occul·

100 3363 164 3420 tum
184 3363 301 3441 parant
320 3352 453 3430 bellum,
476 3351 624 3418 Hernicis
646 3352 679 3416 in
702 3351 883 3416 societatem
900 3371 1057 3414 armorum
1076 3349 1132 3413 ad-

101 3449 248 3535 sumptis;
270 3447 393 3535 legatos
411 3469 537 3531 quoque
555 3447 596 3512 ad
614 3444 845 3511 sollicitandum
861 3444 993 3509 Latium
1011 3442 1131 3529 passim

98 3544 268 3608 dimittunt.
305 3542 362 3607 sed
383 3564 492 3607 recens
516 3541 556 3606 ad
573 3540 733 3626 Regillum
755 3540 858 3605 lacum
881 3546 1010 3623 accepta
1033 3537 1130 3602 cladis
1149 3557 1165 3602 4

97 3638 231 3702 Latinos
245 3637 294 3702 ira
306 3637 441 3720 odioque
455 3636 537 3714 eius,
556 3635 745 3720 quicumque
759 3657 846 3698 arma
860 3633 1018 3709 suaderet,
1036 3654 1076 3696 ne
1091 3630 1131 3696 ab

96 3732 212 3821 legatis
236 3730 365 3815 quidem
387 3731 541 3796 violandis
560 3729 719 3794 abstinuit.
751 3728 982 3814 conprehensos
996 3726 1131 3792 Volscos

96 3827 234 3893 Romam
253 3827 381 3891 duxere.
416 3825 461 3891 ibi
478 3825 583 3890 traditi
601 3823 797 3900 consulibus,
820 3823 1054 3905 indicatumque
1073 3828 1130 3895 est,

96 3921 234 3988 Volscos
257 3920 478 4004 Hernicosque
504 3941 614 4006 parare
637 3917 755 3983 bellum
777 3915 939 3983 Romanis.
978 3915 1164 3981 relatores

96 4017 137 4082 ad
156 4025 305 4083 senatum
322 4015 401 4081 adeo
419 4015 480 4080 fuit
496 4024 621 4100 gratum
643 4012 798 4098 patribus,
825 4022 862 4076 ut
883 4021 915 4078 ct
936 4009 1131 4095 captivomm

924 4111 940 4163 6
945 4109 958 4140 *
