2566 4524
373 242 492 298 nnana
508 243 581 314 1111,
599 242 641 299 aa.
654 242 697 297 sn
717 241 873 315 [acuas]
1055 233 1121 300 225

116 402 176 490 igni,
189 404 261 468 'non
287 399 358 466 telis
384 401 589 488 pugnandum
617 409 678 479 est,
706 411 830 489 ereptas
854 401 934 469 ultro
960 403 1123 469 inferetis?

117 497 191 584 agite,
208 494 344 562 nominis
361 495 499 561 Romani
517 518 554 561 ac
571 495 695 561 virtutis
712 507 836 582 patrum
854 509 1039 581 vestraeque
1055 521 1122 564 me-
1139 519 1156 569 5

117 614 195 657 nores
216 590 328 655 vertite
350 589 531 654 incendium
552 590 613 655 hoc
634 589 667 653 in
695 590 834 656 hostium
861 591 972 657 urbem
998 604 1029 657 et
1056 591 1122 657 suis

118 685 225 751 lammis
239 684 342 750 delete
354 683 503 761 Fidenas,
521 705 600 768 quas
613 685 725 749 vestris
745 684 904 751 beneficiis
917 687 1042 772 placare
1059 708 1123 750 non

119 781 247 866 petiistis.
272 780 449 866 legatorum
462 778 522 844 hoo
537 802 595 845 vos
608 791 785 845 vestromm
798 782 1041 866 colonorumque
1051 804 1125 846 san-

119 875 169 960 guis
179 874 353 958 vastatique
365 874 444 939 fines
457 873 606 939 monent?
631 875 673 939 ed
685 874 851 960 imperium
864 876 1023 941 dictatoris
1038 891 1124 942 mota
1142 896 1157 946 6

118 979 206 1034 cmcta
221 968 316 1034 acies.
351 967 438 1033 faces
456 968 569 1053 partim
587 968 721 1034 emissae
739 969 945 1057 excipiuntur,
964 972 1078 1057 partim
1091 971 1124 1034 vi

120 1064 279 1149 eripiuntur3
297 1073 429 1147 utraque
447 1062 530 1128 acies
549 1075 688 1128 armatur
703 1064 778 1150 igni.
815 1065 966 1150 magister
983 1066 1124 1149 equitum
1143 1087 1157 1135 r

121 1159 207 1244 etipse
218 1169 315 1224 novat
327 1181 467 1244 pugnam
476 1168 662 1242 equestrem.
690 1159 796 1224 frenos
811 1172 846 1223 ut
859 1160 1024 1224 detrahant
1034 1159 1123 1242 equis

121 1250 239 1338 inperat3
267 1254 383 1339 etipse
404 1253 549 1338 princeps
572 1253 745 1318 calcarihus
769 1252 903 1319 subditis
926 1269 1054 1317 evectus
1077 1252 1124 1317 ef-

124 1344 188 1412 freno
203 1371 283 1432 equo
300 1348 334 1412 in
351 1348 472 1413 medios
489 1348 580 1434 ignes
597 1349 742 1426 infertur,
770 1360 801 1413 et
818 1349 871 1413 alii
889 1347 1034 1413 concitati
1052 1347 1126 1430 equi

122 1437 195 1507 libero
210 1465 303 1508 cursu
320 1442 426 1507 serunt
443 1444 579 1527 equitem
596 1444 630 1507 in
647 1443 779 1509 hostem.
807 1443 911 1530 pulvis
930 1443 1029 1508 elatus
1044 1442 1125 1507 mix-
1142 1459 1158 1509 8

124 1540 209 1619 tneque
226 1537 314 1602 fumo
332 1537 436 1602 lucem
454 1559 493 1602 ex
511 1537 609 1602 oculis
628 1539 766 1603 virorum
779 1560 993 1622 equorumque
1011 1538 1124 1602 aufert.

125 1647 231 1713 eaquae
247 1632 378 1696 militem
397 1642 548 1696 terruerat
564 1632 686 1717 species
704 1632 781 1697 nihil
799 1634 908 1697 terruit
925 1654 1034 1717 equos.
1061 1630 1126 1695 rui-

124 1742 166 1788 nae
178 1725 267 1812 igitur
284 1727 420 1792 similem
438 1738 576 1813 stragem
594 1749 700 1812 eques,
719 1750 916 1812 quacumque
934 1736 1125 1813 pervaserat,

80 1898 84 1903 ¹
124 1814 194 1884 dedit.
219 1821 336 1886 clamor
348 1821 461 1886 deinde
474 1821 587 1886 accidit
599 1844 715 1899 novus3
734 1824 788 1907 qui
802 1844 874 1887 cum
887 1833 1052 1905 utramque
1066 1820 1125 1884 mi-
1142 1839 1156 1886 9

77 1936 85 1963 ÷
123 1911 268 1981 abundem
284 1915 319 1980 in
337 1938 371 1980 se
388 1916 489 1980 aciem
505 1917 658 1994 vertisset,
677 1917 809 1983 dictator
823 1917 986 1993 exclamat,
1006 1914 1126 1997 Quinc-

77 2028 90 2095 ᾗ
125 2003 181 2072 tium
194 2009 329 2097 legatum
351 2019 383 2075 et
400 2032 474 2074 suos
493 2009 534 2075 ab
552 2022 640 2096 tergo
652 2012 781 2077 hostem
804 2013 930 2078 adortos
936 2035 945 2089 ;
968 2009 1125 2096 ipse‘red-

77 2098 93 2171 l
123 2095 249 2189 integrato
268 2104 403 2169 clamore
420 2104 514 2169 infert
532 2105 634 2170 acrius
649 2107 747 2192 signa.
776 2129 848 2171 cum
866 2108 947 2171 duae
965 2105 1048 2170 acies
1063 2105 1126 2168 duo
1146 2122 1179 2172 10

77 2174 92 2277 ᾖ
123 2190 220 2263 diversa
240 2199 359 2284 proelia
380 2199 609 2264 circumventos
631 2199 785 2266 Etruscos
808 2212 840 2265 et
867 2224 886 2266 a
907 2201 1010 2265 fronte
1033 2209 1064 2263 et
1086 2199 1127 2264 ab

77 2284 93 2397 ἱ
123 2293 190 2376 tergo
198 2304 343 2380 urgerent
350 2316 453 2376 neque
466 2295 499 2357 in
513 2304 615 2358 castra
627 2307 710 2358 retro
724 2317 826 2379 neque
834 2295 866 2358 in
876 2292 1129 2358 montes—inde

77 2394 91 2475 ,ti
121 2401 146 2446 se
162 2409 253 2454 novus
276 2389 377 2453 hostis
398 2388 555 2454 obiecerat
573 2389 691 2453 -iter
712 2388 808 2474 fugae
830 2398 914 2453 esset
936 2397 968 2452 et
989 2387 1126 2470 equitem

77 2480 92 2565 J}
119 2482 215 2559 parim
233 2482 338 2547 liberis
357 2483 453 2547 frenis
472 2482 666 2548 distulissent
684 2483 770 2568 equi,
790 2482 970 2547 Veientium
988 2482 1127 2544 maxima

77 2586 88 2655 ζ’
119 2587 173 2653 pars
191 2576 328 2642 Tiberim
346 2577 439 2641 effusi
456 2588 579 2663 petunt,
602 2577 801 2642 Fidenatium
824 2578 878 2662 qui
901 2587 1069 2662 supersunt
1087 2574 1129 2639 ad
1148 2593 1179 2642 11

118 2666 208 2735 urbem
229 2671 366 2736 Fidenas
389 2672 530 2736 tendunt.
565 2671 659 2736 infert
681 2671 813 2758 pavidos
836 2671 914 2757 suga
935 2671 969 2734 in
990 2668 1129 2733 mediam

113 2766 241 2844 caedem3
269 2765 494 2830 obtruncantur
510 2765 544 2829 in
561 2767 652 2851 ripis3
678 2767 756 2831 ahos
774 2767 808 2831 in
825 2789 941 2850 aquam
958 2762 1127 2849 conpulsos

108 2862 239 2946 gurgites
257 2859 375 2937 fernmt,
403 2861 496 2924 etiam
514 2861 630 2945 peritos
652 2862 748 2925 nandi
768 2862 922 2926 lassitudo
945 2870 976 2925 et
997 2858 1129 2923 vulnera

103 2969 130 3020 ct
137 2978 237 3041 pavor
244 2956 426 3041 degravant,
444 2956 537 3041 pauci
546 2977 586 3019 ex
595 2956 701 3020 multis
711 2967 845 3021 tranant.
869 2956 1001 3020 alterum
1011 2975 1128 3040 agmen

99 3049 197 3115 fertur
212 3072 269 3135 per
286 3063 389 3114 castra
405 3051 439 3113 in
456 3049 575 3114 urbem.
603 3052 713 3115 eadem
731 3064 762 3115 et
779 3051 941 3115 Romanos
960 3061 1126 3131 sequentes

95 3141 234 3230 impetus
254 3145 350 3230 rapit,
378 3142 562 3225 Quinctium
583 3145 720 3208 maxime
742 3155 774 3208 et
796 3166 868 3208 cum
896 3165 932 3207 ec
959 3143 1128 3225 degressis
1148 3159 1179 3207 12

89 3239 192 3306 modo
215 3239 254 3304 de
277 3237 449 3316 montibus,
477 3240 728 3303 recentissimum
754 3239 795 3303 ad
820 3237 961 3302 laborem
988 3234 1129 3312 militem,

84 3337 169 3422 quia
185 3333 299 3398 ultimo
317 3332 435 3418 proelio
454 3333 630 3397 advenerat.

155 3427 356 3494 XXXHIL
391 3426 438 3490 Hi
460 3438 628 3511 postquam
650 3427 738 3491 mixti
760 3425 904 3491 hostibus
930 3434 1054 3512 portam
1080 3423 1162 3492 in·1

81 3533 230 3599 trevere,
248 3522 282 3584 in
299 3544 405 3586 muros
425 3522 562 3586 evadunt
580 3522 708 3605 suisque
727 3523 809 3607 capti
827 3521 934 3608 oppidi
949 3522 1075 3608 signum
1089 3541 1129 3582 ex

79 3639 185 3687 muro
211 3615 333 3680 tollunt.
378 3617 463 3699 quod
485 3615 539 3681 ubi
562 3617 694 3681 dictator
712 3618 875 3702 conspexit
896 3655 938 3664 -
959 3617 1023 3681 iam
1046 3615 1164 3682 enimc

77 3729 117 3784 et
137 3715 216 3800 ipsc
234 3711 268 3775 in
286 3711 410 3776 deserta
426 3711 564 3775 hostium
587 3727 689 3776 castra
710 3724 927 3797 penetraverat
944 3751 986 3760 —-
1005 3711 1132 3795 cupien-

78 3819 156 3879 tem
176 3806 313 3872 militem
330 3807 503 3870 discurrere
521 3807 562 3870 ad
584 3808 732 3892 praedam
751 3830 807 3893 spe
825 3809 938 3873 iniecta
955 3807 1081 3871 maioris
1098 3806 1132 3868 in

79 3906 172 3971 urhe
192 3901 330 3988 praedae
347 3902 388 3965 ad
406 3919 528 3986 portam
545 3902 631 3966 ducit
647 3914 854 3987 receptusque
872 3904 953 3967 intra
975 3921 1080 3963 muros
1098 3897 1132 3960 in

78 4021 213 4074 arcem,
234 4017 297 4080 quo
314 4018 404 4061 ruere
422 3996 611 4083 fugientium
628 3997 752 4062 turbam
768 3997 905 4075 videbat,
924 3996 1036 4082 pergit.
1072 4005 1167 4056 nect

144 4115 200 4159 aaa
215 4114 258 4158 vot.
269 4114 285 4158 1.
925 4095 959 4147 15
