2566 4524
349 220 468 275 niusa
486 221 515 291 1,
534 222 574 275 13.
584 221 626 276 14
647 225 686 290 [a.
698 221 887 291 orsa-ni]
1089 211 1129 274 17

94 403 189 444 mam.
227 379 272 443 ita
289 377 448 464 geminata
464 378 556 456 urbe,
579 387 615 442 ut
634 375 761 444 Sabinis
780 390 886 444 tamen
903 379 1022 464 aliquid
1039 381 1129 444 dare·
1147 399 1162 446 5

95 487 152 552 tur,
165 472 308 556 Quirites
319 469 482 537 aCuribus
492 470 649 557 appellati
667 484 905 538 monumentum
915 474 982 539 eius
991 496 1127 560 pugnae,

95 568 149 633 ubi
170 567 311 653 primum
335 587 375 631 ex
396 565 554 651 profunda
570 588 711 632 emersus
729 568 844 652 palude
863 591 980 652 equum
999 567 1127 634 Curtius

100 663 133 726 in
150 661 233 725 vado
253 659 375 738 statuit,
396 657 541 724 Curtium
559 659 662 724 lacum
680 661 884 747 appellarunt.

158 754 214 819 Ex
231 753 316 818 bello
335 764 399 818 tam
416 753 498 819 tristi
515 753 599 818 laeta
615 765 741 840 repente
759 779 823 841 pax
841 757 975 821 cariores
993 754 1127 821 Sabinas
1147 775 1161 822 6

95 848 167 912 viris
187 870 227 912 ac
243 847 425 932 parentibus
445 857 476 912 et
493 857 565 912 ante
584 870 692 912 omnes
710 849 847 915 Romulo
869 850 931 936 ipsi
952 850 1035 914 fecit.
1072 850 1130 914 ita-

95 965 169 1027 que,
198 965 273 1007 eum
298 942 451 1028 populum
477 942 512 1007 in
537 943 639 1007 curias
662 943 789 1029 triginta
810 944 976 1021 divideret,
1003 945 1130 1008 nomina

96 1060 204 1102 earnm
224 1037 318 1101 curiis
348 1036 496 1121 inposuit.
532 1037 565 1100 id
582 1060 646 1101 non
664 1039 808 1115 traditur,
833 1061 905 1103 cum
927 1039 1004 1104 haut
1034 1038 1162 1105 dubie?

95 1131 255 1215 aliquanto
274 1153 423 1195 numerus
441 1131 541 1195 maior
558 1131 618 1196 hoc
640 1128 805 1195 mulierum
829 1133 935 1210 fuerit,
964 1144 1066 1198 aetate
1088 1156 1130 1197 an

95 1224 301 1312 dignitatibus
321 1225 386 1289 suis
404 1224 582 1289 virorumve
601 1249 641 1289 an
660 1239 742 1290 sorte
759 1226 858 1290 lectae
877 1227 951 1304 sint,
975 1249 1055 1311 quae
1072 1250 1129 1291 no-

95 1320 180 1383 mina
197 1318 293 1384 curiis
312 1319 430 1383 darent.

158 1413 285 1478 Eodem
309 1424 447 1499 tempore
470 1424 501 1478 et
518 1414 675 1478 centuriae
693 1423 756 1479 tres
775 1415 915 1498 equitum
934 1416 1128 1501 conscriptae
1146 1431 1162 1479 8

95 1518 181 1574 sunt:
208 1508 407 1573 Ramnenses
430 1508 470 1573 ab
487 1508 637 1585 Romulo,
662 1508 701 1573 ab
720 1509 758 1574 Τ.
778 1508 871 1575 Tatio
894 1509 1051 1575 Titienses
1075 1533 1130 1596 ap-

94 1601 215 1688 pellati,
243 1602 406 1667 Lucerum
427 1602 562 1668 nominis
590 1612 621 1666 et
647 1603 775 1690 originis
804 1626 899 1668 causa
925 1605 1043 1669 incerta
1070 1613 1128 1668 est

94 1697 166 1762 inde
184 1719 251 1760 non
267 1697 361 1761 modo
380 1719 555 1774 commune,
576 1697 632 1762 sed
650 1719 780 1763 concors
795 1699 889 1762 etiam
902 1721 1034 1784 regnum
1050 1700 1128 1763 duo-

94 1791 152 1856 bus
171 1791 301 1877 regibus
321 1791 389 1855 fuit.

156 1886 277 1950 XIIII.
304 1885 384 1952 Post
401 1887 520 1970 aliquot
537 1910 636 1952 annos
654 1888 821 1973 propinqui
839 1888 922 1974 regis
942 1887 1025 1951 Tatii
1042 1886 1129 1972 lega
1148 1912 1162 1958 1

95 1991 144 2046 tos
160 1981 373 2045 Laurentium
390 1981 530 2066 pulsant,
554 2003 687 2065 eumque
705 1983 883 2046 Laurentes
901 1982 968 2046 iure
986 1981 1128 2067 gentium

96 2085 238 2162 agerent,
261 2076 345 2161 apud
363 2075 491 2140 Tatium
509 2077 611 2163 gratia
629 2099 757 2142 suorum
775 2087 806 2141 et
823 2099 932 2161 preces
950 2076 1021 2161 plus
1039 2087 1129 2160 pote-

93 2181 172 2235 rant.
210 2170 307 2255 igitur
332 2170 456 2235 illorum
482 2193 617 2256 poenam
642 2171 675 2235 in
703 2175 748 2236 se'
763 2172 868 2236 vertit:
900 2195 973 2235 nam
999 2170 1161 2248 Lavinia

96 2287 167 2328 cum
191 2266 233 2328 ad
256 2265 407 2331 sollemne
429 2266 616 2331 sacrificium
639 2288 676 2331 eo
695 2267 847 2344 venisset,
872 2289 1025 2331 concursu
1043 2268 1128 2332 facto

96 2359 289 2424 interficitur.
326 2383 396 2425 eam
413 2383 480 2425 rem
496 2361 601 2425 minus
620 2383 714 2447 aegre
732 2383 828 2444 quam
845 2361 975 2447 dignum
995 2372 1061 2425 erat
1079 2372 1128 2425 tu·
1148 2385 1161 2430 3

96 2454 170 2520 lisse
194 2454 367 2520 Romulum
390 2455 508 2533 feumt,
537 2479 594 2521 seu
617 2455 657 2520 ob
681 2455 810 2519 infidam
833 2456 1013 2520 societatem
1040 2458 1130 2541 regni

93 2571 151 2614 seu
169 2550 247 2633 quia
264 2548 340 2614 haut
365 2549 478 2616 iniuria
496 2573 623 2615 caesum
642 2549 797 2615 credebat.
838 2550 943 2633 itaque
961 2549 1043 2614 bello
1062 2550 1131 2632 qui-

95 2644 168 2708 dem
195 2643 361 2723 abstinuit3
389 2655 425 2709 ut
446 2655 552 2710 tamen
574 2647 773 2731 expiarentur
797 2645 972 2731 legatorum
998 2645 1129 2708 iniuriae

94 2739 243 2825 regisque
263 2741 389 2817 caedes,
408 2740 520 2805 foedus
539 2741 619 2805 inter
632 2741 767 2805 Romam
781 2742 1015 2824 Laviniumque
1034 2739 1128 2803 urbes

95 2842 281 2897 renovatum
300 2843 357 2898 est.

157 2925 205 2991 Et:
231 2948 304 2991 cum
329 2927 379 2992 his
401 2929 528 3011 quidem
549 2929 709 3014 insperata
728 2928 793 3015 par
816 2938 895 2993 erat:
922 2929 1008 2992 aliud
1029 2927 1128 2992 multo
1147 2947 1163 2993 4

96 3021 227 3106 propius
245 3030 339 3104 atque
356 3022 390 3086 in
407 3022 485 3108 ipsis
502 3045 601 3110 prope
619 3024 717 3109 portis
736 3023 854 3088 bellum
878 3033 990 3087 ortum.
1035 3022 1129 3086 Fide-

96 3126 185 3180 nates
203 3115 298 3179 nimis
316 3116 435 3181 vicinas
453 3139 550 3203 prope
565 3141 599 3183 se
614 3118 831 3183 convalescere
845 3139 920 3203 opes
934 3117 1007 3193 rati,
1027 3117 1131 3200 prius·
1184 3142 1186 3145 ·

96 3231 191 3293 quam
216 3219 338 3274 tantum
359 3210 480 3276 roboris
499 3221 596 3289 esset,
620 3224 771 3295 quantum
789 3212 931 3276 futurum
949 3210 1128 3295 apparebat,

97 3313 252 3389 occupant
270 3302 389 3368 bellum
411 3305 524 3371 facere.
561 3307 723 3371 iuventute
742 3317 861 3370 armata
871 3306 1009 3370 immissa
1026 3316 1131 3368 vasta-

98 3407 145 3463 tur
161 3397 233 3485 agri
251 3399 338 3481 quod
355 3399 435 3464 inter
451 3400 561 3466 urbem
580 3423 618 3464 ac
630 3401 767 3466 Fidenas
782 3412 839 3466 est.
867 3401 939 3465 inde
953 3401 993 3463 ad
1007 3399 1130 3464 laevam
1149 3420 1164 3465 5

99 3493 186 3570 versi,
207 3492 285 3575 quia
299 3493 409 3559 dextra
419 3493 543 3559 Tiberis
559 3494 693 3572 arcebat,
714 3519 785 3559 eum
800 3519 915 3581 magna
924 3495 1130 3579 trepidatione

97 3587 270 3673 agrestium
287 3587 485 3674 populantur,
505 3590 719 3674 tumultusque
737 3614 849 3676 repens
869 3613 908 3654 ex
927 3590 1010 3675 agris
1028 3590 1061 3652 in
1079 3612 1131 3653 ur·

98 3679 164 3747 bem
174 3682 292 3748 inlatus
310 3704 369 3768 pro
386 3683 496 3748 nuntio
509 3684 578 3747 fuit.
607 3685 727 3749 excitus
741 3685 911 3761 Romulus,
930 3706 1031 3767 neque
1046 3684 1130 3747 enim
1149 3703 1163 3750 6

97 3775 279 3842 dilationem
304 3777 371 3862 pati
398 3789 463 3843 tam
490 3779 628 3842 vicinum
654 3779 771 3844 bellum
794 3790 929 3865 poterat,
959 3779 1130 3842 exercitum

97 3870 212 3947 educit,
238 3881 344 3936 eastra
361 3896 381 3937 a
397 3872 527 3938 Fidenis
545 3873 629 3938 mille
647 3896 799 3958 passuum
816 3873 908 3937 locat.
944 3871 988 3936 ibi
1007 3871 1130 3934 modico
1150 3889 1163 3935 7

98 3966 251 4048 praesidio
269 3965 380 4033 relicto
399 3990 547 4055 egressus
566 3968 711 4033 omnibus
730 3969 828 4054 copiis
847 3977 968 4053 partem
986 3966 1129 4041 militum,

148 4083 198 4128 ttae
212 4082 287 4130 vob!-
942 4066 959 4120 2
