2566 4524
147 249 214 317 306
428 260 544 316 LIBER
561 260 616 332 VI,
635 260 660 316 1.
674 260 698 315 2.
719 263 756 330 [a.
765 277 792 315 u.
804 278 827 315 c.
836 261 902 332 365]

148 421 183 488 in
203 420 423 504 insequentem
445 442 563 486 annum
584 417 726 485 tribunos
749 418 880 498 habere,
908 443 1043 506 quorum
1064 425 1120 492 in]

147 511 283 605 'gistratu
300 523 393 602 capta
408 513 485 581 urbs
504 523 602 592 esset,
621 535 684 579 non
698 514 829 600 placuit:
847 536 899 580 res
914 517 954 582 ad
966 516 1120 608 interrege

115 611 248 682 crediit.
281 632 354 676 cum
372 608 481 674 civitas
499 609 533 672 in
551 629 646 694 opere
663 630 701 674 oc
717 607 825 674 labore
842 610 976 677 adsiduo
994 613 1120 680 reficien

147 703 236 770 urbis
259 714 431 781 teneretur,
457 701 584 768 interim
603 699 645 785 Q.
663 701 779 781 Fabio,
807 703 901 768 simul
921 705 1061 791 primum
1082 734 1120 776 ms

149 810 249 866 stratu
266 798 356 878 abiit,
379 798 420 865 ab
439 796 499 865 Cn.
518 796 642 863 Marcio
659 797 786 864 tribuno
802 797 904 884 plebis
924 800 1009 867 dicto
1031 803 1099 869 dies

148 894 235 980 quod
261 892 414 981 (legatus)
440 893 473 957 in
497 889 621 970 Gallos,
655 891 696 956 od
721 914 801 977 quos
828 893 947 961 missus
974 906 1042 961 erat
1068 920 1120 964 ora

86 1034 89 1039 ·
116 1011 131 1059 r
149 998 260 1055 contra
274 987 324 1055 ius
337 986 479 1078 gentium
492 996 676 1075 pugnasset.
704 987 755 1052 eui
771 986 888 1054 iudicio
906 1010 980 1055 eum
998 1014 1120 1057 morsa

148 1093 317 1173 oportuno,
334 1094 371 1150 ut
387 1082 597 1149 voluntariam
613 1104 731 1170 magna
747 1103 821 1168 pars
840 1085 995 1165 crederet,
1015 1085 1120 1154 subtra

113 1202 130 1252 8
146 1182 362 1270 interregnum
378 1179 506 1245 initum:
532 1177 571 1244 P.
592 1177 758 1245 Cornelius
778 1174 886 1266 Scipio
903 1180 1043 1249 interrex
1060 1192 1120 1270 etp

148 1299 222 1345 eum
234 1275 282 1343 M.
295 1274 413 1342 Fruius
428 1272 593 1341 Camillus.
620 1273 734 1339 iterum
746 1273 774 1339 is
793 1273 935 1341 tribunos
953 1277 1088 1343 militum
1105 1300 1120 1344 c

148 1373 245 1439 soleri
271 1378 426 1458 potestate
453 1376 551 1434 creat:
577 1368 620 1433 L.
643 1366 809 1433 Valerium
830 1367 1030 1436 Publicolam
1056 1372 1120 1437 iton

146 1467 190 1534 1..
199 1465 401 1553 Verginium,
420 1463 458 1528 P.
475 1461 671 1540 Cornelium,
692 1461 732 1526 A.
747 1460 919 1542 Manlium,
937 1464 980 1529 L.
994 1463 1120 1531 Aemilir

147 1562 189 1628 L.
208 1559 420 1626 Postumium.

113 1675 129 1725 s
211 1653 259 1722 Hi
276 1677 317 1721 ex
333 1653 513 1742 interregno
531 1669 603 1720 cum
620 1651 779 1739 extemplo
796 1652 1018 1740 magistratum
1035 1655 1120 1723 inisst

146 1751 234 1819 nulla
247 1751 287 1817 de
300 1770 334 1816 re
347 1749 435 1836 prius
448 1772 544 1835 quam
553 1749 597 1814 *de
609 1746 814 1835 religionibus
828 1757 974 1814 senatum
983 1751 1120 1816 consulut

98 1867 131 1916 10
147 1846 181 1912 in
203 1845 313 1931 primis
335 1844 464 1910 foedera
485 1843 628 1929 seleges
647 1878 690 1892 --
708 1851 796 1908 eront
813 1851 921 1908 autem
939 1864 995 1910 eae
1013 1846 1120 1911 duodet

147 1940 274 2007 tabulae
292 1949 324 2006 et
341 1939 497 2023 quaedam
514 1939 619 2025 regiae
637 1938 725 2026 leges
743 1976 786 1988 -
804 1939 946 2024 conquiri
962 1960 1046 2025 quoe
1064 1963 1120 2008 con

147 2043 252 2102 rcrent
272 2034 441 2099 iusserunt.
477 2033 539 2098 alia
561 2032 664 2099 exeis
683 2034 766 2098 edita
783 2034 879 2099 etiam
895 2035 929 2098 in
945 2034 1060 2122 volgus
1066 2061 1076 2115 3
1097 2059 1120 2121 qr

149 2138 255 2196 autem
273 2129 314 2194 ad
332 2149 421 2194 sacra
433 2127 644 2215 pertinebant,
663 2152 683 2193 a
695 2127 895 2215 pontificibus
909 2130 1061 2208 maxime,
1079 2139 1112 2194 ut

147 2225 264 2313 ligione
278 2223 445 2290 obstrictos
457 2222 610 2289 haberent
622 2223 830 2289 multitudinis
846 2224 978 2302 animos,
998 2248 1120 2312 suppres

98 2342 128 2390 11
148 2331 216 2386 turn
238 2321 278 2386 de
300 2318 411 2386 diebus
434 2318 589 2406 religiosis
612 2319 724 2404 agitari
747 2328 907 2405 coeptum,
935 2320 1083 2405 diemque
1104 2344 1120 2385 a

149 2418 233 2484 diem
250 2438 292 2481 xv
321 2415 384 2480 kal.
401 2413 538 2481 Sextiles
557 2413 673 2500 duplici
692 2413 780 2479 clade
797 2414 969 2500 insignem,
989 2437 1051 2499 quo
1070 2416 1116 2479 die

150 2511 333 2579 Cremeram
350 2509 443 2576 Fabii
465 2509 563 2586 caesi,
586 2530 650 2592 quo
672 2508 785 2593 deinde
807 2509 848 2573 ad
865 2507 974 2572 Aliam
993 2531 1066 2573 cum
1084 2532 1120 2572 ex:

148 2606 235 2672 urbis
254 2606 347 2671 soede
364 2613 554 2690 pugnatum,
574 2626 593 2668 a
609 2603 781 2687 posteriore
795 2602 883 2668 clade
893 2601 1058 2668 Aliensem
1072 2625 1120 2688 app

147 2701 254 2766 larunt
264 2699 483 2785 insignemque
496 2698 542 2762 rei
555 2697 670 2762 nullius
680 2696 805 2783 publice
814 2697 1024 2783 privatimque
1038 2720 1120 2785 agent

98 2815 131 2862 12
149 2794 300 2860 fecerunt.
337 2792 479 2877 quidam,¹
502 2792 587 2876 quod
608 2792 759 2877 postridie
780 2792 853 2856 idus
872 2790 1042 2874 Quinctilio
1061 2815 1119 2858 non

149 2898 248 2955 tasset
257 2886 418 2973 Sulpicius
433 2886 575 2953 tribunus
590 2887 724 2951 militum
737 2908 839 2970 neque
852 2886 981 2953 inventa
992 2909 1071 2973 pace
1082 2888 1120 2952 de

149 2992 222 3071 poet
239 2983 323 3048 diem
340 2982 466 3047 tertium
484 2981 625 3048 obiectus
643 2981 727 3047 hosti
740 2982 895 3047 exereitus
905 2982 1070 3049 Romanus
1083 3002 1120 3048 est

150 3078 244 3145 etiam
257 3078 406 3164 postridie
420 3078 490 3143 idus
504 3076 600 3143 rebus
613 3077 728 3142 divinis
743 3077 941 3162 supersederi
953 3077 1085 3156 iussum,
1102 3076 1120 3140 ir

148 3183 184 3240 ut
205 3173 355 3260 postridie
376 3173 439 3239 kat.
467 3195 593 3257 quoque
620 3194 657 3237 ao
682 3195 781 3238 nonas
809 3173 919 3237 eadem
946 3172 1058 3260 religio
1083 3192 1120 3237 est

149 3270 297 3334 traditum
314 3278 435 3354 putant.

116 3383 130 3430 1
213 3363 259 3428 II.
298 3362 365 3427 Nec
387 3364 442 3426 diu
463 3362 551 3427 licuit
573 3362 687 3446 quietis
710 3361 840 3427 consilia
861 3361 1030 3447 erigendae
1053 3369 1120 3426 ext

115 3473 131 3522 2
149 3456 240 3543 gravi
254 3479 329 3521 casu
341 3456 544 3541 reipublicae
558 3478 666 3522 secum
681 3455 807 3543 agitare.
835 3455 909 3520 hinc
917 3454 1038 3533 Volsci,
1056 3463 1120 3519 vete

149 3551 271 3628 hostes,
291 3551 332 3615 ad
345 3551 591 3638 extinguendum
602 3572 718 3616 nomen
726 3550 905 3616 Romanum
919 3573 1009 3615 arms.
1020 3568 1120 3635 cepero

148 3645 223 3710 hino
231 3645 376 3711 Etruriae
389 3647 566 3732 principum
580 3669 620 3712 ex
633 3646 781 3711 omnibus
792 3645 919 3732 populis
934 3645 1120 3710 coniuration

149 3740 189 3805 de
211 3739 294 3805 bello
317 3740 357 3804 ad
378 3741 488 3805 fanum
505 3739 696 3807 Voltumnae
714 3741 830 3805 factam
848 3749 1038 3806 mercatores
1056 3737 1120 3803 odie

114 3854 130 3904 a
148 3833 239 3913 bant3
257 3850 357 3900 novus
371 3857 497 3920 quoque
511 3845 608 3901 terror
621 3845 796 3902 accesserat
806 3834 1120 3900 delectioneLatinon

148 3927 435 4013 Hernicorumque,
455 3929 509 4014 qui
526 3939 598 4016 post
616 3953 756 4018 pugnarn
771 3930 812 3994 ad
823 3929 929 3994 lacum
938 3921 1120 4016 Reginuml

64 4091 72 4098 ,
148 4033 212 4091 tarn
234 4047 291 4110 per
312 4047 411 4091 annos
434 4047 531 4111 prope
555 4036 680 4090 centum
703 4047 875 4109 numquam
897 4023 1046 4110 ambigna
1062 4017 1118 4084 fide
