2566 4524
343 234 462 289 crosa
478 233 506 303 1,
524 233 569 287 so,
583 233 626 288 ιι.
645 236 684 302 [a.
694 231 724 288 o.
731 231 883 303 ssa-510]
1086 223 1130 290 53

98 414 291 480 quamquam
311 412 352 457 ne
375 389 569 474 sicquidem
591 389 798 477 alienigenae,
826 389 955 470 debere3
981 391 1032 457 sin
1053 412 1128 459 suos

97 490 165 556 eius
192 485 367 573 paeniteat,
398 485 515 569 quippo
541 483 596 567 qui
622 483 675 547 alii
700 505 798 569 super
821 484 899 549 aiios
926 486 1163 565 trucidentur-,a

97 583 260 648 exulmum
277 589 363 656 eant,
389 579 534 643 arnittant
551 577 648 655 bona,
671 578 747 661 quid
764 579 833 664 spei
850 579 986 646 melioris
1004 581 1129 646 Latinis

96 673 261 762 portendi?
282 673 310 737 si
328 694 363 737 se
380 672 521 749 audiant,
544 672 674 735 domum
692 694 781 735 suam
799 694 956 757 quemque
973 674 1046 738 inde
1064 675 1130 741 nbi-

97 783 183 834 turos
201 787 307 849 nequo
323 765 425 852 magis
444 765 664 831 observaturos
687 764 771 829 diem
794 767 917 831 concilii
933 789 1029 852 quam
1050 769 1129 856 ipse,

96 862 149 948 qni
167 859 326 936 indixerit,
345 859 501 925 observet

159 954 255 1020 Haec
277 967 371 1036 atque
392 953 453 1018 alia
474 952 586 1017 eodem
607 953 796 1038 pertinentia
818 954 985 1021 seditiosus
1009 954 1163 1023 facino-t

94 1071 252 1133 rususque
270 1048 365 1113 homo
381 1048 483 1131 iisque
502 1046 621 1112 artibus
639 1070 715 1134 opes
734 1049 820 1114 domi
841 1060 952 1114 nactus
975 1071 1047 1116 cum
1065 1074 1132 1117 ma-

96 1144 180 1211 xime
207 1142 390 1219 dissereret,
418 1141 584 1206 intervenit
606 1141 807 1226 Tarquinius.
847 1144 875 1208 is
902 1144 972 1209 finis
1000 1147 1131 1211 orationi

98 1239 164 1304 fuit.
202 1236 307 1302 aversi
328 1258 437 1302 omnes
459 1236 501 1300 ad
518 1235 727 1318 Tarquinium
750 1237 964 1316 seruandum,
992 1240 1061 1323 qui,
1088 1240 1164 1308 sis

69 1342 71 1351 '
100 1332 194 1396 lentio
209 1331 306 1407 facto,
325 1331 462 1395 monitus
480 1353 500 1394 a
516 1331 692 1414 proxumis,
711 1340 746 1394 ut
762 1341 912 1417 purgaret
930 1353 978 1409 se,
997 1333 1132 1415 quodid

73 1466 76 1473 ·
102 1426 247 1510 temporis
274 1425 426 1502 venisset,
459 1424 699 1510 disceptatorem
732 1425 776 1489 ait
803 1447 837 1490 se
865 1436 1024 1511 sumptum
1049 1427 1132 1492 inter

69 1530 77 1599 ξ,
103 1531 217 1604 patrem
237 1528 269 1583 et
286 1517 399 1596 filium,
424 1540 498 1584 cura
514 1519 736 1583 reconciliandi
754 1538 808 1584 eos
825 1520 859 1583 in
876 1521 1010 1608 gratiam
1028 1543 1131 1585 mora·

69 1636 71 1643 ·
103 1623 163 1678 tum
181 1634 254 1679 esse
277 1622 322 1690 et,
349 1612 424 1696 quia
445 1634 483 1677 ea
504 1633 555 1677 res
577 1613 746 1677 exemisset
768 1613 857 1676 illum
879 1614 977 1692 diem,
1004 1624 1131 1700 postero

104 1707 146 1771 die
164 1718 324 1783 acturum,
347 1727 429 1789 quae
446 1705 669 1771 constituisset.
705 1706 796 1770 naid
814 1707 941 1791 quidem
963 1707 1002 1772 ab
1022 1707 1130 1774 Turno
1149 1731 1163 1780 9

102 1800 207 1867 tulisse
216 1800 348 1865 tacitum
357 1800 477 1878 ferunt3
496 1799 614 1863 dixisse
628 1799 721 1876 enim,
739 1799 857 1863 nullam
871 1800 1046 1865 breviorem
1059 1824 1130 1867 esse

103 1894 311 1980 cognitionem
324 1915 417 1976 quam
426 1894 508 1958 inter
520 1903 642 1979 patrem
657 1902 688 1958 et
700 1892 800 1957 filium
812 1895 984 1978 paucisque
999 1897 1131 1983 transigi

100 1986 202 2052 verbis
220 2009 331 2072 posse:
350 1987 383 2050 ni
400 1997 508 2071 pareat
524 1987 614 2072 patri,
633 1986 814 2052 habiturum
830 1987 1035 2053 infortunium
1049 2011 1129 2055 esse.

163 2080 223 2145 LI.
254 2080 347 2146 Haec
363 2079 514 2146 Aricinus
532 2081 565 2147 in
582 2102 690 2166 regem
708 2081 888 2146 Romanum
906 2083 1071 2169 increpans
1091 2107 1131 2149 ex
1150 2107 1162 2153 1

101 2173 232 2240 concilio
248 2174 335 2239 abiit.
372 2195 467 2258 quam
488 2197 554 2239 rem
573 2175 763 2257 Tarquinius
787 2176 945 2260 aliquanto
967 2199 1062 2262 quam
1084 2179 1131 2242 vi-

98 2269 231 2335 debatur
249 2268 376 2354 aegrius
397 2267 502 2334 fereus
525 2268 691 2333 confestim
709 2267 818 2334 Turno
840 2291 949 2334 necem
971 2271 1131 2336 machina-

97 2379 162 2443 tur,
190 2372 227 2428 ut
249 2363 385 2427 eundem
406 2372 569 2440 terrorem,
597 2383 659 2445 quo
682 2362 798 2426 civium
824 2363 946 2428 animos
968 2364 1054 2427 domi
1074 2386 1132 2450 op-

96 2468 267 2545 presserat,
285 2456 411 2522 Latinis
429 2457 566 2521 iniceret.
603 2465 634 2520 et
652 2456 725 2539 quia
742 2477 799 2541 pro
816 2455 947 2541 imperio
964 2457 1069 2542 palam
1082 2458 1131 2522 in-
1148 2481 1163 2527 2

99 2551 270 2618 terficinon
284 2560 416 2636 poterat,
434 2549 540 2616 oblato
554 2549 637 2614 friso
651 2548 780 2614 crimine
793 2549 950 2614 insontem
964 2552 1129 2636 oppressit.

99 2667 153 2732 per
177 2646 333 2711 adversae
359 2644 504 2710 factionis
531 2645 685 2727 quosdam
706 2643 855 2709 Aricinos
883 2666 1008 2708 servum
1030 2645 1131 2710 Turni

104 2761 173 2806 auro
191 2740 345 2824 corrupit,
372 2741 406 2804 in
427 2738 641 2804 deversorium
663 2738 731 2803 eius
753 2738 818 2803 vim
840 2762 988 2826 magnam
1010 2740 1132 2827 gladio-

101 2856 168 2899 rum
184 2834 297 2899 inferri
315 2834 396 2898 clam
415 2833 539 2897 sineret.
576 2855 613 2897 ea
631 2854 703 2897 cum
721 2856 785 2897 una
806 2843 898 2898 nocte
919 2833 1059 2919 perfecta
1081 2855 1164 2904 esa

102 2937 177 3005 sent,
198 2927 392 3011 Tarquinius
404 2927 499 3011 paulo
513 2926 585 2992 ante
597 2926 701 2991 lucem
709 2927 817 2992 accitis
832 2928 872 2992 ad
890 2949 925 2993 se
937 2927 1130 3014 principibus

99 3021 289 3088 Latinorum
312 3021 403 3105 qimsi
420 3042 454 3086 re
471 3043 555 3086 nova
571 3020 784 3106 perturbatus,
810 3044 932 3086 moram
950 3044 1041 3086 suam
1057 3022 1131 3088 hes-

100 3125 237 3192 ternam,
269 3115 356 3180 velut
380 3116 511 3180 deorum
537 3115 673 3199 quadam
697 3115 892 3200 providentia
917 3114 1059 3191 inlatam,
1087 3121 1131 3180 alt

103 3208 197 3275 saluti
216 3208 275 3274 sibi
293 3218 387 3292 atque
404 3208 466 3274 illis
484 3208 593 3275 fuisse.
628 3208 668 3274 ab
682 3208 790 3272 Tnmo
809 3208 871 3271 dici
889 3207 949 3272 sibi
967 3217 997 3272 et
1014 3208 1131 3292 primo-
1146 3228 1164 3275 4

102 3302 188 3370 ribus
210 3302 400 3389 populorum
421 3303 524 3388 parari
549 3323 673 3379 necem,
700 3312 736 3365 ut
755 3302 943 3365 Latinorum
966 3300 1051 3366 solus
1073 3301 1133 3366 im-

104 3396 224 3481 perium
246 3405 360 3460 teneat.
397 3397 621 3482 adgressurum
641 3395 741 3460 fixisse
762 3395 907 3459 hesterno
930 3394 980 3459 dic
1001 3395 1035 3459 in
1056 3416 1132 3461 con-

107 3488 183 3569 cilio,
201 3488 333 3555 dilatam
349 3510 417 3555 rem
434 3511 514 3567 esse,
533 3489 618 3572 quod
636 3498 742 3554 auctor
760 3488 882 3553 concilii
895 3487 1017 3568 afuerit,
1035 3512 1131 3576 qoem

106 3584 238 3650 mammo
258 3592 390 3669 peteret.
429 3583 502 3647 inde
524 3583 610 3648 illam
633 3582 771 3647 absentis
797 3583 1033 3648 insectationem
1058 3604 1165 3653 essee

105 3687 223 3756 natam,
242 3677 330 3762 quod
345 3678 497 3745 morando
516 3700 605 3763 spem
622 3675 805 3743 destituerit.
841 3697 906 3741 non
922 3676 1080 3758 dubitare,
1104 3679 1132 3744 si

105 3792 176 3839 vera
192 3772 390 3850 deferantur,
418 3771 495 3856 quin
515 3772 616 3857 prima
637 3771 723 3849 luce,
748 3770 804 3835 ubi
826 3781 955 3835 ventum
972 3771 1005 3835 in
1027 3772 1131 3837 conci·

69 3878 72 3885 '
105 3861 179 3935 lium
196 3865 252 3945 sit,
280 3865 451 3932 iustrudus
470 3887 543 3931 oum
561 3865 792 3931 coniuratorum
812 3886 908 3930 manu
929 3875 1130 3950 armatusque

107 3971 253 4026 venturus
273 3959 323 4025 sit.
359 3959 421 4025 dici
437 3959 613 4047 gladiorum
634 3959 794 4046 ingentem
816 3980 886 4026 esse
908 3982 1071 4024 numerum
1089 3957 1130 4024 ad
1148 3977 1163 4026 6
