2566 4524
288 256 406 312 LIBER
423 256 493 327 VII,
513 256 554 310 16.
568 256 610 310 17.
629 259 668 326 [a.
678 254 866 328 0.358-356]
1030 248 1096 316 367

77 439 124 482 tua
144 415 218 502 lege
240 414 349 480 decem
369 413 497 479 milibus
520 414 600 478 aeris
623 423 672 478 est
693 414 875 494 damnatus,
901 418 987 501 quod
1009 419 1097 485 mille

77 533 211 598 ,ogerum
232 509 302 597 agri
324 532 395 575 cum
413 509 478 575 filio
495 508 670 595 possideret
688 510 976 597 emancipandoque
994 512 1093 578 filium

77 603 210 670 fraudem
227 603 292 692 legi
308 602 445 669 fecisset

128 697 244 764 XVII.
275 697 358 763 Novi
375 697 520 763 consides
537 697 625 775 inde,
643 696 691 762 M.
704 697 824 763 Fabius
838 697 1017 766 Ambustus
1035 701 1092 767 ite·
1112 725 1124 771 r

77 816 136 860 rum
157 803 189 859 et
210 792 259 859 Μ.
280 791 424 879 Popilius
446 793 575 858 Laenas
596 792 723 871 iterum,
751 793 814 858 duo
837 793 919 859 bella
944 795 1091 862 habuere.

78 887 158 953 facile
176 887 309 953 alterum
330 909 403 952 curn
421 885 621 966 Tiburtibus,
644 886 730 970 quod
746 887 874 952 Laenas
896 890 1010 975 gessit,
1037 892 1092 975 qui
1111 913 1129 960 a

79 981 157 1048 loste
177 983 213 1048 in
233 980 343 1048 urbem
366 980 516 1069 conpulso
534 1003 627 1069 agros
645 981 789 1046 vastavit.
824 982 943 1049 Falisci
960 983 1094 1069 Tarqui-

81 1078 256 1163 niensesque
274 1077 406 1142 alterum
424 1076 585 1143 consulem
602 1077 704 1163 prima
715 1100 824 1164 pugna
836 1077 993 1144 fuderunt.
1020 1081 1093 1145 inde
1112 1104 1129 1150 a

81 1179 166 1241 terror
186 1172 344 1237 maximus
365 1171 439 1250 fuit,
466 1171 552 1256 quod
574 1172 751 1238 sacerdotes
774 1195 882 1238 eorum
903 1173 1027 1239 facibus
1045 1199 1095 1239 ar-
1161 1246 1163 1250 Α

80 1264 213 1332 dentibus
244 1265 463 1354 anguibusque
497 1266 644 1352 praelatis
674 1267 801 1333 incessu
831 1267 936 1332 furiali
961 1269 1092 1333 militem

77 1357 246 1426 Romanurn
271 1360 394 1426 insueta
419 1359 624 1426 turbaverrmt
649 1361 762 1448 specie.
807 1370 838 1427 et
868 1370 936 1426 tum
966 1363 1092 1449 quidem

80 1455 153 1520 velut
169 1454 323 1542 lymphati
341 1464 372 1520 et
389 1455 511 1520 attoniti
528 1455 729 1521 munimentis
748 1456 814 1521 suis
832 1456 953 1543 trepido
967 1458 1092 1544 agmine

77 1547 256 1628 inciderunt3
274 1549 400 1627 deinde,
419 1548 475 1615 ubi
491 1549 601 1615 consul
617 1549 776 1637 legatique
793 1572 831 1615 ac
848 1550 963 1616 tribuni
980 1573 1093 1637 puero·
1112 1570 1131 1617 4

78 1666 138 1709 rum
158 1645 221 1709 ritu
240 1667 323 1709 vana
344 1642 493 1708 miracula
514 1643 658 1730 paventis
679 1643 855 1710 inridebant
876 1644 1093 1733 increpabant-

79 1759 143 1822 que,
165 1739 257 1804 vertit
277 1737 399 1804 animos
420 1746 548 1823 repente
565 1737 681 1824 pudor,
705 1746 736 1803 et
752 1738 786 1803 in
803 1760 841 1803 ea
857 1739 928 1824 ipsa
945 1760 1025 1823 quae
1043 1741 1093 1804 fu-

79 1843 179 1918 gerant
195 1833 282 1899 velut
299 1833 384 1898 caeci
401 1832 542 1898 ruebant.
570 1833 714 1898 discusso
726 1831 832 1917 itaque
845 1855 927 1899 vano
941 1833 1093 1920 adparatu
1111 1853 1129 1900 a

79 1925 204 1994 hostium
222 1950 295 1993 cum
316 1927 350 1991 in
370 1927 458 2013 ipsos
481 1937 617 1994 armatos
640 1950 674 1993 se
696 1926 888 2007 intulissent,
915 1938 1093 1994 avertenmt

79 2029 166 2088 totam
183 2022 283 2088 aciem
297 2022 473 2106 ·castrisque
491 2022 585 2087 etiam
603 2044 641 2087 eo
659 2023 710 2087 die
722 2022 827 2109 potiti,
844 2022 962 2110 praeda
974 2024 1093 2111 ingenti
1158 2038 1161 2042 ·

78 2127 157 2203 parta
178 2117 313 2182 victores
334 2126 541 2195 reverterunt,
564 2115 750 2182 militaribus
771 2117 849 2182 iocis
872 2139 944 2183 curn
962 2140 1093 2205 appara-

77 2218 136 2276 tum
151 2211 290 2276 hostiurn
307 2218 374 2274 tum
392 2233 485 2275 suum
506 2210 703 2296 increpantes
725 2232 884 2295 pavorem.
920 2213 1092 2276 concitatur
1111 2232 1128 2279 6

77 2303 180 2370 deinde
206 2326 299 2369 omne
321 2326 437 2369 nomen
456 2305 630 2370 Etruscum
652 2313 683 2368 et
705 2303 986 2388 Tarquiniensibus
1007 2305 1094 2370 Fali-

77 2399 193 2485 scisque
211 2399 344 2464 ducibus
362 2398 403 2464 ad
421 2399 537 2464 salinas
551 2397 744 2484 perveniunt
772 2397 924 2462 adversus
942 2420 1014 2462 eum
1032 2407 1094 2463 ter·

77 2515 170 2559 rorem
187 2493 320 2558 dictator
333 2489 372 2559 C.
385 2491 527 2558 Marcius
540 2491 667 2556 Rutilus
684 2491 805 2576 primus
824 2490 863 2556 de
880 2490 972 2577 plebe
991 2491 1092 2557 dictus

77 2589 253 2676 magistrum
271 2587 411 2671 equitum
428 2588 514 2652 item'
526 2587 566 2652 de
587 2586 679 2672 plebe
699 2583 737 2651 C.
756 2584 916 2650 Plautium
937 2585 1024 2650 dixit.
1060 2585 1093 2650 id
1112 2607 1127 2652 r

77 2704 147 2769 vero·
159 2682 302 2770 patribus
323 2682 489 2769 indignum
511 2681 623 2760 videri,
651 2681 745 2746 etiam
767 2681 954 2746 dictaturam
975 2681 1039 2745 iam
1060 2681 1093 2745 in

77 2777 226 2864 promisco
248 2798 334 2855 esse3
361 2775 509 2859 omnique
531 2797 591 2862 ope
608 2774 822 2861 inpediebant,
845 2797 885 2840 ne
903 2774 980 2861 quid
997 2774 1096 2840 dicta-

77 2872 127 2937 tori
144 2872 187 2936 ad
203 2870 238 2935 id
254 2868 371 2936 bellum
390 2870 608 2935 decerneretur
623 2879 833 2956 parareturve.
864 2892 902 2935 eo
918 2870 1093 2956 promptius

77 2974 183 3032 cuncta
212 2964 332 3030 ferente
364 2965 513 3030 dictatore
547 2963 682 3051 populus
712 2965 813 3030 iussit.
862 2966 1021 3052 profectus
1054 2964 1093 3030 ab
1112 2982 1128 3031 8

77 3061 146 3127 ube
168 3069 301 3145 unaque
322 3068 411 3147 parte
429 3058 553 3125 Tiberis
574 3058 694 3124 ratibus
717 3060 869 3138 exercitu,
895 3081 1094 3144 quocumque

77 3155 156 3221 lama
171 3155 310 3222 hostium
328 3154 476 3234 ducebat,
499 3153 627 3220 traiecto
645 3152 759 3219 multos
781 3154 982 3240 populatores
1004 3159 1096 3239 agro-

77 3272 138 3316 nm
157 3270 256 3338 vagos
273 3250 415 3336 palantes
437 3249 602 3336 oppressit.
638 3257 741 3312 castra
762 3269 887 3332 quoque
907 3247 1094 3333 necopinato
1113 3264 1133 3312 a

77 3345 239 3434 adgressus
266 3345 348 3432 cepit
370 3353 402 3410 et
427 3353 498 3410 octo
523 3341 651 3408 milibus
677 3341 815 3407 hostium
841 3342 955 3427 captis,
983 3340 1094 3405 ceteris

77 3450 121 3507 tut
149 3440 252 3507 caesis
275 3449 331 3507 aut
352 3463 392 3506 ex
413 3463 489 3528 agro
511 3439 656 3505 Romano
678 3437 795 3524 fugatis
823 3437 890 3502 sine
912 3437 1094 3503 auctoritate

77 3544 193 3624 patrum
209 3533 320 3621 populi
336 3533 426 3600 iussu
441 3533 653 3621 triumphavit.

131 3628 220 3714 Quia
241 3649 301 3694 nec
320 3650 378 3715 per
399 3629 582 3694 dictatorem
603 3624 762 3714 plebeium
783 3648 842 3691 nec
857 3649 915 3713 per
932 3626 1094 3691 consulem
1115 3643 1149 3690 ιο

77 3723 195 3791 >omitia
216 3722 393 3789 consulu-ia
413 3721 523 3789 haberi
538 3720 688 3788 volebant
705 3728 737 3785 et
754 3720 832 3786 alter
848 3719 959 3787 consul
975 3719 1095 3785 Fabius

77 3818 149 3886 >ello
175 3815 387 3896 retinebatur,
413 3840 464 3883 res
490 3817 532 3882 ad
556 3816 770 3902 interregnum
795 3815 884 3880 redit
923 3815 1095 3898 interreges
1116 3833 1145 3879 11

77 3911 217 3998 leinceps
240 3909 282 3994 Q.
308 3907 461 3978 Servilius
483 3910 603 3990 Ahala,
629 3908 677 3974 Μ.
699 3909 832 3988 Fabius,
861 3908 921 3975 Cn.
943 3906 1095 3982 Manlius,

77 4003 107 4074 [i.
124 4005 262 4085 Fabius,
287 4002 326 4071 O.
346 4002 520 4092 Sulpicius,
543 4005 586 4071 L.
604 4002 775 4083 Aemilius,
800 4001 841 4086 Q.
861 4000 1028 4077 Servilius,
1046 3996 1094 4061 M.
