2566 4524
330 261 449 317 aman
465 261 523 333 111,
542 262 566 316 e.
580 263 604 318 7.
624 266 661 331 [a.
672 261 771 321 caca
784 264 847 334 463]
1040 256 1099 322 131

77 419 154 502 quod
172 418 229 483 vix
241 418 394 485 Romanis
411 418 483 483 fulti
500 418 619 485 viribus
637 420 868 497 sustinuissent.
902 445 964 489 non
983 425 1099 492 diutius
1123 448 1137 495 7

77 536 101 578 se
117 515 149 579 in
161 513 306 579 Hernico
320 513 420 579 hostis
434 514 595 590 continuit,
613 514 716 601 pergit
729 515 801 579 inde
813 515 947 581 infestus
961 517 994 583 in
1008 541 1101 604 agros

77 612 232 675 Romanos
251 608 346 673 etiam
365 608 432 672 sine
445 607 518 675 belli
532 608 645 674 iniuria
658 620 806 677 vastatos.
834 611 889 676 ubi
902 634 975 677 cum
989 613 1100 683 obvius

77 725 176 780 nemo,
197 724 240 767 ne
257 701 386 767 inermis
404 701 546 784 quidem,
568 702 656 767 fieret
673 725 791 788 perque
809 705 913 771 omnia
930 728 995 770 non
1010 729 1101 792 prae-

77 797 157 861 sidiis
180 796 278 864 modo
300 797 436 873 deserta,
465 796 521 861 sed
547 796 641 861 etiam
668 797 755 863 cultu
781 800 896 884 agresti
923 800 1099 881 transirent,

77 913 240 978 pervenere
257 892 299 957 ad
316 890 441 957 tertium
457 890 595 976 lapidem
615 888 740 959 Gabina
757 893 817 960 via.
1142 956 1149 971 ,

129 985 281 1049 Mortuus
298 981 457 1049 Aebutius
480 993 547 1053 erat
564 984 727 1053 Romanus
746 987 869 1064 consul,
893 988 1014 1074 collega
1031 989 1099 1056 eius
1118 1009 1133 1057 8

77 1077 225 1149 Servilius
244 1078 410 1164 exigusin
427 1100 484 1163 spe
502 1078 644 1145 trahebat
662 1080 812 1160 animam,
832 1081 947 1145 adfecti
959 1081 1100 1167 plerique

77 1174 259 1259 principum,
279 1183 403 1258 patrum
420 1174 520 1243 maior
531 1196 620 1259 pars,
638 1175 779 1241 militaris
797 1175 864 1240 fere
881 1186 967 1244 aetas
986 1178 1098 1255 omnis,

77 1280 103 1333 ut
123 1291 188 1333 non
210 1267 307 1331 modo
328 1267 369 1335 ad
391 1267 619 1352 expeditiones,
642 1291 721 1352 quas
738 1268 773 1335 in
790 1278 877 1335 tanto
895 1270 1031 1337 tumultu
1047 1292 1098 1338 res

77 1362 231 1448 poscebat,
257 1362 314 1428 sed
331 1362 385 1429 vix
402 1364 444 1431 ad
461 1363 583 1447 quietas
601 1364 751 1431 stationes
771 1364 888 1429 viribus
907 1365 1097 1433 sufficerent

77 1478 182 1522 nunus
201 1456 381 1542 vigiliarum
398 1468 572 1535 senatores,
592 1458 646 1541 qni
662 1480 719 1543 per
737 1468 871 1523 aetatem
889 1481 926 1527 ac
944 1459 1098 1529 valetudi-
1117 1479 1131 1526 9

77 1573 140 1618 uem
156 1559 314 1635 poterant,
333 1573 389 1635 per
406 1551 515 1636 seipsi
528 1550 670 1629 obibant,
689 1552 861 1619 circumitio
875 1575 912 1617 ae
926 1575 1000 1622 cura
1013 1555 1099 1623 aedi-

77 1646 143 1714 inm
160 1645 248 1731 plebi
265 1657 345 1723 eratr
367 1646 409 1714 ad
426 1668 481 1713 ecs
500 1668 624 1714 summa
640 1668 745 1711 rerum
763 1669 800 1716 ac
818 1647 965 1716 maiestas
984 1671 1098 1719 consu.

77 1741 138 1807 aris
156 1739 282 1824 imperii
299 1749 436 1808 venerat.

128 1833 207 1899 VII.
234 1833 372 1902 Deserta
385 1834 499 1911 omnia,
519 1833 586 1899 sine
600 1834 710 1920 capite,
730 1834 796 1899 sine
810 1833 938 1911 viribus,
954 1834 1096 1919 diiprae·
1115 1856 1128 1900 1

77 1929 149 1994 rides
166 1950 207 1995 ac
224 1927 351 1996 fortuna
367 1927 453 1998 urbis
472 1937 572 1995 tutata
589 1938 649 2006 est,
674 1950 755 2011 quae
771 1927 898 1995 Volscis
910 1927 1097 2013 Aequisque

77 2023 258 2108 praedonum
275 2023 379 2107 potius
397 2034 534 2091 mentem
547 2045 642 2106 quam
652 2022 793 2092 hostium
801 2023 900 2091 dedit:
920 2025 998 2090 adeo
1012 2025 1096 2091 enim
1114 2041 1129 2087 2

77 2116 185 2185 sullam
201 2139 292 2202 spem
309 2139 373 2185 non
388 2117 532 2202 potiundi
549 2119 657 2195 modo,
682 2119 738 2187 sed
755 2141 795 2187 nc
813 2119 950 2187 adeundi
967 2120 1096 2203 quidem

77 2210 210 2277 Romana
227 2210 351 2279 moenia
368 2211 490 2278 animus
509 2233 616 2282 eorum
631 2213 727 2296 cepit,
748 2221 891 2296 tectaque
904 2215 1013 2297 procul
1027 2215 1097 2282 visa

77 2315 158 2389 itque
179 2305 367 2371 inminentes
390 2305 502 2373 tumuli
524 2315 663 2375 avertere
681 2315 802 2373 mentes
821 2328 942 2383 eorum,
965 2317 1001 2373 ut
1021 2309 1094 2375 totis
1114 2321 1128 2368 a

77 2399 183 2484 >nnn
202 2399 312 2465 castris
330 2395 457 2466 fremitu
474 2410 554 2478 orto,
573 2400 650 2484 quid
662 2400 695 2465 in
712 2409 801 2465 vasto
820 2422 857 2467 ac
875 2401 998 2468 deserto
1017 2425 1095 2487 agro

77 2504 143 2565 nter
169 2492 277 2564 tabem
302 2516 451 2579 pecorum
476 2494 701 2578 hominumque
728 2494 853 2564 desides
881 2495 948 2561 sine
978 2496 1096 2579 praeda

77 2603 189 2675 empus
216 2597 364 2667 tererent,
392 2611 465 2658 cum
485 2589 608 2676 integra
628 2589 712 2667 loca,
741 2588 957 2659 Tusculanum
984 2611 1104 2674 agrum.

77 2683 205 2769 nmmum
227 2683 325 2769 copiis
343 2692 449 2768 petere
466 2693 609 2769 possent,
634 2683 725 2769 signa
741 2693 869 2769 repente
887 2682 1096 2752 convellerent

77 2776 314 2860 ransversisque
330 2775 493 2845 itineribus
510 2799 567 2862 per
581 2776 763 2846 Labicanos
782 2797 875 2863 agros
893 2776 926 2841 in
940 2775 1094 2845 ursona

77 2894 120 2940 ιω
132 2871 231 2943 eolles
245 2871 420 2941 transirent.
447 2893 485 2937 eo
497 2870 545 2937 vis
560 2872 661 2939 omnis
680 2881 911 2961 tempestasque
928 2869 1004 2940 belli
1021 2893 1095 2937 con·
1113 2892 1130 2939 4

77 2988 156 3035 ωε
172 2976 230 3034 est
266 2965 390 3035 interim
407 2965 539 3032 Hernici
555 2965 741 3051 Latinique,
764 2965 884 3050 pudore
903 2965 1011 3042 etiam,
1030 2988 1093 3035 non

77 3059 277 3127 nisedcordia
299 3060 401 3127 salum
423 3059 514 3137 moti,
541 3058 569 3123 si
586 3080 645 3128 nec
662 3057 857 3125 obstitissent
874 3056 1093 3127 communibus

77 3151 210 3221 rosfibus
228 3154 345 3223 infesto
367 3153 493 3241 agmine
510 3153 687 3221 Romanam
710 3151 821 3219 urbem
837 3150 1016 3236 petentibus
1034 3173 1093 3219 nec

77 3271 157 3335 rpem
174 3247 270 3317 ullam
287 3247 426 3319 obsessis
441 3247 534 3317 sociis
547 3247 678 3323 ferrent,
697 3245 862 3311 coniuncto
876 3243 1015 3311 exercitu
1028 3244 1093 3311 Rc-

77 3367 146 3415 mm
163 3353 310 3431 pergunt.
340 3343 397 3413 ubi
413 3365 485 3409 oum
503 3342 603 3410 hostis
621 3364 684 3410 non
701 3339 908 3416 invenissent,
928 3338 1027 3405 secuti
1045 3338 1093 3405 fa-
1113 3352 1128 3399 5

77 3460 146 3506 nam
163 3460 202 3506 ac
219 3437 354 3526 vestigia
371 3436 456 3505 obvii
473 3436 553 3504 fiunt
570 3433 832 3503 descendentibus
851 3431 891 3502 ab
910 3431 1094 3500 Tusculano

77 3532 269 3602 nAlbnnam
286 3532 409 3602 vallem.
435 3531 481 3601 ibi
496 3531 743 3613 haudquaquam
760 3549 860 3610 aequo
878 3527 997 3612 proelio
1013 3549 1094 3614 pug-

77 3640 169 3696 ntnm
192 3638 241 3695 est
262 3627 405 3715 fidasque
427 3649 486 3696 sua
508 3625 602 3693 sociis
624 3647 736 3710 parum
759 3623 836 3689 felix
856 3622 891 3686 in
916 3621 1094 3709 praesentia

77 3721 129 3789 trit.
165 3722 253 3789 harad
274 3722 376 3791 atuor
392 3721 514 3790 Romae
536 3719 572 3790 fit
593 3717 704 3783 morbo
722 3728 844 3803 strages
861 3737 958 3799 quam
976 3723 1093 3799 quanta
1111 3735 1126 3781 6

77 3817 144 3882 'erro
171 3816 329 3884 sociorum
355 3815 441 3881 facta
466 3824 541 3883 erat,
578 3812 702 3890 consul,
732 3811 786 3895 qui
811 3833 894 3876 unus
922 3817 1091 3895 supererat,

77 3911 206 3989 noritur3
224 3910 339 3977 mortui
352 3919 383 3974 et
396 3909 448 3977 alii
462 3909 537 3976 clari
549 3908 622 3986 viri,
640 3906 688 3975 M.
698 3904 858 3983 Valerius,
871 3904 912 3973 T.
922 3900 1092 3987 Verginius

77 4003 188 4073 titilus
212 4025 364 4092 augures,
393 4001 461 4073 Ser.
487 4001 646 4090 Sulpicius
674 4003 759 4073 curio
786 3999 956 4149 maxinqqs,
985 4005 1016 4059 et
1036 4012 1124 4079 pert
