2566 4524
174 251 242 319 354
399 259 519 318 LIBER
535 259 605 331 VII,
624 258 702 314 3-5.
721 262 760 329 [a.
769 275 797 314 u.
810 275 835 314 c.
844 258 904 314 391.
917 258 983 331 892]

140 441 160 494 8
177 432 286 490 auctor
296 419 426 488 Cincius
442 419 595 485 adfirmat.
626 416 780 483 Horatius
794 416 905 483 consul
918 440 957 484 ea
969 416 1042 507 lege
1057 419 1185 509 templum

175 519 263 584 Iovis
282 516 392 604 optimi
409 515 539 580 maximi
556 513 713 579 dedicavit
731 534 813 577 anno
829 521 904 599 post
920 535 1015 602 reges
1029 526 1185 597 exactos3a

176 611 359 680 consulibus
372 619 485 697 postea
498 609 539 673 ad
551 609 729 687 dictatores,
748 606 823 692 quia
835 606 938 674 maius
951 609 1117 697 imperium
1127 621 1185 691 erat,

178 706 330 775 sollemne
351 704 433 770 clavi
455 703 573 790 figendi
596 701 782 772 translatum
803 710 860 767 est.
896 702 1079 770 intermisso
1095 705 1185 772 deinde

176 824 265 869 more
287 801 385 888 digna
406 799 501 864 etiam
518 820 576 885 per
593 820 628 865 se
645 798 797 876 viseres,
819 808 1063 885 propterquam
1079 800 1187 868 dicatu

143 917 159 966 a
179 904 344 965 crearetur.
381 916 443 979 qua
465 895 504 959 de
526 915 624 959 causa
645 901 768 959 creatus
784 892 828 957 L.
845 891 1004 973 Manlius,
1027 894 1145 982 perinde
1158 916 1186 961 ao

176 993 223 1059 rei
248 988 405 1078 gerendae
431 1010 470 1054 ac
494 1010 559 1054 non
584 986 754 1053 solvendae
779 985 939 1074 religionis
961 989 1067 1075 gratia
1087 998 1185 1056 maome

178 1094 277 1164 esset,
295 1083 414 1151 bellum
426 1082 603 1148 Hernicum
617 1081 779 1147 adfectans
798 1080 915 1147 dilectu
932 1082 1050 1151 acerbo
1065 1082 1205 1150 iurentu-¹

178 1191 244 1246 tem
266 1178 397 1268 agitavit
418 1177 608 1262 tandemque
631 1175 776 1241 omnibus
798 1176 832 1241 in
854 1198 927 1241 eum
949 1176 1086 1243 tribunis
1105 1177 1185 1266 plebis

178 1275 293 1341 coortis
313 1295 370 1340 seu
386 1272 419 1337 vi
437 1293 495 1337 seu
511 1271 700 1336 verecundia
717 1271 820 1336 victus
838 1271 994 1336 dictatura
1013 1272 1098 1338 abiit.

144 1392 159 1440 1
242 1368 322 1434 IIII.
357 1366 468 1451 Neque
491 1388 530 1431 co
551 1365 656 1430 minus
677 1364 830 1452 principio
851 1366 1049 1451 insequentis
1071 1363 1185 1449 annib

179 1461 316 1530 Servilio
328 1460 447 1539 Ahala,
466 1461 508 1525 L.
524 1457 668 1529 Genucio
682 1458 864 1526 oonsulibus
878 1459 946 1525 dies
959 1459 1085 1527 Manlio
1097 1460 1186 1527 dicitur

143 1579 160 1628 2
178 1582 198 1623 a
215 1557 262 1622 M.
281 1555 458 1642 Pomponio
480 1554 607 1620 tribuno
628 1553 740 1640 plebis.
776 1553 931 1620 acerbitas
952 1555 988 1621 in
1009 1555 1124 1623 dilectu
1140 1576 1185 1621 nu

178 1651 294 1717 damno
312 1650 407 1715 modo
425 1650 555 1727 civium,
575 1649 633 1714 sed
646 1649 740 1714 etiam
752 1647 941 1714 laceratione
955 1672 1121 1739 corporum
1131 1650 1185 1727 bb,

177 1746 293 1833 partim
314 1743 413 1832 virgis
437 1744 552 1823 caesis,
579 1743 634 1828 qui
655 1743 696 1807 ad
718 1741 846 1808 nomina
870 1765 937 1809 non
960 1745 1194 1832 respondisseti-

144 1862 161 1910 e
177 1840 292 1928 partim
312 1839 347 1904 in
367 1838 495 1904 vincula
515 1838 631 1916 ductis,
658 1836 761 1903 invisa
784 1846 850 1903 erat
868 1847 991 1904 etanta
1009 1836 1185 1906 omniainri·
1217 1866 1222 1907 2-

179 1957 251 2000 sum
267 1935 373 2020 ipsum
389 1932 554 2019 ingenium
571 1940 661 1997 atrox
678 1953 915 2019 cognomenque
927 1932 1098 2020 Imperiosi
1112 1948 1184 2023 grau

177 2027 295 2093 liberae
313 2026 431 2091 civitati
453 2025 493 2091 ab
516 2028 722 2093 ostentatione
746 2027 893 2092 saevitiae
916 2028 1089 2108 adscitum,
1113 2044 1191 2114 quan·

177 2143 243 2186 non
264 2119 366 2207 magis
387 2120 421 2184 in
442 2119 552 2185 alienis
574 2142 671 2206 quam
691 2122 725 2186 in
741 2120 898 2208 proximis*
911 2145 950 2188 ao
967 2124 1122 2212 sanguine
1134 2121 1191 2209 ips-

143 2236 238 2285 esuo
260 2217 427 2282 exerceret.
464 2216 647 2301 criminique
669 2216 700 2282 ei
720 2216 866 2282 tribunus
882 2216 965 2282 inter
982 2227 1088 2284 cetera
1104 2215 1186 2291 daha
1214 2243 1225 2259 ’-

178 2312 264 2399 quod
277 2311 376 2377 filium
393 2311 555 2389 iuvenem,
573 2309 691 2376 nullius
708 2309 816 2398 probri
834 2319 1036 2397 conpertum,
1055 2320 1185 2379 extorm
1216 2342 1225 2385 ,s

177 2407 270 2485 urbe,
294 2407 402 2485 domo,
425 2405 606 2492 penatibus,
630 2404 712 2483 foro,
735 2405 819 2483 luce,
839 2427 1015 2493 congressu
1032 2405 1184 2492 aequalius

177 2501 384 2589 prohibitum,
410 2501 445 2565 in
466 2522 546 2587 opus
569 2499 695 2578 servile,
722 2521 820 2586 prope
837 2499 872 2564 in
889 2496 1183 2586 carcerem'atqua'u
1212 2525 1218 2543 .

145 2617 160 2665 5
179 2595 373 2684 ergastulum
402 2595 536 2673 dederit,
568 2594 624 2660 ubi
655 2616 779 2659 summo
808 2593 879 2659 loeo
905 2602 1001 2661 natus
1028 2592 1183 2661 dicaam

177 2691 301 2756 iuvenis
315 2689 472 2756 cotidiana
485 2689 612 2755 miseria
624 2688 768 2767 disceret,
786 2710 861 2754 vere
874 2688 1052 2775 Imperioso
1068 2697 1150 2776 patre
1161 2702 1185 2751 a

177 2793 287 2849 natum
309 2805 389 2848 esse.
425 2792 459 2848 at
480 2805 575 2869 quam
597 2783 638 2850 ob
655 2783 791 2849 noxam?
812 2783 886 2868 quia
902 2782 1105 2850 infacundior
1118 2782 1183 2850 sire
1217 2846 1225 2863 ,

145 2898 160 2946 e
177 2874 287 2963 lingua
303 2876 510 2963 inpromptus.
538 2879 623 2963 quod
636 2886 765 2942 naturae
778 2877 929 2942 damnum
947 2885 1056 2943 utrum
1071 2875 1183 2943 nutriet·
1211 2876 1225 2957 ἶ,

179 2971 254 3036 dum
271 2971 367 3059 patri,
386 2971 414 3037 si
431 2972 600 3058 quicquam
617 2973 651 3037 in
668 2994 706 3038 eo
724 2972 854 3037 humani
872 2981 970 3052 esset,
993 2997 1037 3039 an
1054 2973 1182 3060 castiget·
1211 2962 1225 2995 ἵ

178 3065 255 3132 dum
280 3088 318 3132 ao
343 3067 510 3133 vexatione
535 3067 661 3154 insigne
686 3066 867 3132 faciendum
892 3066 1015 3133 fuisse?
1044 3091 1086 3134 ne
1104 3072 1189 3132 muli.
1212 3097 1225 3129 ι

177 3160 305 3246 quidem
331 3160 450 3228 bestias
475 3161 580 3226 minus
606 3161 689 3226 alere
715 3182 754 3226 ac
774 3160 897 3238 fovere,
925 3160 1054 3245 siquid
1077 3184 1116 3227 ex
1132 3174 1180 3246 pt·

144 3279 158 3326 7
176 3255 269 3341 genie
292 3277 350 3320 sua
370 3278 483 3343 parum
503 3277 690 3341 prosperum
712 3255 762 3320 sit.
797 3263 830 3319 at
846 3254 974 3320 hercule
991 3254 1036 3320 L.
1053 3252 1179 3321 Motu
1220 3288 1225 3297 ·

176 3348 296 3415 malum
313 3350 397 3417 malo
414 3372 531 3438 augere
547 3349 605 3415 filii
621 3358 653 3415 et
669 3350 848 3415 tarditatem
863 3349 985 3436 ingenii
997 3349 1179 3438 insuperpa
1210 3377 1225 3427 r

177 3463 263 3508 mere
286 3453 331 3522 et,
360 3445 387 3510 si
409 3445 485 3530 quid
505 3445 539 3510 in
561 3466 599 3510 eo
621 3443 772 3532 exiguum
790 3444 942 3509 naturalis
959 3443 1081 3532 vigoris
1098 3428 1178 3519 sitfl

177 3537 363 3695 prtinguere
407 3540 473 3605 vita
503 3538 620 3627 agresti
649 3548 682 3605 et
706 3537 824 3604 rustico
850 3537 939 3604 cultu
963 3539 1049 3606 inter
1070 3530 1177 3626 pecu&

201 3630 332 3698 abendo.
1177 3642 1184 3655 '

145 3745 158 3794 1
242 3725 284 3793 V.
321 3724 475 3794 Omnium
496 3729 602 3816 potius
623 3729 674 3796 his
697 3727 966 3796 criminationibus
989 3751 1087 3815 quam
1104 3718 1178 3813 ipw
1214 3726 1225 3754 “’

175 3820 299 3888 iuvenis
321 3821 465 3889 inritatus
487 3834 536 3890 est
557 3825 695 3894 animus:
722 3823 799 3911 quin
821 3833 932 3890 contra
953 3844 988 3889 se
1011 3830 1176 3910 quoquot*

175 3917 257 3984 renti
278 3939 408 3984 oausam
427 3918 564 3986 invidiae
586 3930 679 4005 atque
697 3919 862 3985 criminum
880 3940 953 3986 esse
968 3939 1065 4007 aegre
1079 3920 1176 4003 pam·

142 4021 213 4078 aut
233 4035 344 4080 omnes
366 4013 411 4080 dii
431 4015 637 4103 hominesque
655 4015 785 4096 scirent,
808 4037 843 4083 se
859 4013 983 4103 parenti
1000 4032 1090 4100 opem
1102 4006 1171 4073 ΙΝ
1218 4044 1225 4053 ·
