2566 4524
280 281 399 337 nrnnn
416 280 489 352 un,
507 280 542 336 ιι
564 283 607 338 ιιι
627 286 667 353 [a.
679 281 868 355 cas-431]
1027 274 1091 340 217

77 441 251 525 requiquam
264 438 397 505 Veiente
409 439 528 525 populo
538 450 699 527 querente,
719 442 860 521 eandem,
880 464 943 527 qus
950 443 1090 510 Fidenae

77 535 179 598 leletae
198 533 271 611 sint,
289 533 440 598 inminere
459 532 548 599 Veiis
566 534 735 601 fortunam.

122 628 255 693 Interim
276 627 397 693 Romae
418 628 575 739 principes
597 629 749 716 plebis,
739 654 802 696 ram
823 631 880 696 diu
900 592 1125 717 nequiquame

77 724 257 788 mminentes
273 723 345 808 spei
366 723 493 788 maioris
515 724 657 803 honoris,
685 726 761 790 dum
784 725 861 791 foris
879 727 978 793 otium
994 738 1089 807 esset,

77 838 165 884 cetus
188 817 358 882 indicere
349 841 383 881 ιιι
405 819 515 884 domos
540 818 735 885 tribunorum
760 820 877 906 plebis3
904 821 949 887 ibi
971 833 1144 892 secretam

77 914 189 979 onsilia
207 913 340 1000 agitare,
364 911 466 996 queri',
491 935 525 978 se
543 937 562 978 a
578 913 671 1000 plebe
689 916 768 979 adeo
787 925 923 1001 spretos,
946 926 994 994 ut,
1015 939 1091 982 cum

77 1030 113 1073 er
127 1021 176 1073 tot
194 1030 293 1072 annos
312 1006 429 1072 tribuni
445 1007 581 1072 militum
599 1009 755 1074 consulari
766 1019 922 1095 potestate
936 1021 1088 1090 creentur,

77 1103 134 1168 tulli
151 1124 305 1186 nmquam
320 1102 446 1188 plebeio
459 1103 501 1167 ad
515 1125 588 1168 eum
601 1103 752 1169 honorem
765 1105 868 1170 aditus
882 1105 986 1170 inerit.
1009 1105 1091 1169 mul·
1109 1127 1140 1175 11

77 1221 126 1262 um
140 1197 318 1284 providisse
337 1219 412 1263 snos
430 1198 574 1278 maiores,
593 1199 648 1283 qui
664 1200 813 1278 caverint,
832 1222 872 1264 ne
891 1200 942 1264 oui
957 1201 1090 1286 patricio

77 1293 172 1376 plebeii
194 1293 403 1378 magistratus
429 1304 571 1379 paterent
597 1332 639 1342 —
666 1304 720 1360 aut
749 1296 896 1381 patricios
928 1295 1089 1361 habendos

77 1386 158 1452 luisse
178 1387 322 1452 tribunos
342 1387 445 1474 plebi:
472 1390 551 1456 adeo
574 1412 608 1455 se
631 1390 696 1454 suis
720 1390 814 1454 etiam
838 1391 963 1455 sordere
989 1411 1048 1455 nec
1070 1412 1091 1454 a

77 1481 149 1565 plebe
164 1482 271 1547 mnus
289 1504 385 1567 quam
402 1506 423 1548 a
436 1483 580 1570 patribus
599 1485 766 1551 contemni.
801 1485 855 1550 alii
872 1507 1007 1572 pungere
1022 1484 1091 1572 ple-
1108 1504 1142 1552 12

77 1573 146 1654 bem,
162 1578 290 1663 culpam
306 1578 341 1642 in
358 1589 463 1669 patres
480 1591 616 1645 vertere:
644 1603 752 1646 eorum
769 1579 938 1647 ambitione
956 1580 1092 1648 artibus-

77 1671 214 1752 quelled,
231 1682 268 1736 ut
285 1671 472 1759 obsaeptum
489 1673 575 1760 plebi
593 1675 635 1740 sit
652 1677 692 1741 ad
703 1675 855 1742 honorem
867 1676 937 1740 iter.
965 1674 1090 1762 siplebi

77 1766 210 1852 respirare
228 1765 269 1832 ab
287 1789 397 1833 eonnn
418 1768 526 1834 mixtis
547 1769 694 1856 precibus
716 1770 873 1855 minisque
890 1770 996 1848 liceat,
1023 1792 1092 1834 me-

77 1881 176 1926 morem
191 1883 266 1926 cam
284 1884 413 1927 suorum
428 1863 577 1929 inituram
596 1865 748 1952 suffragia
766 1887 836 1931 esse
854 1873 886 1930 et
897 1875 988 1952 parto
1001 1863 1091 1929 anxi·

77 1952 108 2020 lo
121 1956 284 2042 imperium
302 1979 427 2042 quoque
445 1959 645 2025 adscitumm.

126 2052 241 2133 Placet,
259 2052 415 2121 tollendae
432 2054 611 2120 ambitionis
629 2077 725 2123 causa
742 2056 884 2122 tribunos
902 2056 1006 2143 legem
1019 2077 1092 2141 pro-
1111 2073 1144 2121 ra

77 2147 215 2241 nnlgare,
240 2149 352 2214 necui
372 2148 482 2214 album
503 2150 537 2215 in
554 2151 776 2216 vestimentum
799 2152 914 2216 addere
931 2150 1089 2236 petitionis

77 2239 164 2315 liceret
182 2265 288 2315 causa.
324 2266 422 2330 parva
438 2266 522 2309 nunc
544 2266 595 2308 res
618 2254 649 2308 et
671 2244 725 2308 vix
747 2244 828 2309 serio
846 2244 970 2330 agenda
991 2244 1091 2308 videri

77 2339 172 2422 possit,
195 2360 277 2424 qnae
296 2348 370 2405 tunc
386 2339 508 2433 ingenti
526 2338 695 2405 certamine
716 2349 822 2424 patres
841 2360 878 2402 ac
895 2337 1021 2424 plebem
1039 2359 1091 2402 ao

77 2434 171 2501 cendit.
207 2435 311 2503 vicere
330 2445 435 2504 tamen
453 2433 583 2512 tribuni,
606 2446 641 2501 ut
657 2435 762 2523 legem
783 2433 970 2521 perferrent,
993 2455 1089 2518 appa-
1111 2454 1143 2501 ιι

77 2524 219 2619 rubetque,
241 2528 375 2595 inritatis
398 2529 510 2597 animis
528 2529 653 2615 plebem
676 2529 717 2594 ad
738 2551 813 2594 suos
836 2527 940 2599 studia
960 2527 1092 2593 inclina-

77 2629 170 2690 turam.
206 2645 287 2708 quae
304 2645 345 2689 ne
362 2622 461 2691 libera
478 2634 598 2703 essent,
622 2633 749 2691 senatus
772 2622 951 2689 consultum
971 2621 1093 2688 sactum

77 2728 120 2798 est,
134 2730 171 2789 nt
188 2718 367 2785 consularia
384 2719 510 2785 comitia
526 2719 725 2785 haberentur.

124 2812 257 2882 XXVI.
285 2812 454 2879 Tumultus
472 2836 569 2883 eausa
581 2814 651 2892 fuit,
670 2836 766 2904 quem
779 2812 819 2881 ab
835 2810 959 2896 Aequis
973 2821 1004 2878 et
1015 2808 1094 2881 Vol·
1113 2834 1126 2880 1
1225 2844 1227 2849 ·

77 2906 126 2973 scis
145 2908 255 2980 Latini
281 2917 376 2997 atque
401 2907 534 2976 Hernici
559 2908 747 2975 nuntiarent.
794 2907 833 2974 T.
858 2907 1026 2993 Quinctius
1048 2906 1127 2976 Ina

77 2997 146 3066 ilius
156 3001 362 3069 Cincinnatus
376 3041 419 3051 -
437 3003 539 3068 eidem
557 3012 588 3068 et
599 3002 710 3068 Penno
724 3024 901 3090 cognomen
913 3002 1038 3069 additur
1050 3039 1093 3049 -

77 3104 103 3159 et
118 3093 241 3167 Gnaeus
259 3096 362 3162 Iulius
380 3096 491 3167 Mento
514 3099 660 3164 consules
682 3097 767 3162 sacti.
812 3118 872 3161 nec
892 3095 974 3161 ultra
995 3104 1094 3160 terror

77 3184 141 3257 belli
157 3202 202 3258 est
218 3193 296 3261 dilat
282 3202 345 3261 tus.
366 3192 437 3280 lege
454 3202 591 3272 sacrata,
614 3214 695 3279 quae
713 3191 851 3256 maxima
868 3189 953 3275 apud
972 3210 1025 3257 eos
1043 3188 1127 3255 viss

77 3286 221 3381 cogendae
238 3287 368 3354 militiae
382 3297 457 3366 erat,
476 3288 570 3356 dilect
557 3297 592 3352 tu
604 3287 712 3355 habito
725 3286 881 3368 utrimque
894 3282 991 3348 validi
1004 3304 1094 3353 exer-

77 3378 143 3453 dtus
159 3382 317 3476 profecti
307 3406 341 3447 m
352 3380 509 3471 Algidum
522 3404 696 3448 convenere
708 3381 815 3466 ibique
829 3401 973 3444 seorsum
985 3376 1093 3468 Aequi
1111 3398 1128 3446 4

77 3495 203 3544 seorsum
211 3476 404 3545 Volscit
336 3488 404 3543 cast
405 3502 440 3542 ra
452 3478 683 3544 communivere
696 3477 730 3543 in
730 3475 905 3562 etntiorque
919 3496 1015 3558 quam
1024 3497 1094 3538 um-

78 3589 157 3657 quam
179 3584 253 3639 ante
274 3573 435 3639 muniendi
458 3573 686 3658 exercendique
708 3571 839 3636 militem
861 3593 937 3640 cura
959 3569 1093 3635 ducibus

80 3678 139 3733 erat
161 3691 199 3734 eo
215 3668 290 3762 plus
307 3669 440 3735 nuntiit
441 3669 553 3734 erroris
566 3668 703 3737 Romam
720 3669 761 3733 ad
763 3667 870 3733 t.ulere
894 3674 983 3731 senat
983 3689 1016 3729 ιιι
970 3665 1095 3729 t'dio-

80 3768 194 3828 uorem
213 3763 276 3828 dici
290 3763 423 3855 placuit,
450 3764 525 3849 quia
542 3763 601 3829 etsi
620 3786 714 3851 saepe
732 3763 806 3828 violi
827 3761 951 3852 populi,
977 3782 1094 3826 merore
1112 3777 1129 3825 5

82 3860 169 3922 lunen
186 3867 279 3924 conat
279 3881 301 3924 u
318 3881 414 3945 quam
431 3859 509 3924 alias
527 3880 678 3943 nmquam
690 3857 941 3936 rebellarent·t
928 3855 1094 3938 taliquan-

83 3951 135 4015 lun
154 3951 347 4021 Romanae
337 3963 446 4018 1uvent
433 3953 507 4018 tutis
534 3953 645 4019 morbo
671 3953 873 4041 absumptum
900 3958 975 4015 erat.
1021 3953 1092 4010 ante
1111 3964 1126 4013 6

83 4045 170 4111 onnia
185 4049 324 4134 pravitas
347 4048 513 4115 consulum
534 4047 752 4135 discordiaque
773 4048 854 4112 inter
870 4045 958 4131 ipsos
980 4049 1012 4106 et
1029 4061 1095 4105 cer·

1093 4222 1211 4258 ..-
