2566 4524
198 285 205 294 -
258 257 376 313 ursus
393 258 493 328 vnn,
511 256 553 314 34.
564 255 605 311 aa.
625 260 663 326 [a.
673 254 821 325 nelops]
863 267 866 271 ·
1011 242 1076 314 479

55 418 201 506 rollegam
220 414 414 503 subrogavit.
451 425 481 480 et
499 423 616 500 quanto
634 413 805 480 modestior
820 412 904 480 illius
922 413 1076 501 cupiditas
1095 435 1128 484 21

55 513 106 582 uit
132 534 230 598 quam
256 521 324 589 tua,
347 509 458 597 Appi?
492 532 550 577 neo
573 511 658 577 eolus
681 531 741 576 nec
761 510 843 575 ultra
863 508 987 576 linitum
1007 511 1096 597 lege⁴

55 629 171 695 empus
184 606 227 672 L.
240 603 389 693 Papirius
407 626 572 671 censuram
589 605 697 692 gessit
733 612 840 670 tamen
856 604 1015 671 neminem
1031 605 1080 669 in-

55 703 140 781 uenit,
154 701 211 785 qui
228 721 263 766 se
279 707 391 786 postea
408 709 568 766 auctorem
586 709 781 784 sequeretur3
800 720 910 766 omnes
928 699 1077 786 deinceps

55 818 194 866 rensores
216 805 291 883 post
312 803 445 860 mortem
467 793 606 882 collegae
625 817 659 860 ee
676 795 864 881 magistratu
881 794 1076 867 abdicarunt.

55 915 76 960 2
87 913 150 958 uec
161 889 248 976 quod
261 889 328 956 dies
342 888 407 955 exit
419 910 571 955 censuras
583 910 643 955 nec
655 890 740 974 quod
752 888 875 977 collega
891 890 1079 978 magistratu
1096 908 1130 956 22

55 986 137 1066 rbiit,
155 1007 215 1052 nec
231 985 285 1052 lex
302 1006 361 1051 nec
377 983 480 1071 pudor
496 994 633 1051 coemet:
655 984 802 1049 virtutem
818 986 853 1050 in
870 983 1026 1073 superbia,
1045 985 1079 1049 in

55 1080 194 1158 rudacia,
216 1079 251 1145 in
272 1088 453 1165 contemptu
475 1078 606 1146 deorum
627 1077 854 1164 hominumque
874 1079 976 1166 ponis.
1017 1100 1077 1165 ego
1096 1097 1130 1144 22

55 1199 86 1256 2,
104 1175 196 1263 Appi
206 1173 330 1252 Claudi,
348 1196 406 1262 pro
423 1175 515 1240 istius
533 1174 736 1262 magistratus
755 1174 918 1241 maiestate
936 1197 974 1241 ao
991 1195 1080 1239 vere-

55 1270 177 1348 rundia,
197 1291 291 1355 quem
307 1269 450 1358 gessisti,
468 1292 533 1336 non
550 1268 645 1336 modo
662 1291 759 1335 manu
775 1268 941 1348 violatum,
965 1267 1023 1334 sed
1038 1289 1079 1331 ne

55 1363 146 1433 serbo
163 1363 291 1450 quidem
312 1364 539 1432 inclementiori
556 1387 576 1430 a
593 1386 644 1430 me
662 1363 855 1452 appellatum
870 1363 1000 1432 vellem:
1023 1360 1079 1428 sed
1097 1380 1131 1429 24

55 1477 77 1528 et
95 1459 185 1538 baec,
199 1470 280 1545 quae
298 1459 402 1525 adhuc
419 1459 480 1547 egi,
498 1459 675 1548 pervicacia
692 1468 746 1525 tua
764 1469 795 1525 et
813 1458 959 1547 superbia
977 1459 1080 1545 coegit

55 1577 98 1621 ne
114 1553 204 1639 loqui
221 1563 266 1633 et,
288 1553 349 1620 nisi
366 1553 522 1620 Aemiliae
544 1554 610 1643 legi
631 1555 786 1642 parueris,
809 1556 843 1620 in
859 1552 985 1622 vincula
1006 1553 1080 1620 duci

55 1648 164 1717 'ubebo
185 1671 258 1729 neo,
282 1671 355 1716 cum
376 1651 420 1715 ita
443 1661 647 1738 conparatum
665 1675 685 1716 a
701 1651 873 1718 maioribus
896 1651 950 1730 sit,
973 1662 1009 1717 ut
1027 1674 1080 1717 co·
1097 1663 1131 1713 25

55 1744 145 1811 mitiis
173 1746 337 1824 censoriis,
364 1744 425 1810 nisi
448 1746 511 1812 duo
538 1745 730 1811 confecerint
755 1744 896 1833 legitima
918 1746 1079 1834 suffragia,

55 1861 112 1908 non
127 1839 306 1906 renuntiato
324 1838 421 1905 altero
436 1839 562 1905 comitia
579 1839 771 1919 differantur,
786 1838 847 1928 ego
864 1849 905 1918 te,
920 1840 975 1926 qui
993 1840 1079 1906 solus

55 1955 162 2002 censor
179 1934 278 2000 creari
295 1956 360 2000 non
376 1935 494 2021 possis,
514 1934 617 2001 solum
635 1958 800 2001 censuram
817 1957 926 2023 gerere
943 1957 1008 2003 non
1024 1957 1081 2022 pa-

55 2028 127 2095 ler!
162 2028 241 2094 haec
263 2028 400 2112 taliaque
419 2051 491 2094 cum
510 2029 655 2110 dixisset,
681 2030 794 2118 prendi
815 2052 977 2098 censorem
995 2037 1027 2096 et
1047 2029 1080 2095 in
1098 2039 1132 2089 26

55 2121 176 2190 rincrda
193 2122 267 2189 duci
287 2122 389 2190 iussit.
425 2122 671 2212 adprobantibus
694 2147 751 2192 sex
773 2123 907 2194 tribunis
924 2125 1080 2193 audonem

55 2217 190 2306 collegae
208 2229 272 2286 tres
291 2218 461 2307 appellanti
478 2217 586 2307 Appio
604 2219 720 2286 auxilio
739 2219 875 2300 fuerunt,
894 2242 1080 2306 summaque

55 2313 168 2380 mvidia
186 2315 327 2381 omnium
344 2315 489 2380 ordinum
507 2314 593 2380 solus
612 2336 778 2380 censuram
795 2314 903 2401 gessit.

111 2405 267 2476 XXXV.
293 2407 383 2474 Dum
406 2432 444 2476 ea
459 2409 581 2475 Romae
603 2418 768 2496 geruntur,
790 2407 855 2474 iam
874 2404 1017 2475 Sutrium
1039 2408 1113 2478 abl
1194 2423 1198 2427 ’

55 2503 195 2571 Etruscis
213 2503 424 2582 obsidebatur,
445 2503 628 2588 consulique
636 2502 737 2569 Fabio
754 2502 826 2567 imis
843 2502 1004 2570 montibus
1022 2503 1081 2570 du-

55 2597 133 2665 centi
151 2598 193 2664 ad
209 2597 371 2664 ferendam
385 2621 477 2684 opem
492 2598 585 2664 sociis
604 2596 865 2683 temptandasque
879 2596 1079 2679 munitiones,

55 2693 78 2760 si
99 2714 166 2778 qua
186 2703 308 2778 posset,
332 2694 416 2760 acies
438 2693 577 2761 hostium
598 2692 752 2759 instructa
773 2692 920 2772 occurrit3
947 2701 1115 2778 quorum2

55 2788 211 2877 'urgentem
228 2789 460 2855 multitudinem
478 2810 550 2855 cum
568 2789 747 2856 ostenderet
769 2786 911 2855 subiecta
930 2786 993 2855 late
1014 2790 1100 2877 pla-,

55 2884 155 2962 nities,
173 2884 292 2962 consul,
306 2893 342 2949 ut
358 2884 427 2951 loco
445 2885 636 2970 paucitatem
654 2905 783 2950 suorum
801 2883 972 2964 adiuvaret,
986 2882 1083 2952 flectit

55 2977 215 3068 paululum
231 2978 264 3043 in
280 2977 377 3044 clivos
395 2986 696 3066 agmen-aspreta
713 2986 802 3044 erant
819 2985 918 3044 strata
934 2978 1080 3059 saxis—,

55 3073 124 3141 inde
143 3072 235 3160 signa
257 3073 292 3138 in
308 3073 433 3139 hostem
450 3072 594 3140 obvertit.
629 3071 760 3138 Etrusci
783 3071 923 3137 omnium
944 3079 1115 3157 praeter-8

55 3188 149 3255 quam
170 3166 379 3233 multitudinis
402 3190 492 3246 suae,
512 3189 575 3252 qua
593 3165 661 3232 sola
677 3164 751 3231 freti
768 3172 870 3242 erant,
892 3164 1081 3230 inmemores

55 3259 208 3350 proelium
225 3260 336 3328 ineunt
353 3263 433 3328 adeo
449 3261 564 3348 raptim
582 3270 614 3328 et
631 3259 737 3339 avide,
754 3268 790 3324 ut
807 3257 937 3325 abiectis
955 3257 1082 3324 missili-

55 3355 128 3435 bus,
150 3377 215 3441 quo
232 3355 365 3422 celerius
386 3379 499 3423 manus
518 3364 730 3434 consererent,
753 3353 941 3440 stringerent
957 3351 1081 3441 gladios

55 3451 204 3519 vadentes
220 3450 255 3516 in
271 3450 409 3518 hostem:
426 3452 590 3518 Romanus
604 3457 712 3516 contra
723 3470 807 3514 nuno
820 3446 883 3513 tela
895 3470 979 3514 nnnc
993 3471 1080 3527 saxa,
1097 3454 1116 3514 ,4

55 3543 169 3634 quibus
191 3566 245 3613 eos
268 3545 399 3612 adfatim
420 3545 509 3612 locus
530 3546 599 3632 ipse
621 3543 776 3621 armabat,
799 3542 951 3631 ingerere.
986 3542 1082 3631 igitur
1101 3552 1116 3599 5

55 3649 144 3708 scuta
164 3638 337 3728 galeaeque
358 3640 439 3707 ictae
463 3661 535 3705 oum
552 3638 646 3705 etiam
664 3659 743 3722 quos
761 3660 826 3704 non
842 3636 1083 3704 vrdneraverant

55 3733 265 3802 turbarent-
273 3756 376 3819 neque
389 3731 495 3800 subire
509 3742 576 3799 erat
588 3731 680 3799 facile
694 3733 736 3799 ad
752 3730 930 3820 propiorem
942 3754 1082 3818 pugnam

55 3849 157 3915 neque
174 3827 308 3895 missilia
325 3825 497 3907 habebant,
516 3825 631 3913 quibus
649 3826 772 3894 eminus
788 3848 857 3896 rem
872 3832 1017 3913 gererent
1029 3859 1081 3900 -,

55 3932 174 3991 stantes
192 3931 225 3989 et
242 3922 402 4012 'expositos
420 3921 571 4004 adiutus,
590 3944 663 3989 eum
680 3923 744 3990 iam
762 3920 839 3989 satis
856 3917 935 3984 nibil
951 3924 1080 4003 tegeret,
1101 3928 1116 3976 6

55 4018 210 4109 quosdam
227 4017 321 4086 etiam
337 4018 453 4108 pedem
468 4018 649 4099 referentes,
663 4017 925 4107 fluctuantemque
939 4021 971 4078 et
986 4011 1084 4077 insta·
