2566 4524
216 248 289 317 Χ250
438 259 555 315 numu
572 258 644 330 1111,
663 258 705 313 eo.
719 257 759 313 et.
780 255 1050 328 [susem-atu

225 429 319 486 natus
342 441 466 484 summa
486 417 549 481 fide
571 439 611 481 ex
634 438 731 481 censu
748 415 944 493 contulisset,
972 415 1126 501 primores
1146 414 1234 501 plebis,

192 514 378 587 gnobilium
407 512 513 589 amici,
547 533 586 574 ex
614 510 777 595 conposito
804 509 946 575 conferre
973 509 1136 595 incipiunt.
1174 530 1235 593 quos

225 633 299 674 cum
316 619 347 672 et
365 632 384 672 a
400 605 541 692 patribus
560 604 740 668 conlaudari
759 613 789 669 et
807 627 827 668 a
843 603 971 668 militari
982 613 1087 669 aetate
1100 613 1234 688 tamqusn

225 705 326 770 bonos
346 702 430 768 ciues
448 699 588 785 conspici
602 699 716 785 vulgus
730 698 892 763 hominum
906 696 995 777 vidit,
1012 708 1142 784 repente
1152 706 1234 785 spreb

192 819 207 866 e
227 797 392 863 tribunicio
409 795 525 860 auxilio
544 804 702 858 certamen
719 793 901 859 conferendi
918 803 966 859 est
984 805 1098 860 ortum.
1138 804 1168 860 et
1180 793 1232 881 legs
1252 876 1255 883 Ι

225 892 344 979 perlate
366 892 405 955 de
427 889 593 954 indicendo
611 888 798 955 Veientibus
820 887 918 965 bello,
945 887 1121 953 exercitum
1140 910 1232 975 magu

226 995 375 1072 exparte
397 983 606 1048 voluntarium
628 983 703 1047 novi
725 982 841 1047 tribuni
862 982 996 1047 militum
1020 983 1173 1048 consulari
1192 1003 1233 1069 po·

226 1089 339 1146 testate
357 1079 455 1144 Veios
473 1079 601 1142 duxere.

193 1197 206 1243 1
289 1173 386 1238 LXI.
421 1173 525 1238 Fuere
543 1180 649 1236 autem
666 1170 783 1235 tribuni
801 1170 839 1234 Τ.
860 1169 1030 1252 Quinctius
1050 1170 1232 1258 Capitulium,

227 1267 267 1352 Q.
279 1266 446 1351 Quinctius
462 1264 677 1343 Cincinnatus,
698 1263 736 1329 O.
746 1264 846 1328 Iulius
859 1264 949 1329 Iulus
968 1265 1095 1344 iterum,
1112 1263 1233 1331 attus

224 1362 296 1440 lius,
314 1363 356 1426 L.
370 1360 485 1426 Furius
504 1359 698 1424 Medullinus
717 1358 851 1434 tertium,
870 1357 927 1423 Μ’.
941 1357 1103 1424 Aemilius
1119 1359 1234 1425 Mamer·

191 1478 292 1526 acus.
328 1454 368 1520 ab
385 1455 425 1518 iis
443 1455 578 1540 primum
596 1453 796 1518 circumsessi
812 1452 886 1517 Veii
904 1461 992 1532 sunt;
1017 1453 1078 1520 sub
1101 1455 1185 1521 ctum
1198 1453 1233 1519 iu·

224 1550 315 1614 ilium
341 1548 512 1613 obsidionis
544 1569 617 1612 cum
642 1547 850 1612 Etruscorum
879 1547 1049 1613 concilium
1081 1548 1123 1615 ud
1145 1548 1232 1615 sanun

224 1641 416 1708 Voltumnae
434 1642 613 1725 frequenter
629 1641 772 1706 habitum
786 1651 878 1720 esset,
898 1664 1010 1727 parurn
1024 1642 1168 1721 constitit,
1182 1638 1234 1707 bel·

191 1738 296 1808 alone
312 1737 439 1825 publico
457 1738 561 1825 gentis
578 1737 743 1802 universae
766 1737 874 1801 tuendi
891 1735 1044 1802 Veientes
1068 1744 1177 1805 essent.
1204 1756 1233 1801 et

224 1834 418 1920 oppugnatio
431 1833 562 1919 segnior
578 1831 755 1915 insequenti
772 1855 855 1897 nnnc
873 1831 934 1896 fuit
950 1842 1040 1918 parte
1061 1833 1232 1899 tribunorum

224 1929 442 2010 exercitusque
460 1929 501 1991 ad
518 1925 670 1991 Volscum
688 1936 820 1992 avocata
837 1926 966 1992 bellum.
1269 1922 1277 1956 ³

189 2042 207 2090 4
289 2020 448 2086 Tribunos
466 2019 600 2084 militum
617 2020 772 2084 censulari
793 2029 948 2106 potestate
970 2019 998 2085 is
1023 2044 1127 2087 annus
1146 2016 1236 2087 habnt

226 2113 264 2180 Ο.
282 2114 445 2180 Valerium
463 2113 603 2179 Potitum
621 2115 725 2192 tertio,
748 2112 805 2178 Μ’.
826 2113 975 2202 Sergium
992 2114 1188 2193 Fidenatem,
1204 2110 1242 2201 P·-
1264 2174 1277 2191 ,

225 2207 408 2275 Cornelium
418 2208 681 2296 Maluginensem,
702 2208 762 2274 Cn.
779 2208 961 2288 Cornelium
971 2207 1123 2289 Cossum,
1139 2204 1232 2276 ΚΡ*

190 2324 205 2372 5
223 2302 311 2368 bium
328 2301 531 2381 Ambustum,
552 2301 608 2388 Sp.
619 2302 768 2368 Nautium
781 2303 924 2367 Rutilum
941 2303 1066 2370 iterum.
1094 2296 1232 2371 cude·

224 2397 287 2463 scis
304 2398 386 2462 inter
397 2398 601 2463 Ferentinum
619 2407 712 2480 atque
729 2395 879 2462 Ecetram
897 2396 996 2484 signis
1015 2399 1147 2465 conlatis
1163 2392 1232 2463 dimi·
1264 2402 1277 2411 ‘

190 2502 343 2571 ecatum3
371 2492 523 2557 Romanis
551 2491 690 2557 secunda
715 2490 842 2556 fortuna
866 2513 992 2578 pugnae
1019 2493 1091 2558 tuit.
1134 2490 1231 2559 Arum

221 2587 304 2664 inde,
324 2586 513 2651 Volscorum
523 2585 682 2670 oppidum,
698 2584 738 2649 eb
748 2584 881 2650 tribunis
891 2585 1030 2652 obsideri
1039 2598 1159 2674 coepta
1177 2582 1230 2651 inlr
1268 2626 1277 2645 2

221 2680 514 2765 interemptionem
532 2689 714 2764 temptatam
732 2678 884 2764 conpulso
905 2680 940 2744 in
960 2679 1074 2745 urbem
1095 2681 1182 2747 hoste
1194 2696 1231 2743 ot·
1272 2730 1277 2735 .

222 2775 308 2838 casio
326 2773 400 2838 dats
417 2782 465 2838 est
481 2774 634 2838 Romanis
651 2773 858 2858 inrumpendi,
877 2783 1063 2859 praeterque
1082 2796 1182 2842 arcem
1195 2790 1230 2837 et·

223 2880 290 2931 tera
311 2875 411 2951 capta.
447 2867 480 2930 iu
502 2888 605 2931 arcem
627 2868 780 2932 munitam
797 2878 909 2933 natura
925 2868 1039 2955 globus
1062 2880 1229 2936 muratum
1272 2881 1277 2887 '

189 2981 204 3028 t
223 2962 390 3039 concessit,
413 2960 496 3027 infra
513 2983 616 3026 arcem
635 2963 718 3027 caesi
737 2963 881 3049 captique
898 2962 989 3027 multi
1005 2964 1166 3031 mortales.
1189 2976 1232 3027 m
1273 2954 1277 2961 ’

222 3056 335 3122 deiude
349 3055 565 3136 obsidebatur3
583 3080 641 3122 nec
654 3067 708 3122 aut
720 3058 752 3122 vi
766 3058 837 3143 capi
845 3067 976 3144 poterat,
994 3058 1072 3141 quia
1084 3082 1143 3146 pro
1152 3052 1231 3144 epdit

220 3150 282 3216 loci
308 3152 384 3217 satis
410 3152 558 3238 praesidii
582 3151 732 3228 habebat,
769 3161 823 3216 sut
845 3174 934 3238 spem
961 3151 1058 3218 dabat
1085 3146 1232 3221 doddoni

222 3246 308 3310 omni
324 3246 451 3331 publico
470 3246 641 3324 frument0,
660 3246 847 3331 priusquam
862 3245 939 3311 urbs
958 3257 1137 3333 caperetur,
1153 3248 1186 3315 in
1197 3264 1235 3313 m

188 3360 203 3407 8
223 3363 291 3404 cem
309 3351 468 3404 convecto.
504 3341 670 3424 taedioque
687 3362 848 3406 recessum
869 3340 942 3405 inde
961 3340 1058 3420 foret,
1087 3343 1122 3409 ni
1143 3354 1235 3410 serm

221 3455 325 3498 arcem
342 3433 493 3498 Romanis
511 3435 711 3520 prodidisset.
747 3434 787 3499 ab
807 3456 844 3500 eo
866 3434 981 3500 milites
999 3457 1058 3521 per
1078 3435 1184 3503 locum
1197 3454 1236 3503 tt·

221 3528 319 3592 duum
335 3529 456 3613 accepti
474 3550 598 3613 cepere3
625 3528 776 3612 aquibus
794 3551 866 3594 cum
888 3529 1037 3595 custodes
1059 3532 1238 3599 trucidata·

220 3632 284 3698 tur,
311 3632 413 3687 cetera
435 3622 600 3688 multitudo
622 3625 782 3709 repentino
804 3647 920 3710 pavore
937 3624 1093 3711 obpressa
1115 3626 1148 3693 in
1164 3620 1239 3693 deffi-

187 3716 337 3783 9tionem
362 3717 456 3782 venit
501 3719 604 3783 diruta
630 3728 661 3782 et
687 3740 758 3783 arce
790 3729 821 3783 et
846 3718 925 3785 urbe
950 3719 1074 3786 Artena
1103 3722 1239 3789 reduces

219 3810 360 3898 legiones
378 3833 419 3876 ex
435 3810 560 3878 Volscis
579 3814 741 3898 omnisque
760 3814 807 3878 vis
820 3814 966 3879 Romana
979 3813 1079 3880 Veios
1099 3834 1241 3883 consen

170 3926 202 3974 10
220 3917 277 3972 est.
312 3906 462 3991 proditori
478 3917 602 3993 praeter
617 3907 791 3974 libertatem
811 3908 942 3973 duarum
961 3909 1156 3977 familiarum
1167 3909 1241 3977 bun

217 4000 252 4066 in
267 4002 441 4087 praemium
459 4003 545 4080 data,
571 3999 701 4069 Servius
718 4003 881 4069 Romanus
899 4003 1065 4071 vocitatus.
1103 4014 1179 4073 sunt
1193 3997 1241 4090 (μ’
