2566 4524
146 247 209 313 142
410 255 529 311 LIBER
546 254 604 326 111,
624 255 717 310 18.19.
738 260 776 324 [a.
784 273 812 311 u.
823 273 846 311 c.
855 255 918 325 294]

145 417 211 481 nire
228 414 389 480 visisunt.
425 413 552 490 deinde,
582 411 636 478 ubi
653 436 754 478 vanus
773 424 872 478 terror
890 412 981 491 abiit,
1011 414 1175 500 acceptiin

114 534 129 582 5
146 511 257 577 urbem
275 509 400 597 agmine
418 509 452 572 in
469 509 572 574 forum
590 509 794 573 descendunt.
829 507 874 573 ibi
891 509 956 572 iam
976 505 1017 571 P.
1038 506 1177 574 Valerius

145 605 254 670 relicto
277 606 318 669 ad
339 614 499 689 portarum
525 603 682 688 praesidia
707 603 829 689 collega
869 603 1047 668 instruebat
1073 605 1176 671 aciem.

116 715 130 762 6
150 699 318 765 auctoritas
337 699 396 762 viri
413 707 568 774 moverat,
587 697 795 774 adfirmantis,
820 696 979 783 Capitolio
996 710 1176 784 recuperato

146 803 177 858 et
194 791 272 857 urbe
289 801 415 877 pacata,
444 792 472 855 si
494 791 618 856 edoceri
637 812 671 855 se
690 791 819 868 sissent,
847 814 928 875 quae
950 792 1040 856 fraus
1065 792 1107 858 ab
1130 792 1176 857 tri·

144 886 239 951 bunis
257 886 380 950 occulta
395 885 428 948 in
446 885 517 971 lege
535 885 678 961 ferretur,
697 907 868 949 memorem
887 908 921 949 se
939 887 1098 951 maiorum
1112 909 1175 953 suo-

145 1003 231 1059 rum,
258 1002 429 1045 memorem
455 980 665 1066 cognominis,
697 980 782 1062 quod
807 980 918 1066 populi
944 981 1072 1046 colendi
1099 983 1176 1048 velut

145 1074 332 1140 hereditaria
349 1097 424 1139 cura
442 1074 502 1139 sibi
520 1098 539 1137 a
556 1073 727 1138 maioribus
750 1073 864 1137 tradita
886 1084 984 1153 esset,
1014 1078 1176 1143 concilium

112 1168 247 1255 aplebis
264 1191 330 1234 non
350 1168 572 1254 inpediturum.
608 1166 692 1231 hunc
715 1168 828 1232 ducem
851 1168 965 1247 secuti,
990 1171 1176 1255 nequiquam

145 1262 388 1329 reclamantibus
418 1262 567 1338 tribunis,
602 1262 637 1327 iu
667 1262 784 1326 clivum
811 1261 1026 1347 Capitolinum
1060 1266 1177 1353 erigunt

145 1358 256 1423 aciem.
284 1359 466 1446 adiungitur
482 1367 514 1425 et
528 1356 710 1422 Tusculana
725 1356 819 1443 legio.
848 1370 967 1421 certare
985 1358 1067 1423 socii
1085 1361 1177 1427 cives·

112 1470 128 1520 8
146 1474 218 1536 quc,
235 1454 299 1518 utri
314 1464 517 1539 recuperatae
530 1453 612 1518 arcis
626 1475 720 1516 suum
733 1453 829 1516 decus
842 1451 992 1519 facerent.
1020 1452 1090 1518 dux
1102 1466 1178 1519 uter-

147 1569 209 1630 que
228 1571 303 1613 suos
325 1549 516 1613 adhortatur.
552 1548 709 1632 trepidare
731 1555 798 1611 tum
818 1546 928 1612 hostes
945 1568 1006 1611 nec
1027 1548 1086 1613 ulli
1108 1549 1177 1614 satis

147 1642 202 1718 rei,
220 1653 439 1728 praeterquam
455 1643 536 1719 loco,
555 1643 661 1707 fidere.
689 1641 916 1726 trepidantibus
934 1642 1078 1707 inferunt
1093 1643 1176 1730 signa

146 1735 284 1801 Romani
301 1738 450 1821 sociique.
486 1738 550 1801 iam
571 1738 605 1800 in
627 1736 818 1801 vestibulum
840 1748 1047 1823 perruperant
1065 1738 1176 1824 templi,

148 1851 219 1895 cum
237 1830 275 1896 P.
294 1831 440 1898 Valerius
457 1832 538 1895 inter
555 1831 708 1916 primores
725 1853 866 1916 pugnam
884 1831 970 1897 ciens
986 1831 1175 1897 interficitur.

114 1944 129 1991 9
147 1923 186 1989 Ρ.
205 1925 394 1990 Volumnius
413 1927 587 1991 consularis
605 1927 683 1990 vidit
705 1927 878 1990 cadentem.
913 1927 942 1991 is
961 1927 1037 1992 dato
1055 1927 1176 2015 negotio
1205 1946 1211 1957 ··

149 2020 229 2097 suis,
252 2030 288 2083 ut
305 2043 419 2105 corpus
438 2021 635 2106 obtegerent,
658 2022 727 2106 ipsc
744 2021 778 2084 in
794 2021 899 2085 locum
924 2022 1093 2106 vicemque
1110 2045 1176 2089 oon·

149 2113 225 2178 sulis
247 2114 399 2199 provolat.
435 2137 509 2199 prae
532 2115 642 2179 ardore
663 2115 845 2201 impetuque
867 2124 972 2180 tautae
998 2118 1046 2182 rei
1068 2138 1174 2183 seusus

147 2230 212 2273 non
237 2209 380 2293 pervenit
401 2211 443 2273 ad
464 2209 608 2274 militem:
636 2210 726 2295 prius
752 2209 827 2273 vicit
854 2231 950 2292 quam
977 2233 1012 2276 se
1040 2232 1174 2298 pugnare

98 2326 130 2373 10
149 2305 216 2370 siue
242 2303 322 2368 duce
349 2304 486 2369 sentiret.
522 2303 613 2367 multi
640 2304 768 2368 exulum
795 2305 891 2368 caede
924 2328 984 2370 sua
1013 2305 1172 2371 foedavere

147 2399 309 2485 templum,
328 2400 418 2464 multi
434 2401 500 2465 vivi
517 2401 609 2486 capti,
629 2399 812 2464 Herdonius
830 2400 1024 2466 interfectus.
1055 2403 1102 2467 ita
1118 2399 1173 2466 Ca·

145 2495 291 2582 pitolium
307 2505 535 2581 recuperatum.
577 2495 616 2558 de
639 2495 786 2580 captiris,
815 2495 1000 2578 utquisque
1022 2495 1170 2561 liberant

147 2612 257 2657 servus
276 2600 369 2665 esset,
388 2612 465 2655 suae
483 2589 627 2654 fortunae
640 2612 660 2653 o
673 2611 798 2672 quoque
814 2601 976 2674 sumptum
988 2591 1170 2676 supplicium

146 2695 204 2762 est,
223 2683 413 2748 Tusculanis
431 2685 551 2770 gratiae
568 2694 666 2761 actae,
686 2683 879 2769 Capitolium
897 2694 1069 2770 purgatum
1086 2696 1169 2769 atquo

96 2795 127 2841 11
145 2780 322 2843 lustratum.
357 2778 392 2845 in
409 2778 547 2843 consulis
565 2779 694 2843 domum
711 2778 821 2864 plebes
844 2779 1050 2862 quadranter,
1078 2789 1113 2844 ut
1128 2777 1170 2843 fu-

145 2894 221 2937 nere
239 2870 389 2955 ampliore
407 2871 579 2950 efferretur,
597 2874 732 2939 iactasse
750 2873 859 2938 femur.

112 2989 126 3034 1
211 2964 361 3030 XVIIII.
397 2966 495 3031 Parta
511 2990 589 3053 pace
608 2969 726 3032 instare
744 2977 812 3032 tum
830 2968 947 3034 tribuni
963 2968 1169 3054 petrabona

145 3059 244 3127 Publi
260 3059 368 3126 Valeri
385 3061 481 3126 fidem
502 3062 715 3138 exsolverent,
742 3062 861 3126 instare
879 3061 1031 3142 Claudio,
1057 3074 1094 3129 ut
1114 3062 1167 3129 col·

145 3156 237 3245 legas
262 3156 339 3222 deos
362 3179 471 3221 manes
493 3156 605 3220 fraude
630 3156 790 3231 liberaret,
816 3157 869 3242 agi
891 3157 931 3221 de
952 3156 1026 3244 lege
1054 3157 1167 3223 sune

146 3252 256 3318 consul
278 3264 448 3336 antequam
470 3251 624 3337 collegam
647 3250 708 3315 sibi
735 3249 941 3336 subrogasset
965 3275 1084 3339 negare
1105 3272 1169 3339 pas·

113 3366 256 3414 usurum
276 3346 331 3439 agi
351 3347 393 3409 de
414 3346 494 3432 lege.
531 3345 591 3409 hae
613 3356 740 3409 tenuere
767 3345 983 3409 contentiones
1009 3368 1111 3430 usque
1133 3341 1168 3408 ad

146 3438 273 3504 comitia
298 3439 436 3503 consulis
463 3439 666 3525 subrogandi.
706 3439 878 3503 Decunbri
902 3461 1012 3504 mense
1055 3458 1168 3505 summo

145 3542 271 3618 patrum
288 3532 392 3596 studio
420 3533 461 3596 L.
482 3532 650 3616 Quinctius
669 3531 886 3609 Cincinnatus,
902 3542 995 3619 pater
1012 3532 1167 3609 Caesonis,

113 3626 258 3696 sconsul
282 3636 418 3705 creatur,
445 3628 500 3711 qni
525 3630 744 3715 magistratum
771 3628 876 3693 statim
898 3626 1065 3713 occiperet.
1107 3649 1168 3714 per·

146 3718 235 3785 culsa
250 3730 318 3785 erat
334 3719 453 3805 plebes,
472 3723 635 3788 consulem
651 3722 797 3789 habitura
808 3723 933 3800 iratum,
950 3732 1112 3807 potentem
1127 3720 1169 3785 fa

146 3836 222 3879 rore
245 3824 385 3900 patrum,
411 3816 526 3882 virtute
553 3841 624 3894 sua,
652 3817 752 3883 tribus
778 3816 900 3894 liberis,
927 3839 1064 3900 quonam
1084 3835 1169 3881 nemo

148 3907 286 3977 Caesoni
303 3910 434 3976 cedebat
451 3914 667 3999 magnitudine
685 3912 796 3989 animi,
814 3911 980 3977 consilium
998 3920 1030 3976 et
1047 3911 1169 3977 modim

114 4002 333 4083 aatlbibendo,
353 4005 407 4071 ubi
420 4028 471 4071 res
483 4017 638 4092 posceret,
656 4007 776 4092 priores
792 4016 889 4070 erant.
916 4007 945 4068 is
963 4014 999 4069 ut
1011 4005 1169 4091 magistra·
