2566 4524
297 266 417 323 amna
433 265 507 338 1111,
524 265 568 322 so.
582 265 625 324 ar.
645 269 683 336 [a
694 265 724 340 o.
732 267 793 323 414.
800 267 865 339 413]
1029 257 1092 322 241

77 429 187 494 ictores
196 423 457 508 centurionesque
469 434 620 490 vexarent
632 424 766 504 turbam,
785 448 823 492 eo
836 427 1009 514 indignatio
1023 449 1093 494 eru-

77 524 118 602 rit,
140 532 178 587 ut
196 520 342 586 tribunus
359 519 493 584 militum
509 519 551 585 ab
568 520 708 585 exercitu
725 542 782 586 suo
804 520 960 606 lapidibus
979 545 1094 610 coope-

77 618 181 682 iretur.
224 615 311 699 quod
335 623 401 680 tam
426 624 516 678 atrox
541 613 664 679 facinus
688 626 857 700 postquam
883 626 931 682 est
956 617 1125 688 Romame

77 712 249 788 laudatum,
268 708 400 774 tribunis
412 708 548 772 militum
561 709 600 772 de
614 719 712 774 morte
726 710 865 797 collegae
878 732 935 797 per
949 722 1092 777 senatum

77 803 255 890 quaestionis
273 801 510 868 decernentibus
525 800 641 867 tribuni
653 803 754 888 plebis
768 804 1012 870 intercedebant.
1035 806 1092 870 sed
1111 827 1125 872 r

77 923 99 964 a
114 897 275 964 contentio
298 919 338 962 ex
355 895 523 961 certamine
541 895 602 960 alio
620 897 785 981 pendebat,
804 898 889 981 quod
903 920 978 963 cura
991 900 1094 966 inces-

77 1008 143 1059 erat
160 1003 284 1079 patres,
310 1014 351 1056 ne
367 1003 454 1055 metu
476 991 695 1074 quaestionum
712 991 802 1076 plebs
825 992 933 1076 iraque
951 993 1092 1059 tribunos

77 1089 196 1152 pilitum
205 1086 346 1173 explebe
356 1095 483 1162 crearet,
503 1085 734 1169 tendebantque
748 1110 871 1151 summa
881 1109 950 1172 ope,
969 1099 1004 1152 ut
1018 1110 1096 1152 con·

79 1183 145 1246 ules
155 1190 344 1246 crearentur.
372 1202 444 1244 cum
454 1192 580 1244 senatus
590 1179 767 1244 consultum
781 1181 848 1244 lieri
862 1181 978 1246 tribuni
991 1181 1093 1266 plebis
1110 1200 1127 1249 8

77 1299 129 1340 ron
148 1286 339 1361 paterentur,
362 1273 446 1338 idem
463 1273 690 1339 intercederent
707 1274 925 1340 consularibus
947 1277 1093 1353 comitiis,

77 1393 115 1436 es
128 1370 168 1434 ad
181 1370 396 1455 interregnum
409 1369 511 1433 rediit.
533 1369 664 1433 victoria
677 1369 789 1434 deinde
802 1391 899 1454 penes
909 1382 1013 1454 patres
1023 1368 1093 1436 fuit.

125 1464 186 1528 LL
214 1462 257 1545 Q
271 1462 372 1527 Fabio
385 1462 543 1528 Vibulano
556 1463 710 1550 interrege
728 1464 854 1528 comitia
866 1463 1002 1527 habente
1020 1486 1095 1527 con·
1113 1485 1127 1532 1

77 1559 147 1624 mles
165 1557 263 1622 creati
281 1566 354 1620 sunt
366 1555 408 1621 A.
420 1555 585 1622 Cornelius
601 1556 732 1634 Cossus,
753 1555 825 1644 [L.]
839 1557 954 1622 Furius
967 1557 1095 1622 Medul-

77 1654 153 1718 inus.
196 1652 246 1716 his
269 1650 451 1716 consulibus
478 1652 631 1737 principio
658 1653 733 1717 anni
760 1665 887 1717 senatus
914 1653 1127 1719 consultumr

77 1748 183 1813 'actum
201 1755 263 1823 est,
292 1756 326 1809 ut
349 1746 388 1809 de
410 1747 592 1828 quaestione
610 1746 835 1812 Postumianae
853 1747 959 1811 caedis
977 1746 1095 1811 tribuni

77 1843 162 1906 *nmo
180 1862 307 1924 quoque
325 1850 464 1925 tempore
483 1841 523 1904 ad
540 1839 665 1926 plebem
682 1841 800 1905 ferrent
817 1839 989 1927 plebesque
1002 1862 1093 1925 prae-

77 1937 167 2000 lceret
191 1934 367 2018 quaestioni
388 1956 483 2017 quem
505 1935 607 2000 vellet.
643 1959 663 2000 a
688 1935 780 2022 plebe
806 1957 963 2001 consensu
985 1933 1127 2020 populis

77 2029 245 2096 *onsulibus
267 2029 430 2115 negotium
454 2030 633 2108 mandatum
661 2031 715 2114 qui
737 2054 861 2095 summa
882 2031 1094 2097 moderatione

77 2147 100 2190 c
115 2123 245 2188 lenitate
262 2145 319 2208 per
336 2145 508 2209 paucorum
534 2124 735 2210 supplicium,
759 2147 839 2208 quos
863 2125 988 2190 sibimet
1005 2127 1093 2210 ipsos

77 2218 224 2283 anscisse
233 2232 366 2281 mortem
376 2218 451 2282 satis
461 2218 611 2281 creditum
618 2232 675 2294 est,
695 2230 907 2296 transactam,
925 2220 1095 2302 nequivere

77 2336 168 2378 amen
187 2313 352 2395 consequi,
371 2324 406 2376 ut
422 2336 486 2377 non
503 2314 674 2398 aegerrime
692 2313 725 2376 id
742 2312 832 2397 plebs
851 2313 956 2376 ferret.
992 2312 1094 2378 iacere
1112 2334 1129 2381 4

77 2431 127 2473 am
145 2408 200 2471 diu
217 2407 326 2471 inritas
344 2407 481 2472 actiones
500 2429 581 2491 quae
599 2408 637 2471 de
657 2407 721 2471 suis
740 2406 911 2470 commodis
930 2405 1094 2486 ferrentur,

77 2522 137 2566 :um
148 2502 274 2565 interim
288 2501 327 2565 de
341 2501 494 2587 sanguine
508 2524 545 2575 ac
559 2501 712 2585 supplicio
728 2523 785 2564 suo
794 2500 890 2563 latam
904 2499 1007 2584 legem
1021 2521 1096 2563 con-

77 2594 170 2660 testim
188 2596 328 2660 exerceri
347 2608 378 2660 et
395 2607 514 2660 tantam
527 2598 592 2660 vim
605 2595 731 2660 habere.
758 2594 956 2680 aptissimum
970 2609 1094 2679 tempus
1113 2614 1129 2663 5

77 2687 175 2768 luerat,
194 2690 361 2755 vindicatis
380 2690 584 2755 seditionibus
599 2690 842 2754 delenimentum
855 2689 967 2754 animis
980 2688 1096 2753 Bolani

77 2785 134 2869 tgri
155 2785 343 2848 divisionem
369 2784 464 2861 obici,
493 2806 555 2866 quo
582 2785 665 2849 facto
693 2785 879 2848 minuissent
905 2783 1095 2848 desiderium

77 2879 206 2964 agrariae
228 2879 324 2964 legis,
351 2901 432 2963 quae
455 2901 603 2963 possesso
626 2901 682 2964 per
703 2878 848 2943 iniuriam
870 2901 948 2964 agro
969 2877 1095 2964 publico

77 2988 170 3054 patres
187 2973 334 3057 pellebat.
362 2982 437 3035 tunc
453 2972 531 3036 haec
544 2974 615 3058 ipsa
628 2973 797 3058 indignitas
813 2972 949 3058 angebat
962 2974 1092 3048 animos,
1114 2991 1128 3039 6

77 3085 136 3130 non
146 3068 177 3132 in
189 3067 359 3132 retinendis
373 3068 467 3132 modo
483 3067 618 3152 publicis
633 3068 727 3152 agris,
747 3090 827 3149 quos
837 3067 869 3130 vi
879 3080 1006 3142 teneret,
1026 3089 1096 3150 per-

78 3158 204 3225 tinacem
219 3161 414 3226 nobilitatem
433 3184 517 3239 esse,
542 3162 598 3226 sed
620 3184 659 3225 ne
682 3184 816 3225 vacuum
838 3161 964 3243 quidem
983 3182 1095 3244 agrum

77 3272 169 3338 nuper
185 3278 225 3320 ex
243 3255 386 3321 hostibus
410 3267 537 3341 captum
555 3255 640 3340 plebi
656 3256 809 3332 dividere,
832 3278 907 3318 mox
929 3253 1037 3338 paucis
1060 3262 1096 3317 ut

77 3362 170 3415 cetera
187 3350 328 3414 futurum
347 3352 490 3436 praedae.

131 3445 255 3510 Eodem
269 3469 351 3510 anno
364 3447 515 3511 adversus
529 3444 664 3510 Volscos
682 3445 869 3531 populantes
884 3443 1096 3509 Hernicorum
1115 3463 1130 3510 7

77 3530 145 3603 fines
162 3539 306 3626 legiones
324 3542 435 3606 ductae
454 3542 581 3606 aFurio
600 3540 728 3605 consule
746 3564 817 3604 oum
836 3541 958 3604 hostem
976 3539 1019 3603 ibi
1033 3561 1098 3602 non

76 3621 270 3712 breuissent,
289 3635 500 3713 Ferentinum,
520 3658 583 3718 quo
597 3659 714 3720 magna
727 3635 893 3699 multitudo
908 3634 1096 3698 Volscorum

77 3739 104 3791 te
120 3729 309 3807 contulerat,
337 3752 456 3815 cepere.
497 3730 600 3793 minus
623 3730 757 3814 praedae
779 3725 873 3812 quam
897 3739 1130 3814 speraverant8

77 3814 135 3901 luit,
154 3823 242 3907 quod
251 3821 369 3901 Volsci,
389 3835 554 3908 postquam
565 3846 637 3909 spes
653 3825 759 3887 tuendi
773 3825 888 3909 exigua
897 3837 972 3899 erat,
992 3821 1097 3886 subla

77 3912 108 3982 fis
123 3919 221 3983 rebus
237 3930 328 3983 nocte
341 3920 491 4004 oppidum
504 3919 704 4002 reliquerunt.
731 3933 856 4004 postero
870 3920 919 3982 die
933 3938 1029 4002 prope
1043 3913 1098 3976 de-

77 4026 187 4078 !ertum
204 4013 336 4098 capitur.
367 4013 516 4082 Hernicis
533 4014 639 4099 ipsum
657 4036 793 4100 agerque
812 4015 894 4077 dono
912 4012 1013 4074 datus.

114 4132 168 4176 Liri
183 4130 227 4175 ool.
237 4128 256 4173 l.
894 4111 925 4162 16
