2566 4524
357 292 476 346 LIBER
492 293 535 364 H,
553 293 598 349 45.
612 294 656 350 46.
678 299 717 363 [a.
730 295 761 353 Ο.
771 296 834 365 480]
1048 289 1110 355 107

89 453 241 521 Romanus
262 472 372 536 posse;
400 450 474 517 totis
493 451 604 518 castris
626 453 764 541 undique
787 454 829 518 ad
846 455 991 521 consules
1014 459 1112 523 curri-

88 559 136 614 tur.
170 569 237 613 non
254 545 318 611 iam
336 545 468 624 sensim,
487 555 626 626 utente,
645 570 702 634 per
719 549 935 613 centurionum
952 551 1110 639 principes

86 643 251 730 postulant,
280 640 337 705 sed
354 640 474 726 passim
496 663 606 706 omues
630 643 818 707 clamoribus
843 654 950 730 agunt.
987 655 1110 715 mantra

85 746 210 816 reserat,
230 735 478 822 tergiversantur
491 743 605 801 tamen.
632 735 754 802 Fabius
769 737 892 817 deinde,
912 740 952 803 ad
966 761 1109 807 crescen-
1129 761 1161 810 12

84 841 140 896 tem
150 829 321 895 tumultum
330 829 394 893 iam
407 837 494 895 metu
508 829 669 894 seditionis
683 831 804 918 collega
818 833 1018 912 concedente,
1038 857 1110 900 cum

82 926 236 992 silentium
253 923 386 990 classico
404 922 548 988 fecissett
577 929 652 1011 ‘ego
669 924 762 1003 istos,
790 924 849 991 Cn.
868 926 984 1007 Manli,
1012 951 1107 1014 posse

81 1022 200 1086 vincere
219 1018 300 1097 sci03
318 1018 398 1082 velle
416 1040 457 1083 ne
475 1019 597 1096 scirem,
616 1019 677 1105 ipsi
695 1019 851 1085 fecerunt:
869 1021 976 1104 itaque
989 1033 1109 1088 certum
1129 1043 1160 1092 13

79 1125 168 1200 atque
191 1115 353 1178 decretum
376 1122 437 1191 est,
465 1136 530 1178 non
556 1115 631 1178 dare
658 1114 798 1201 signum,
826 1117 888 1180 nisi
914 1117 1047 1183 victores
1075 1141 1109 1182 se

77 1211 229 1275 redituros
249 1231 288 1273 ex
305 1208 365 1272 hac
380 1231 491 1294 pugna
507 1209 620 1274 iurant.
650 1210 811 1274 consulem
823 1211 1004 1277 Romanum
1017 1213 1107 1278 miles

78 1304 174 1368 semel
190 1305 224 1367 in
243 1303 309 1366 acie
327 1301 448 1380 fefellit,
468 1303 544 1367 deos
562 1325 735 1387 numquam
753 1302 859 1369 fallet?
886 1306 1026 1371 centurio
1040 1318 1107 1372 erat

77 1399 122 1464 M.
144 1397 327 1463 Flavoleius
350 1397 431 1461 inter
450 1397 604 1482 primores
626 1419 753 1484 pugnae
775 1399 940 1485 flagitator.
978 1401 1109 1480 ‘vict0r,’

77 1495 174 1578 inquit
198 1492 260 1556 ιΜ.
277 1491 373 1568 Fabi,
400 1500 538 1556 revertar
560 1513 600 1555 ex
623 1492 708 1556 acic?
744 1492 771 1558 si
794 1493 896 1573 fallat,
923 1494 1034 1561 Iovem
1050 1519 1107 1581 pa
1127 1519 1160 1566 14

77 1601 154 1654 trem
173 1586 413 1669 Gradivumque
431 1583 569 1650 Martem
592 1585 733 1671 aliosque
754 1586 851 1654 iratos
873 1589 999 1654 invocat
1021 1591 1106 1656 deos.

76 1684 157 1749 idem
176 1681 326 1765 deinceps
345 1679 446 1744 omnis
465 1679 620 1744 exercitus
642 1680 676 1744 in
699 1703 733 1745 se
755 1681 888 1765 quisque
906 1682 1001 1761 iurat,
1025 1684 1109 1750 iura-

77 1778 114 1844 tis
132 1778 226 1842 datur
245 1775 385 1860 signum,
413 1797 500 1838 arma
518 1775 657 1859 capiunt,
686 1785 761 1839 eunt
778 1776 811 1839 in
828 1799 969 1862 pugnam
991 1778 1108 1842 irarum

77 1872 206 1958 speique
223 1869 322 1956 pleni3
344 1889 429 1932 nunc
445 1866 555 1933 iubent
571 1868 724 1934 Etruscos
747 1869 862 1955 probra
883 1871 998 1948 iacere,
1023 1893 1158 1942 nunc1a

77 1967 203 2032 armatis
230 1965 292 2031 sibi
323 1965 456 2049 quisque
485 1963 595 2051 lingua
623 1975 805 2050 promptum
835 1966 958 2032 hostem
989 1967 1106 2032 offerri.

77 2061 215 2127 omnium
232 2060 286 2125 illo
306 2060 370 2139 die,
397 2080 461 2142 qua
477 2058 593 2144 plebis,
621 2081 684 2142 qua
701 2069 840 2145 patrum,
869 2062 984 2126 eximia
1006 2063 1105 2127 virtus
1126 2083 1159 2132 ta

77 2155 146 2221 suit
180 2154 317 2221 Fabium
333 2175 458 2232 nomen,
475 2152 578 2219 Fabia
594 2174 674 2240 gens
693 2156 829 2219 maxime
848 2157 968 2220 enituit,
999 2156 1106 2222 multis

77 2249 218 2316 civilibus
241 2247 464 2314 certaminibus
485 2247 628 2313 infensos
650 2246 753 2333 plebis
776 2251 898 2314 animos
925 2251 979 2315 illa
1000 2274 1108 2337 pugna

77 2345 134 2411 sibi
159 2344 362 2412 reconciliare
394 2352 543 2408 statuunt.
583 2343 747 2408 instruitur
773 2345 870 2422 acies,
903 2367 962 2410 uec
987 2345 1106 2410 Veiens

77 2439 172 2506 bostis
191 2439 411 2523 Etruscaeque
427 2437 567 2525 legiones
586 2438 768 2502 detrectant.

133 2532 346 2601 XXXXVI.
381 2533 486 2619 Prope
505 2542 590 2598 certa
607 2555 680 2619 spes
699 2540 779 2610 erat,
797 2554 861 2597 non
877 2533 979 2619 magis
999 2554 1107 2598 secum
1127 2554 1140 2600 1

77 2638 269 2718 pugnaturos
292 2649 388 2712 quam
409 2627 579 2714 pugnarint
601 2649 674 2692 cum
696 2625 833 2710 Aequis,
857 2628 958 2690 maius
982 2648 1107 2710 quoque

77 2724 203 2810 aliquod
219 2724 253 2788 in
270 2732 337 2788 tam
353 2722 485 2787 inritatis
504 2722 618 2788 animis
641 2730 673 2787 et
691 2721 855 2787 occasione
873 2721 1001 2807 ancipiti
1022 2721 1109 2786 haud

77 2818 308 2908 desperandum
326 2840 396 2883 esse
415 2817 548 2882 facinus.
583 2839 635 2882 res
658 2817 747 2881 aliter
768 2817 861 2904 longe
885 2818 997 2882 evenit.
1032 2839 1108 2882 nam
1125 2835 1141 2884 2

77 2939 136 2982 uon
153 2915 218 2980 alio
236 2922 309 2978 ante
330 2912 413 2978 bello
435 2911 579 2977 infestior
595 2912 759 2977 Romanus
777 2951 820 2961 -
838 2913 917 2977 adeo
938 2912 1012 2977 hinc
1034 2934 1108 2978 con-

77 3009 213 3078 umeliis
239 3008 362 3086 hostes,
389 3007 462 3071 hinc
490 3005 635 3072 consules
662 3029 750 3072 mora
776 3006 1040 3072 exacerbaverant
1065 3043 1108 3055 -

77 3103 231 3191 proelium
250 3101 330 3168 iniit.
371 3102 426 3166 vix
447 3101 625 3187 explicandi
647 3101 772 3166 ordines
801 3101 939 3186 spatium
961 3099 1106 3165 Etruscis
1126 3121 1141 3170 a

77 3200 142 3279 trit,
163 3220 245 3278 cum,
262 3198 336 3285 pilis
354 3198 435 3263 inter
447 3198 581 3284 primam
594 3197 832 3282 trepidationem
846 3195 976 3261 abiectis
990 3204 1107 3259 temere

77 3295 175 3384 uagis
194 3316 291 3378 quam
305 3293 440 3371 emissis,
459 3315 567 3379 pugna
578 3291 643 3357 iam
655 3291 688 3356 in
702 3313 824 3369 manus,
842 3291 907 3355 iam
920 3289 961 3354 ad
974 3287 1107 3376 gladios,

77 3392 123 3458 tbi
142 3389 237 3456 Mars
256 3398 305 3454 est
322 3388 546 3465 atrocissimus,
565 3395 703 3453 venerat.
738 3386 820 3451 inter
837 3384 989 3472 primores
1005 3406 1107 3472 genus
1126 3404 1143 3451 4

77 3485 210 3553 labium
231 3483 349 3570 insigni
372 3481 552 3568 spectaculo
575 3479 784 3566 exemploque
805 3480 927 3546 civibus
955 3489 1031 3546 erat.
1069 3502 1109 3556 ex

77 3583 114 3648 ris
135 3579 299 3663 Quintum
315 3577 452 3644 Fabium
470 3615 512 3627 -
530 3577 621 3643 tertio
639 3576 692 3641 hic
709 3599 793 3642 anno
816 3586 888 3641 ante
906 3575 1018 3641 consul
1039 3573 1109 3639 fue-

77 3688 115 3744 at
133 3714 190 3753 -‚
210 3672 386 3760 principem
403 3673 436 3737 in
454 3670 610 3738 confertos
628 3669 780 3737 Veientes
799 3680 935 3748 euntem,
954 3669 1045 3734 ferox
1061 3667 1109 3732 vi-
1189 3663 1198 3712 32

77 3772 158 3839 ibus
178 3777 212 3834 et
230 3790 389 3833 armorum
406 3776 471 3832 arte
485 3767 611 3832 Tuscus
629 3766 790 3832 incautum
808 3766 888 3830 inter
905 3764 1021 3830 multas
1039 3784 1109 3828 ver-

77 3875 198 3932 rentem
216 3862 356 3928 hostium
377 3885 489 3927 manus
508 3860 614 3949 gladio
636 3883 693 3947 per
713 3871 824 3947 pectus
847 3859 1017 3944 transfigit3
1045 3855 1107 3920 telo

77 3968 226 4036 extracto,
243 3979 396 4044 praeceps
413 3956 533 4024 Fabius
552 3957 585 4021 in
602 3956 718 4021 vulnus
737 3953 824 4022 abiit.
860 3954 958 4020 sensit
975 3961 1107 4032 utraque
1127 3967 1141 4015 5

77 4055 158 4121 aies
181 4052 278 4119 unius
300 4052 360 4118 viri
382 4074 491 4119 casum
518 4051 712 4136 cedebatque
733 4051 807 4116 inde
829 4049 1008 4124 Romanus,
1035 4065 1108 4109 cum

1089 4164 1243 4258 F
