2566 4524
146 251 211 318 446
400 262 518 317 LIBER
535 260 636 332 VIIII,
653 259 679 316 5.
688 262 713 316 6.
733 264 808 331 [au.
819 277 843 318 c.
853 258 919 332 438]

113 445 130 494 a
146 420 274 488 foedere
291 442 355 509 pax
369 418 524 498 Caudina,
544 419 601 485 sed
617 440 674 505 per
692 418 896 505 sponsionem
912 416 1000 484 facta
1017 426 1073 484 est.
1102 419 1160 504 quid
1212 414 1213 423 ’

148 515 231 582 enim
249 526 304 581 aut
322 513 527 603 sponsoribus
545 513 579 578 in
595 513 723 579 foedere
741 535 821 600 opus
839 522 925 580 esset
937 521 995 579 aut
1007 511 1160 592 obsidibus,
1212 520 1213 547 ³

147 610 202 677 ubi
218 609 398 698 precatione
414 632 466 676 res
484 607 677 696 transigitur,
690 630 747 697 per
759 630 854 695 quem
870 608 1029 696 populum
1040 608 1104 690 fiat,
1115 631 1161 696 quo
1198 658 1201 665 -

147 705 252 771 minus
278 704 404 792 legibus
427 703 518 770 dictis
546 712 659 783 stetin,
686 711 722 768 ut
743 725 817 770 eum
842 703 888 770 ita
908 703 1057 793 Iuppiter
1079 703 1160 783 feriat,

112 801 413 888 squemadmodum
439 824 459 866 a
484 799 644 866 fetialibus
674 821 790 888 porcus
817 799 959 866 feriatun
1007 800 1162 888 spoponde-

146 905 221 962 runt
238 894 394 974 consules,
412 895 518 983 legati,
532 904 726 981 quaestores,
740 893 857 961 tribuni
874 894 1025 975 militum,
1043 893 1162 962 nomba·
1199 944 1202 949 -

149 1013 211 1077 que
228 989 369 1057 omnium
388 989 444 1076 qui
461 989 697 1077 spoponderunt
715 998 837 1069 extant,
855 988 925 1068 ubi,
951 989 982 1056 si
999 1011 1042 1057 ex
1057 989 1161 1057 foedere

147 1095 218 1152 acta
238 1107 289 1151 res
312 1095 410 1165 esset,
433 1093 654 1172 praeterquam
676 1084 810 1151 duorum
831 1083 989 1151 fetialium
1011 1107 1078 1152 non
1096 1093 1164 1154 exto·

116 1189 229 1251 orent.
266 1188 298 1246 et
318 1190 447 1268 propter
467 1179 678 1247 necessariam
696 1178 834 1247 foederis
852 1179 1040 1246 dilationem
1058 1177 1164 1247 obsides

149 1277 243 1343 etiam
262 1275 397 1342 sescenti
410 1274 532 1361 equites
546 1274 701 1363 imperati,
715 1274 770 1362 qui
784 1275 886 1363 capite
899 1275 1037 1357 luerent,
1053 1276 1165 1363 sipacto

114 1392 212 1442 enon
233 1379 376 1437 staretur.
417 1378 541 1457 tempus
563 1370 637 1436 inde
660 1379 813 1437 statutum
833 1369 995 1436 tradendis
1019 1368 1165 1438 obsidibus

149 1465 350 1551 exercituque
366 1465 479 1531 inermi
496 1466 658 1532 mittendo.
694 1464 919 1554 redintegravit
940 1465 1067 1532 luctum
1082 1466 1114 1531 in
1126 1485 1168 1530 ca-

149 1560 222 1626 stris
240 1559 406 1626 consulum
423 1561 587 1640 adventus,
606 1570 642 1626 nt
659 1561 714 1626 vix
732 1559 772 1626 ab
789 1560 829 1627 iis
847 1559 1045 1627 abstinerent
1062 1582 1167 1637 manus,

115 1668 130 1716 r
149 1675 283 1738 quorum
300 1655 474 1721 temeritate
491 1655 525 1721 in
543 1678 616 1722 eum
633 1654 739 1722 locum
756 1654 883 1722 deducti
902 1665 1027 1735 essent,
1051 1676 1170 1742 quorum
1211 1722 1213 1727 .

148 1749 275 1838 ignavia
292 1747 417 1816 foedius
434 1749 508 1815 inde
526 1772 622 1836 quarn
638 1749 798 1817 venissent
815 1749 943 1816 abituri:
962 1750 1028 1816 illis
1046 1773 1110 1818 non
1125 1749 1172 1815 du·
1211 1752 1213 1763 '

149 1867 219 1911 cem
241 1843 396 1922 locorum,
419 1867 482 1911 non
505 1844 735 1931 exploratorem
755 1843 870 1924 fuisse,
892 1843 1065 1936 beluarum
1090 1843 1172 1911 modo

114 1951 261 2005 ecaeccs
283 1938 316 2003 in
339 1938 466 2004 foveam
488 1938 604 2025 lapsos.
645 1938 699 2005 alii
720 1938 799 2007 alios
824 1939 954 2018 intueri,
978 1938 1173 2028 contemplari

149 2055 237 2099 arma
253 2055 329 2098 mox
342 2032 494 2098 tradenda
507 2043 539 2098 et
551 2033 686 2099 inermes
704 2033 827 2100 futuras
840 2033 969 2100 dextras
982 2033 1174 2120 obnoxiaque

149 2147 282 2214 corpora
302 2124 396 2193 hosti.
430 2148 606 2213 proponere
629 2126 754 2194 sibimet
775 2128 837 2214 ipsi
854 2137 926 2194 ante
945 2128 1058 2196 oculos
1075 2129 1176 2218 iugum

150 2219 266 2288 hostile
288 2229 319 2287 et
341 2220 477 2287 ludibria
497 2221 625 2288 victoris
647 2231 679 2287 et
696 2221 802 2288 vultus
826 2221 981 2311 superbos
1004 2233 1039 2290 et
1060 2246 1117 2312 per
1135 2242 1177 2288 ar-

115 2338 129 2387 e
147 2324 250 2383 matos
267 2314 437 2382 inermium
449 2315 517 2394 iter,
531 2314 605 2382 inde
618 2315 705 2382 foedi
722 2317 857 2405 agminis
870 2315 1089 2385 miserabilem
1100 2317 1177 2384 viam

147 2435 205 2501 per
222 2411 378 2478 sociorum
396 2409 500 2491 urbes,
522 2410 658 2478 reditum
675 2412 710 2477 iu
726 2413 861 2499 patriam
878 2412 919 2479 ad
940 2423 1104 2501 parentes,
1122 2433 1178 2500 quo

97 2529 130 2579 10
149 2529 244 2595 saepe
264 2507 327 2594 ipsi
348 2505 546 2593 maioresque
565 2529 674 2573 eorum
691 2507 920 2595 triumphantes
938 2509 1115 2576 venissent
1149 2529 1179 2572 se

149 2604 234 2671 solos
258 2602 326 2668 sine
347 2601 492 2682 vulnere,
517 2602 584 2668 sine
606 2602 705 2681 ferro,
729 2602 797 2668 sine
815 2602 882 2668 acie
898 2603 1019 2682 victos,
1045 2603 1108 2671 sibi
1123 2624 1179 2669 non

148 2699 302 2786 stringere
319 2696 447 2764 licuisse
464 2695 598 2784 gladios,
613 2719 677 2763 non
690 2719 820 2763 manum
834 2718 906 2788 oum
923 2697 1020 2764 hoste
1033 2697 1179 2775 conferre,

97 2813 128 2863 11
149 2793 210 2860 sibi
227 2791 419 2876 nequiquam
437 2791 560 2858 animos
578 2792 679 2858 datos.
714 2791 794 2858 haec
811 2791 1024 2860 frementibus
1042 2792 1123 2861 hora
1138 2793 1180 2859 fa·

147 2887 219 2953 talis
231 2885 423 2973 ignominiae
436 2886 572 2966 advenit,
583 2886 689 2954 omnia
701 2886 839 2953 tristiora
852 2887 1054 2974 experiundo
1065 2889 1179 2956 facturn

97 3003 129 3053 12
148 3003 244 3067 qnam
261 3001 343 3065 quae
360 2991 583 3070 praeceperant
600 2981 723 3048 animis.
749 2981 813 3047 iarn
825 2981 964 3070 primum
983 3003 1062 3049 cum
1080 2983 1179 3072 singn-

149 3076 188 3158 lis
207 3075 405 3142 vestimentis
425 3075 561 3142 inermes
580 3085 669 3143 extra
685 3075 804 3143 vallum
826 3075 911 3142 exire
932 3076 1018 3143 iussi
1042 3087 1075 3144 et
1095 3075 1179 3166 prim

98 3185 130 3239 1³
150 3171 256 3238 traditi
275 3168 402 3238 obsides
421 3180 515 3256 atque
531 3171 566 3237 in
582 3170 759 3238 custodiam
776 3170 913 3250 abducti,
932 3180 1003 3238 tum
1018 3196 1040 3240 a
1053 3172 1180 3241 consuli-

146 3267 206 3334 bus
225 3265 312 3333 abire
328 3265 452 3332 lictores
474 3266 554 3332 iussi
574 3266 859 3354 paludamentaque
877 3266 1041 3334 deuecta:
1069 3277 1179 3335 taum

148 3365 210 3456 [id]
229 3366 310 3433 inter
326 3366 424 3453 ipsos,
442 3364 498 3452 qui
514 3364 621 3452 paullo
640 3373 712 3431 aute
735 3386 791 3431 eos
812 3372 1001 3430 execrantes
1024 3363 1177 3432 dedendos

97 3481 130 3528 14
147 3460 395 3545 lacerandosque
407 3469 604 3539 censuerant,
614 3458 847 3527 miserationem
858 3457 946 3538 fecit,
956 3468 994 3524 ut
1010 3483 1091 3528 suae
1103 3457 1178 3546 quis·

147 3578 209 3642 qne
228 3554 421 3623 condicionis
439 3556 556 3623 oblitus
574 3555 615 3623 ab
636 3554 692 3622 illa
709 3554 937 3622 defonnatione
959 3564 1073 3623 mutae
1094 3554 1179 3622 maio¹

147 3649 237 3719 statis
255 3651 342 3718 velut
358 3651 399 3718 ab
416 3651 553 3717 nefando
573 3650 754 3739 spectaculo
773 3659 931 3717 averteret
948 3651 1077 3720 oculos.

114 3766 127 3812 1
212 3744 273 3814 VI.
298 3745 400 3815 Primi
417 3745 566 3813 consules
582 3767 681 3835 prope
699 3745 856 3813 seminudi
874 3743 936 3812 sub
953 3745 1072 3835 iugum
1088 3741 1175 3818 nissi,

146 3855 213 3910 tum
230 3842 419 3928 utquisque
436 3840 538 3929 gradu
554 3863 728 3928 proxume
746 3850 828 3920 erat,
850 3840 895 3907 ita
916 3841 1116 3928 ignominiae
1130 3836 1177 3904 ob·

112 3957 127 4005 a
146 3939 257 4018 iectus,
276 3946 346 4003 tum
362 3934 513 4023 demceps
529 3935 673 4025 singulae
690 3935 841 4025 legiones.
869 3935 1120 4004 ebcumsmbant
1135 3952 1177 3998 ar·

146 4032 224 4100 mati
244 4031 354 4099 hostes
377 4029 603 4119 exprobrantes
621 4031 861 4117 eludentesqne3
888 4029 992 4120 gladii
1009 4033 1104 4098 etiam
1119 4026 1176 4116 ple·
