<?xml version="1.0" encoding="UTF-8"?>
<!DOCTYPE html PUBLIC "-//W3C//DTD XHTML 1.0 Transitional//EN"
    "http://www.w3.org/TR/xhtml1/DTD/xhtml1-transitional.dtd">
<html xmlns="http://www.w3.org/1999/xhtml" xml:lang="en" lang="en">
 <head>
  <title>
</title>
<meta http-equiv="Content-Type" content="text/html;charset=utf-8" />
  <meta name='ocr-system' content='tesseract 3.04.00' />
  <meta name='ocr-capabilities' content='ocr_page ocr_carea ocr_par ocr_line ocrx_word'/>
</head>
<body>
  <div class='ocr_page' id='page_1' title='image "./titiliviaburbec01weisgoog_0540.png"; bbox 0 0 2566 4524; ppageno 0'>
   <div class='ocr_carea' id='block_1_1' title="bbox 310 217 1184 305">
    <p class='ocr_par' dir='ltr' id='par_1_1' title="bbox 310 217 1184 305">
     <span class='ocr_line' id='line_1_1' title="bbox 310 217 1184 305; baseline 0.009 -24"><span class='ocrx_word' id='word_1_1' title='bbox 310 225 429 282; x_wconf 75' lang='lat' dir='ltr'>aman</span> <span class='ocrx_word' id='word_1_2' title='bbox 444 225 545 299; x_wconf 84' lang='lat' dir='ltr'>vnn,</span> <span class='ocrx_word' id='word_1_3' title='bbox 562 227 606 285; x_wconf 93' lang='lat'>11.</span> <span class='ocrx_word' id='word_1_4' title='bbox 621 226 665 284; x_wconf 83' lang='lat' dir='ltr'>ra.</span> <span class='ocrx_word' id='word_1_5' title='bbox 684 231 725 305; x_wconf 72' lang='lat' dir='ltr'>[a.</span> <span class='ocrx_word' id='word_1_6' title='bbox 736 227 841 301; x_wconf 74' lang='lat' dir='ltr'>omo]</span> <span class='ocrx_word' id='word_1_7' title='bbox 1019 217 1090 293; x_wconf 81' lang='lat'>453¹</span> <span class='ocrx_word' id='word_1_8' title='bbox 1183 300 1184 304; x_wconf 7' lang='grc' dir='ltr'><strong><em>Ν</em></strong></span> 
     </span>
    </p>
   </div>
   <div class='ocr_carea' id='block_1_2' title="bbox 67 382 1133 666">
    <p class='ocr_par' dir='ltr' id='par_1_2' title="bbox 67 382 1133 666">
     <span class='ocr_line' id='line_1_2' title="bbox 67 382 1083 476; baseline 0.005 -24"><span class='ocrx_word' id='word_1_9' title='bbox 67 409 109 475; x_wconf 60' lang='lat' dir='ltr'>cer</span> <span class='ocrx_word' id='word_1_10' title='bbox 127 385 310 472; x_wconf 81' lang='lat' dir='ltr'>pactionem</span> <span class='ocrx_word' id='word_1_11' title='bbox 331 382 465 465; x_wconf 84' lang='lat' dir='ltr'><strong>habeas,</strong></span> <span class='ocrx_word' id='word_1_12' title='bbox 492 393 539 451; x_wconf 89' lang='lat' dir='ltr'>tot</span> <span class='ocrx_word' id='word_1_13' title='bbox 560 385 645 452; x_wconf 88' lang='lat' dir='ltr'>cives</span> <span class='ocrx_word' id='word_1_14' title='bbox 667 384 856 468; x_wconf 79' lang='lat' dir='ltr'><strong>incolumes,</strong></span> <span class='ocrx_word' id='word_1_15' title='bbox 880 409 940 476; x_wconf 89' lang='lat' dir='ltr'>ego</span> <span class='ocrx_word' id='word_1_16' title='bbox 960 411 1083 476; x_wconf 82' lang='lat' dir='ltr'>pacem,</span> 
     </span>
     <span class='ocr_line' id='line_1_3' title="bbox 67 478 1083 567; baseline 0.004 -20"><span class='ocrx_word' id='word_1_17' title='bbox 67 504 148 567; x_wconf 72' lang='lat' dir='ltr'>quam</span> <span class='ocrx_word' id='word_1_18' title='bbox 164 479 225 546; x_wconf 92' lang='lat' dir='ltr'>hos</span> <span class='ocrx_word' id='word_1_19' title='bbox 243 478 300 545; x_wconf 91' lang='lat' dir='ltr'>tibi</span> <span class='ocrx_word' id='word_1_20' title='bbox 316 479 502 546; x_wconf 88' lang='lat' dir='ltr'>remittendo</span> <span class='ocrx_word' id='word_1_21' title='bbox 523 490 634 566; x_wconf 88' lang='lat' dir='ltr'>pactus</span> <span class='ocrx_word' id='word_1_22' title='bbox 657 502 742 559; x_wconf 90' lang='lat' dir='ltr'>sum,</span> <span class='ocrx_word' id='word_1_23' title='bbox 765 503 830 548; x_wconf 94' lang='lat' dir='ltr'>non</span> <span class='ocrx_word' id='word_1_24' title='bbox 849 479 999 563; x_wconf 84' lang='lat' dir='ltr'>habeam,</span> <span class='ocrx_word' id='word_1_25' title='bbox 1021 483 1083 551; x_wconf 93' lang='lat' dir='ltr'>hoc</span> 
     </span>
     <span class='ocr_line' id='line_1_4' title="bbox 67 572 1133 666; baseline 0.005 -25"><span class='ocrx_word' id='word_1_26' title='bbox 67 599 94 655; x_wconf 91' lang='lat' dir='ltr'>u,</span> <span class='ocrx_word' id='word_1_27' title='bbox 103 574 149 641; x_wconf 87' lang='lat' dir='ltr'>A.</span> <span class='ocrx_word' id='word_1_28' title='bbox 160 573 298 654; x_wconf 84' lang='lat' dir='ltr'>Corneli,</span> <span class='ocrx_word' id='word_1_29' title='bbox 312 572 374 640; x_wconf 90' lang='lat' dir='ltr'>hoc</span> <span class='ocrx_word' id='word_1_30' title='bbox 387 596 454 652; x_wconf 87' lang='lat' dir='ltr'>vos,</span> <span class='ocrx_word' id='word_1_31' title='bbox 469 573 601 654; x_wconf 88' lang='lat' dir='ltr'>fetiales,</span> <span class='ocrx_word' id='word_1_32' title='bbox 615 574 692 641; x_wconf 91' lang='lat' dir='ltr'>iuris</span> <span class='ocrx_word' id='word_1_33' title='bbox 710 575 858 662; x_wconf 88' lang='lat' dir='ltr'>gentibus</span> <span class='ocrx_word' id='word_1_34' title='bbox 872 576 996 644; x_wconf 85' lang='lat' dir='ltr'>dicitis?</span> <span class='ocrx_word' id='word_1_35' title='bbox 1021 601 1081 666; x_wconf 91' lang='lat' dir='ltr'>ego</span> <span class='ocrx_word' id='word_1_36' title='bbox 1099 600 1133 652; x_wconf 76' lang='grc' dir='ltr'>ιο</span> 
     </span>
    </p>
   </div>
   <div class='ocr_carea' id='block_1_3' title="bbox 66 668 1134 4064">
    <p class='ocr_par' dir='ltr' id='par_1_3' title="bbox 67 668 1134 1870">
     <span class='ocr_line' id='line_1_5' title="bbox 67 668 1083 757; baseline 0.002 -21"><span class='ocrx_word' id='word_1_37' title='bbox 67 693 125 737; x_wconf 85' lang='lat' dir='ltr'>ero</span> <span class='ocrx_word' id='word_1_38' title='bbox 143 670 234 749; x_wconf 90' lang='lat' dir='ltr'>istos,</span> <span class='ocrx_word' id='word_1_39' title='bbox 253 691 332 754; x_wconf 90' lang='lat' dir='ltr'>quos</span> <span class='ocrx_word' id='word_1_40' title='bbox 350 668 424 734; x_wconf 92' lang='lat' dir='ltr'>dedi</span> <span class='ocrx_word' id='word_1_41' title='bbox 442 669 606 748; x_wconf 82' lang='lat' dir='ltr'>simulatis,</span> <span class='ocrx_word' id='word_1_42' title='bbox 624 692 684 735; x_wconf 91' lang='lat' dir='ltr'>nec</span> <span class='ocrx_word' id='word_1_43' title='bbox 696 670 816 757; x_wconf 88' lang='lat' dir='ltr'>accipio</span> <span class='ocrx_word' id='word_1_44' title='bbox 833 693 893 738; x_wconf 90' lang='lat' dir='ltr'>neo</span> <span class='ocrx_word' id='word_1_45' title='bbox 910 671 983 738; x_wconf 88' lang='lat' dir='ltr'>dedi</span> <span class='ocrx_word' id='word_1_46' title='bbox 999 672 1083 740; x_wconf 89' lang='lat' dir='ltr'>arbi-</span> 
     </span>
     <span class='ocr_line' id='line_1_6' title="bbox 67 763 1071 855; baseline 0 -23"><span class='ocrx_word' id='word_1_47' title='bbox 67 788 126 844; x_wconf 89' lang='lat' dir='ltr'>ror,</span> <span class='ocrx_word' id='word_1_48' title='bbox 151 785 213 830; x_wconf 89' lang='lat' dir='ltr'>neo</span> <span class='ocrx_word' id='word_1_49' title='bbox 228 785 348 842; x_wconf 87' lang='lat' dir='ltr'>moror,</span> <span class='ocrx_word' id='word_1_50' title='bbox 370 785 434 848; x_wconf 93' lang='lat' dir='ltr'>quo</span> <span class='ocrx_word' id='word_1_51' title='bbox 451 763 555 830; x_wconf 86' lang='lat' dir='ltr'>minus</span> <span class='ocrx_word' id='word_1_52' title='bbox 572 764 606 829; x_wconf 94' lang='lat' dir='ltr'>in</span> <span class='ocrx_word' id='word_1_53' title='bbox 624 763 782 830; x_wconf 85' lang='lat' dir='ltr'>civitatem</span> <span class='ocrx_word' id='word_1_54' title='bbox 799 764 971 854; x_wconf 79' lang='lat' dir='ltr'>obligatam</span> <span class='ocrx_word' id='word_1_55' title='bbox 988 789 1071 855; x_wconf 91' lang='lat' dir='ltr'>spon</span> 
     </span>
     <span class='ocr_line' id='line_1_7' title="bbox 69 857 1083 944; baseline 0.002 -18"><span class='ocrx_word' id='word_1_56' title='bbox 69 861 140 926; x_wconf 90' lang='lat' dir='ltr'>ione</span> <span class='ocrx_word' id='word_1_57' title='bbox 159 857 331 926; x_wconf 88' lang='lat' dir='ltr'>commissa</span> <span class='ocrx_word' id='word_1_58' title='bbox 347 857 434 923; x_wconf 90' lang='lat' dir='ltr'>iratis</span> <span class='ocrx_word' id='word_1_59' title='bbox 453 857 599 924; x_wconf 92' lang='lat' dir='ltr'>omnibus</span> <span class='ocrx_word' id='word_1_60' title='bbox 617 858 692 936; x_wconf 90' lang='lat' dir='ltr'>diis,</span> <span class='ocrx_word' id='word_1_61' title='bbox 715 881 850 944; x_wconf 91' lang='lat' dir='ltr'>quorum</span> <span class='ocrx_word' id='word_1_62' title='bbox 872 860 1008 927; x_wconf 90' lang='lat' dir='ltr'>eluditur</span> <span class='ocrx_word' id='word_1_63' title='bbox 1024 885 1083 928; x_wconf 92' lang='lat' dir='ltr'>nu-</span> 
     </span>
     <span class='ocr_line' id='line_1_8' title="bbox 67 950 1134 1040; baseline 0.003 -20"><span class='ocrx_word' id='word_1_64' title='bbox 67 977 132 1033; x_wconf 88' lang='lat' dir='ltr'>ucn,</span> <span class='ocrx_word' id='word_1_65' title='bbox 151 953 292 1020; x_wconf 84' lang='lat' dir='ltr'>redeant.</span> <span class='ocrx_word' id='word_1_66' title='bbox 323 950 424 1040; x_wconf 88' lang='lat' dir='ltr'>gerite</span> <span class='ocrx_word' id='word_1_67' title='bbox 440 950 569 1030; x_wconf 90' lang='lat' dir='ltr'>bellum,</span> <span class='ocrx_word' id='word_1_68' title='bbox 587 954 713 1037; x_wconf 90' lang='lat' dir='ltr'>quando</span> <span class='ocrx_word' id='word_1_69' title='bbox 724 950 780 1039; x_wconf 87' lang='lat' dir='ltr'>Sp.</span> <span class='ocrx_word' id='word_1_70' title='bbox 790 952 974 1021; x_wconf 88' lang='lat' dir='ltr'>Postumius</span> <span class='ocrx_word' id='word_1_71' title='bbox 988 957 1081 1024; x_wconf 89' lang='lat' dir='ltr'>modo</span> <span class='ocrx_word' id='word_1_72' title='bbox 1102 979 1134 1029; x_wconf 80' lang='lat'>11</span> 
     </span>
     <span class='ocr_line' id='line_1_9' title="bbox 67 1044 1082 1136; baseline 0.002 -22"><span class='ocrx_word' id='word_1_73' title='bbox 67 1058 192 1136; x_wconf 85' lang='lat' dir='ltr'>egatum</span> <span class='ocrx_word' id='word_1_74' title='bbox 208 1044 348 1112; x_wconf 80' lang='lat' dir='ltr'>fetialem</span> <span class='ocrx_word' id='word_1_75' title='bbox 364 1068 450 1132; x_wconf 90' lang='lat' dir='ltr'>genu</span> <span class='ocrx_word' id='word_1_76' title='bbox 466 1046 608 1132; x_wconf 90' lang='lat' dir='ltr'>perculit.</span> <span class='ocrx_word' id='word_1_77' title='bbox 634 1047 679 1112; x_wconf 86' lang='lat' dir='ltr'>ita</span> <span class='ocrx_word' id='word_1_78' title='bbox 696 1047 741 1112; x_wconf 89' lang='lat' dir='ltr'>dii</span> <span class='ocrx_word' id='word_1_79' title='bbox 758 1048 894 1128; x_wconf 87' lang='lat' dir='ltr'>credent,</span> <span class='ocrx_word' id='word_1_80' title='bbox 906 1047 1082 1116; x_wconf 86' lang='lat' dir='ltr'>Samnitem</span> 
     </span>
     <span class='ocr_line' id='line_1_10' title="bbox 67 1140 1081 1219; baseline 0.009 -17"><span class='ocrx_word' id='word_1_81' title='bbox 67 1145 154 1208; x_wconf 84' lang='lat' dir='ltr'>ivam</span> <span class='ocrx_word' id='word_1_82' title='bbox 162 1140 374 1219; x_wconf 85' lang='lat' dir='ltr'>Postumium,</span> <span class='ocrx_word' id='word_1_83' title='bbox 391 1163 456 1206; x_wconf 92' lang='lat' dir='ltr'>non</span> <span class='ocrx_word' id='word_1_84' title='bbox 469 1141 571 1206; x_wconf 88' lang='lat' dir='ltr'>civem</span> <span class='ocrx_word' id='word_1_85' title='bbox 583 1140 763 1207; x_wconf 85' lang='lat' dir='ltr'>Romanum</span> <span class='ocrx_word' id='word_1_86' title='bbox 777 1164 847 1208; x_wconf 88' lang='lat' dir='ltr'>csse</span> <span class='ocrx_word' id='word_1_87' title='bbox 861 1153 892 1208; x_wconf 89' lang='lat' dir='ltr'>et</span> <span class='ocrx_word' id='word_1_88' title='bbox 905 1167 925 1208; x_wconf 90' lang='lat' dir='ltr'>a</span> <span class='ocrx_word' id='word_1_89' title='bbox 939 1142 1081 1211; x_wconf 82' lang='lat' dir='ltr'>Samnite</span> 
     </span>
     <span class='ocr_line' id='line_1_11' title="bbox 67 1234 1082 1324; baseline 0.004 -22"><span class='ocrx_word' id='word_1_90' title='bbox 67 1246 191 1324; x_wconf 87' lang='lat' dir='ltr'>egatum</span> <span class='ocrx_word' id='word_1_91' title='bbox 198 1235 380 1302; x_wconf 85' lang='lat' dir='ltr'>Romanum</span> <span class='ocrx_word' id='word_1_92' title='bbox 390 1234 551 1315; x_wconf 84' lang='lat' dir='ltr'>violatum,</span> <span class='ocrx_word' id='word_1_93' title='bbox 561 1257 599 1300; x_wconf 91' lang='lat' dir='ltr'>eo</span> <span class='ocrx_word' id='word_1_94' title='bbox 608 1235 699 1302; x_wconf 89' lang='lat' dir='ltr'>vobis</span> <span class='ocrx_word' id='word_1_95' title='bbox 712 1236 829 1302; x_wconf 89' lang='lat' dir='ltr'>iustum</span> <span class='ocrx_word' id='word_1_96' title='bbox 842 1237 877 1302; x_wconf 92' lang='lat' dir='ltr'>in</span> <span class='ocrx_word' id='word_1_97' title='bbox 889 1260 948 1303; x_wconf 92' lang='lat' dir='ltr'>nos</span> <span class='ocrx_word' id='word_1_98' title='bbox 961 1239 1082 1306; x_wconf 83' lang='lat' dir='ltr'>factum</span> 
     </span>
     <span class='ocr_line' id='line_1_12' title="bbox 67 1328 1134 1419; baseline 0.009 -29"><span class='ocrx_word' id='word_1_99' title='bbox 67 1352 121 1397; x_wconf 70' lang='lat' dir='ltr'>:sse</span> <span class='ocrx_word' id='word_1_100' title='bbox 138 1329 270 1396; x_wconf 89' lang='lat' dir='ltr'>bellum.</span> <span class='ocrx_word' id='word_1_101' title='bbox 304 1329 384 1395; x_wconf 91' lang='lat' dir='ltr'>haec</span> <span class='ocrx_word' id='word_1_102' title='bbox 401 1328 536 1396; x_wconf 91' lang='lat' dir='ltr'>ludibria</span> <span class='ocrx_word' id='word_1_103' title='bbox 556 1329 745 1417; x_wconf 84' lang='lat' dir='ltr'>religionum</span> <span class='ocrx_word' id='word_1_104' title='bbox 762 1352 826 1396; x_wconf 91' lang='lat' dir='ltr'>non</span> <span class='ocrx_word' id='word_1_105' title='bbox 847 1333 965 1419; x_wconf 90' lang='lat' dir='ltr'>pudere</span> <span class='ocrx_word' id='word_1_106' title='bbox 982 1333 1016 1399; x_wconf 90' lang='lat' dir='ltr'>in</span> <span class='ocrx_word' id='word_1_107' title='bbox 1031 1333 1081 1400; x_wconf 91' lang='lat' dir='ltr'>lu·</span> <span class='ocrx_word' id='word_1_108' title='bbox 1101 1357 1134 1408; x_wconf 77' lang='lat'>12</span> 
     </span>
     <span class='ocr_line' id='line_1_13' title="bbox 69 1422 1081 1513; baseline 0.003 -23"><span class='ocrx_word' id='word_1_109' title='bbox 69 1447 118 1490; x_wconf 90' lang='lat' dir='ltr'>em</span> <span class='ocrx_word' id='word_1_110' title='bbox 135 1424 277 1510; x_wconf 89' lang='lat' dir='ltr'>proferre</span> <span class='ocrx_word' id='word_1_111' title='bbox 295 1433 326 1489; x_wconf 90' lang='lat' dir='ltr'>et</span> <span class='ocrx_word' id='word_1_112' title='bbox 343 1422 398 1488; x_wconf 85' lang='lat' dir='ltr'>vix</span> <span class='ocrx_word' id='word_1_113' title='bbox 414 1423 521 1510; x_wconf 88' lang='lat' dir='ltr'>pueris</span> <span class='ocrx_word' id='word_1_114' title='bbox 538 1424 651 1512; x_wconf 89' lang='lat' dir='ltr'>dignas</span> <span class='ocrx_word' id='word_1_115' title='bbox 670 1424 821 1513; x_wconf 82' lang='lat' dir='ltr'>ambages</span> <span class='ocrx_word' id='word_1_116' title='bbox 840 1447 939 1493; x_wconf 85' lang='lat' dir='ltr'>senes·</span> <span class='ocrx_word' id='word_1_117' title='bbox 950 1449 989 1493; x_wconf 92' lang='lat' dir='ltr'>ac</span> <span class='ocrx_word' id='word_1_118' title='bbox 1006 1449 1081 1494; x_wconf 92' lang='lat' dir='ltr'>oon-</span> 
     </span>
     <span class='ocr_line' id='line_1_14' title="bbox 67 1519 1133 1604; baseline 0.008 -19"><span class='ocrx_word' id='word_1_119' title='bbox 67 1520 172 1586; x_wconf 86' lang='lat' dir='ltr'>nlares</span> <span class='ocrx_word' id='word_1_120' title='bbox 198 1519 355 1585; x_wconf 85' lang='lat' dir='ltr'>fallendae</span> <span class='ocrx_word' id='word_1_121' title='bbox 380 1519 455 1583; x_wconf 91' lang='lat' dir='ltr'>fidei</span> <span class='ocrx_word' id='word_1_122' title='bbox 477 1519 654 1604; x_wconf 81' lang='lat' dir='ltr'>exquirere!</span> <span class='ocrx_word' id='word_1_123' title='bbox 689 1520 715 1600; x_wconf 91' lang='lat' dir='ltr'>i,</span> <span class='ocrx_word' id='word_1_124' title='bbox 738 1520 841 1601; x_wconf 90' lang='lat' dir='ltr'>lictor,</span> <span class='ocrx_word' id='word_1_125' title='bbox 864 1522 955 1588; x_wconf 90' lang='lat' dir='ltr'>deme</span> <span class='ocrx_word' id='word_1_126' title='bbox 976 1521 1133 1594; x_wconf 72' lang='lat' dir='ltr'>vinolam</span> 
     </span>
     <span class='ocr_line' id='line_1_15' title="bbox 67 1613 1081 1699; baseline 0.002 -19"><span class='ocrx_word' id='word_1_127' title='bbox 67 1613 219 1680; x_wconf 72' lang='lat' dir='ltr'>iomanis:</span> <span class='ocrx_word' id='word_1_128' title='bbox 242 1621 381 1679; x_wconf 82' lang='lat' dir='ltr'>moratus</span> <span class='ocrx_word' id='word_1_129' title='bbox 399 1613 441 1679; x_wconf 90' lang='lat' dir='ltr'>sit</span> <span class='ocrx_word' id='word_1_130' title='bbox 457 1635 565 1694; x_wconf 89' lang='lat' dir='ltr'>nemo,</span> <span class='ocrx_word' id='word_1_131' title='bbox 583 1636 647 1699; x_wconf 90' lang='lat' dir='ltr'>quo</span> <span class='ocrx_word' id='word_1_132' title='bbox 665 1614 769 1680; x_wconf 90' lang='lat' dir='ltr'>minus</span> <span class='ocrx_word' id='word_1_133' title='bbox 791 1614 847 1681; x_wconf 89' lang='lat' dir='ltr'>ubi</span> <span class='ocrx_word' id='word_1_134' title='bbox 864 1616 969 1682; x_wconf 86' lang='lat' dir='ltr'>visum</span> <span class='ocrx_word' id='word_1_135' title='bbox 986 1616 1081 1682; x_wconf 86' lang='lat' dir='ltr'>fuerit</span> 
     </span>
     <span class='ocr_line' id='line_1_16' title="bbox 67 1707 1082 1795; baseline 0.003 -19"><span class='ocrx_word' id='word_1_136' title='bbox 67 1708 184 1776; x_wconf 87' lang='lat' dir='ltr'>beant’</span> <span class='ocrx_word' id='word_1_137' title='bbox 216 1717 247 1774; x_wconf 90' lang='lat' dir='ltr'>et</span> <span class='ocrx_word' id='word_1_138' title='bbox 263 1707 310 1773; x_wconf 88' lang='lat' dir='ltr'>illi</span> <span class='ocrx_word' id='word_1_139' title='bbox 327 1707 455 1793; x_wconf 90' lang='lat' dir='ltr'>quidem</span> <span class='ocrx_word' id='word_1_140' title='bbox 472 1707 604 1775; x_wconf 88' lang='lat' dir='ltr'>forsitan</span> <span class='ocrx_word' id='word_1_141' title='bbox 623 1718 654 1774; x_wconf 89' lang='lat' dir='ltr'>et</span> <span class='ocrx_word' id='word_1_142' title='bbox 670 1709 807 1795; x_wconf 89' lang='lat' dir='ltr'>publica,</span> <span class='ocrx_word' id='word_1_143' title='bbox 827 1732 884 1776; x_wconf 88' lang='lat' dir='ltr'>sua</span> <span class='ocrx_word' id='word_1_144' title='bbox 902 1721 985 1778; x_wconf 87' lang='lat' dir='ltr'>certe</span> <span class='ocrx_word' id='word_1_145' title='bbox 1002 1711 1082 1778; x_wconf 90' lang='lat' dir='ltr'>libe-</span> 
     </span>
     <span class='ocr_line' id='line_1_17' title="bbox 67 1800 1078 1870; baseline 0.001 -1"><span class='ocrx_word' id='word_1_146' title='bbox 67 1811 118 1869; x_wconf 87' lang='lat' dir='ltr'>ata</span> <span class='ocrx_word' id='word_1_147' title='bbox 133 1801 259 1868; x_wconf 71' lang='lat' dir='ltr'>fide&#39;ab</span> <span class='ocrx_word' id='word_1_148' title='bbox 277 1800 401 1867; x_wconf 88' lang='lat' dir='ltr'>Caudio</span> <span class='ocrx_word' id='word_1_149' title='bbox 418 1801 452 1866; x_wconf 92' lang='lat' dir='ltr'>in</span> <span class='ocrx_word' id='word_1_150' title='bbox 470 1811 573 1868; x_wconf 91' lang='lat' dir='ltr'>castra</span> <span class='ocrx_word' id='word_1_151' title='bbox 589 1803 736 1868; x_wconf 85' lang='lat' dir='ltr'>Romana</span> <span class='ocrx_word' id='word_1_152' title='bbox 751 1802 893 1869; x_wconf 90' lang='lat' dir='ltr'>inviolati</span> <span class='ocrx_word' id='word_1_153' title='bbox 910 1805 1078 1870; x_wconf 84' lang='lat' dir='ltr'>redienmt</span> 
     </span>
    </p>

    <p class='ocr_par' dir='ltr' id='par_1_4' title="bbox 66 1893 1113 3097">
     <span class='ocr_line' id='line_1_18' title="bbox 112 1893 1113 1985; baseline 0.005 -22"><span class='ocrx_word' id='word_1_154' title='bbox 112 1896 197 1963; x_wconf 90' lang='lat' dir='ltr'>XII.</span> <span class='ocrx_word' id='word_1_155' title='bbox 222 1893 417 1962; x_wconf 87' lang='lat' dir='ltr'>Samnitibus</span> <span class='ocrx_word' id='word_1_156' title='bbox 435 1919 493 1982; x_wconf 90' lang='lat' dir='ltr'>pro</span> <span class='ocrx_word' id='word_1_157' title='bbox 508 1896 644 1983; x_wconf 89' lang='lat' dir='ltr'>superba</span> <span class='ocrx_word' id='word_1_158' title='bbox 659 1919 738 1985; x_wconf 90' lang='lat' dir='ltr'>pace</span> <span class='ocrx_word' id='word_1_159' title='bbox 755 1897 996 1965; x_wconf 87' lang='lat' dir='ltr'>infestissimum</span> <span class='ocrx_word' id='word_1_160' title='bbox 1013 1921 1079 1966; x_wconf 88' lang='lat' dir='ltr'>cer·</span> <span class='ocrx_word' id='word_1_161' title='bbox 1098 1919 1113 1968; x_wconf 93' lang='lat'>1</span> 
     </span>
     <span class='ocr_line' id='line_1_19' title="bbox 66 1989 1078 2077; baseline 0.003 -22"><span class='ocrx_word' id='word_1_162' title='bbox 66 1989 197 2057; x_wconf 78' lang='lat' dir='ltr'>rentibus</span> <span class='ocrx_word' id='word_1_163' title='bbox 216 1999 359 2056; x_wconf 89' lang='lat' dir='ltr'>renatum</span> <span class='ocrx_word' id='word_1_164' title='bbox 381 1990 499 2057; x_wconf 92' lang='lat' dir='ltr'>bellum</span> <span class='ocrx_word' id='word_1_165' title='bbox 517 1992 636 2071; x_wconf 89' lang='lat' dir='ltr'>omnia,</span> <span class='ocrx_word' id='word_1_166' title='bbox 659 2013 741 2077; x_wconf 90' lang='lat' dir='ltr'>quac</span> <span class='ocrx_word' id='word_1_167' title='bbox 763 1992 876 2059; x_wconf 90' lang='lat' dir='ltr'>deinde</span> <span class='ocrx_word' id='word_1_168' title='bbox 898 2003 1078 2072; x_wconf 87' lang='lat' dir='ltr'>evenerunt,</span> 
     </span>
     <span class='ocr_line' id='line_1_20' title="bbox 67 2080 1112 2172; baseline 0.004 -22"><span class='ocrx_word' id='word_1_169' title='bbox 67 2105 115 2150; x_wconf 77' lang='lat' dir='ltr'>ron</span> <span class='ocrx_word' id='word_1_170' title='bbox 130 2083 165 2150; x_wconf 90' lang='lat' dir='ltr'>in</span> <span class='ocrx_word' id='word_1_171' title='bbox 181 2084 296 2150; x_wconf 89' lang='lat' dir='ltr'>animis</span> <span class='ocrx_word' id='word_1_172' title='bbox 314 2083 426 2163; x_wconf 88' lang='lat' dir='ltr'>solum,</span> <span class='ocrx_word' id='word_1_173' title='bbox 446 2085 503 2151; x_wconf 89' lang='lat' dir='ltr'>sed</span> <span class='ocrx_word' id='word_1_174' title='bbox 519 2107 617 2172; x_wconf 88' lang='lat' dir='ltr'>prope</span> <span class='ocrx_word' id='word_1_175' title='bbox 635 2085 668 2151; x_wconf 93' lang='lat' dir='ltr'>in</span> <span class='ocrx_word' id='word_1_176' title='bbox 686 2086 786 2151; x_wconf 90' lang='lat' dir='ltr'>oculis</span> <span class='ocrx_word' id='word_1_177' title='bbox 805 2109 885 2167; x_wconf 87' lang='lat' dir='ltr'>esse,</span> <span class='ocrx_word' id='word_1_178' title='bbox 905 2097 936 2154; x_wconf 88' lang='lat' dir='ltr'>et</span> <span class='ocrx_word' id='word_1_179' title='bbox 954 2109 1024 2154; x_wconf 90' lang='lat' dir='ltr'>sero</span> <span class='ocrx_word' id='word_1_180' title='bbox 1041 2080 1079 2154; x_wconf 86' lang='lat' dir='ltr'>ac</span> <span class='ocrx_word' id='word_1_181' title='bbox 1097 2107 1112 2154; x_wconf 86' lang='lat' dir='ltr'>a</span> 
     </span>
     <span class='ocr_line' id='line_1_21' title="bbox 67 2178 1080 2268; baseline 0.007 -26"><span class='ocrx_word' id='word_1_182' title='bbox 67 2178 242 2264; x_wconf 79' lang='lat' dir='ltr'>equiquam</span> <span class='ocrx_word' id='word_1_183' title='bbox 254 2178 383 2245; x_wconf 89' lang='lat' dir='ltr'>laudare</span> <span class='ocrx_word' id='word_1_184' title='bbox 397 2180 481 2245; x_wconf 89' lang='lat' dir='ltr'>senis</span> <span class='ocrx_word' id='word_1_185' title='bbox 489 2179 597 2247; x_wconf 90' lang='lat' dir='ltr'>Pontii</span> <span class='ocrx_word' id='word_1_186' title='bbox 610 2189 742 2265; x_wconf 90' lang='lat' dir='ltr'>utraque</span> <span class='ocrx_word' id='word_1_187' title='bbox 756 2182 896 2260; x_wconf 91' lang='lat' dir='ltr'>consilia,</span> <span class='ocrx_word' id='word_1_188' title='bbox 905 2183 987 2248; x_wconf 84' lang='lat' dir='ltr'>inter</span> <span class='ocrx_word' id='word_1_189' title='bbox 999 2205 1080 2268; x_wconf 90' lang='lat' dir='ltr'>quac</span> 
     </span>
     <span class='ocr_line' id='line_1_22' title="bbox 67 2273 1080 2362; baseline 0 -21"><span class='ocrx_word' id='word_1_190' title='bbox 67 2294 85 2342; x_wconf 85' lang='lat' dir='ltr'>e</span> <span class='ocrx_word' id='word_1_191' title='bbox 100 2273 210 2340; x_wconf 87' lang='lat' dir='ltr'>media</span> <span class='ocrx_word' id='word_1_192' title='bbox 225 2273 332 2359; x_wconf 90' lang='lat' dir='ltr'>lapsos</span> <span class='ocrx_word' id='word_1_193' title='bbox 350 2274 498 2341; x_wconf 86' lang='lat' dir='ltr'>victoriae</span> <span class='ocrx_word' id='word_1_194' title='bbox 520 2276 753 2362; x_wconf 88' lang='lat' dir='ltr'>possessionem</span> <span class='ocrx_word' id='word_1_195' title='bbox 774 2296 853 2362; x_wconf 90' lang='lat' dir='ltr'>pace</span> <span class='ocrx_word' id='word_1_196' title='bbox 874 2276 993 2342; x_wconf 88' lang='lat' dir='ltr'>incerta</span> <span class='ocrx_word' id='word_1_197' title='bbox 1010 2300 1080 2341; x_wconf 92' lang='lat' dir='ltr'>mu-</span> 
     </span>
     <span class='ocr_line' id='line_1_23' title="bbox 67 2367 1078 2459; baseline -0.002 -20"><span class='ocrx_word' id='word_1_198' title='bbox 67 2391 145 2450; x_wconf 73' lang='lat' dir='ltr'>rsae,</span> <span class='ocrx_word' id='word_1_199' title='bbox 158 2378 191 2437; x_wconf 89' lang='lat' dir='ltr'>et</span> <span class='ocrx_word' id='word_1_200' title='bbox 203 2367 348 2437; x_wconf 89' lang='lat' dir='ltr'>beneficii</span> <span class='ocrx_word' id='word_1_201' title='bbox 360 2379 392 2436; x_wconf 90' lang='lat' dir='ltr'>et</span> <span class='ocrx_word' id='word_1_202' title='bbox 404 2370 550 2436; x_wconf 89' lang='lat' dir='ltr'>maleficii</span> <span class='ocrx_word' id='word_1_203' title='bbox 567 2371 731 2438; x_wconf 87' lang='lat' dir='ltr'>occasione</span> <span class='ocrx_word' id='word_1_204' title='bbox 748 2371 866 2436; x_wconf 85' lang='lat' dir='ltr'>amissa</span> <span class='ocrx_word' id='word_1_205' title='bbox 882 2379 1078 2459; x_wconf 87' lang='lat' dir='ltr'>pugnaturos</span> 
     </span>
     <span class='ocr_line' id='line_1_24' title="bbox 67 2463 1078 2552; baseline -0.002 -20"><span class='ocrx_word' id='word_1_206' title='bbox 67 2487 123 2532; x_wconf 89' lang='lat' dir='ltr'>mn</span> <span class='ocrx_word' id='word_1_207' title='bbox 140 2463 197 2543; x_wconf 89' lang='lat' dir='ltr'>eis,</span> <span class='ocrx_word' id='word_1_208' title='bbox 216 2486 296 2549; x_wconf 91' lang='lat' dir='ltr'>quos</span> <span class='ocrx_word' id='word_1_209' title='bbox 314 2465 471 2551; x_wconf 89' lang='lat' dir='ltr'>potuerint</span> <span class='ocrx_word' id='word_1_210' title='bbox 487 2464 521 2529; x_wconf 92' lang='lat' dir='ltr'>in</span> <span class='ocrx_word' id='word_1_211' title='bbox 537 2475 724 2552; x_wconf 85' lang='lat' dir='ltr'>perpetuum</span> <span class='ocrx_word' id='word_1_212' title='bbox 741 2465 792 2530; x_wconf 83' lang='lat' dir='ltr'>vel</span> <span class='ocrx_word' id='word_1_213' title='bbox 809 2465 952 2530; x_wconf 90' lang='lat' dir='ltr'>inimicos</span> <span class='ocrx_word' id='word_1_214' title='bbox 970 2464 1078 2530; x_wconf 89' lang='lat' dir='ltr'>tollere</span> 
     </span>
     <span class='ocr_line' id='line_1_25' title="bbox 67 2557 1112 2645; baseline -0.001 -19"><span class='ocrx_word' id='word_1_215' title='bbox 67 2557 104 2625; x_wconf 67' lang='lat' dir='ltr'>&#39;cl</span> <span class='ocrx_word' id='word_1_216' title='bbox 114 2559 233 2626; x_wconf 89' lang='lat' dir='ltr'>amicos</span> <span class='ocrx_word' id='word_1_217' title='bbox 251 2557 364 2625; x_wconf 80' lang='lat' dir='ltr'>facere.</span> <span class='ocrx_word' id='word_1_218' title='bbox 396 2557 538 2645; x_wconf 85' lang='lat' dir='ltr'>adeoque</span> <span class='ocrx_word' id='word_1_219' title='bbox 555 2559 719 2626; x_wconf 90' lang='lat' dir='ltr'>nullodum</span> <span class='ocrx_word' id='word_1_220' title='bbox 737 2559 904 2625; x_wconf 81' lang='lat' dir='ltr'>certamine</span> <span class='ocrx_word' id='word_1_221' title='bbox 921 2558 1077 2624; x_wconf 89' lang='lat' dir='ltr'>inclinatis</span> <span class='ocrx_word' id='word_1_222' title='bbox 1097 2577 1112 2625; x_wconf 81' lang='lat' dir='ltr'>a</span> 
     </span>
     <span class='ocr_line' id='line_1_26' title="bbox 67 2650 1078 2741; baseline -0.003 -20"><span class='ocrx_word' id='word_1_223' title='bbox 67 2652 169 2721; x_wconf 79' lang='lat' dir='ltr'>itibus</span> <span class='ocrx_word' id='word_1_224' title='bbox 186 2661 260 2741; x_wconf 89' lang='lat' dir='ltr'>post</span> <span class='ocrx_word' id='word_1_225' title='bbox 270 2650 447 2720; x_wconf 85' lang='lat' dir='ltr'>Caudinam</span> <span class='ocrx_word' id='word_1_226' title='bbox 459 2675 572 2741; x_wconf 90' lang='lat' dir='ltr'>pacem</span> <span class='ocrx_word' id='word_1_227' title='bbox 585 2655 681 2719; x_wconf 90' lang='lat' dir='ltr'>animi</span> <span class='ocrx_word' id='word_1_228' title='bbox 698 2662 905 2732; x_wconf 88' lang='lat' dir='ltr'>mutaverant,</span> <span class='ocrx_word' id='word_1_229' title='bbox 920 2663 955 2718; x_wconf 88' lang='lat' dir='ltr'>ut</span> <span class='ocrx_word' id='word_1_230' title='bbox 968 2653 1078 2728; x_wconf 82' lang='lat' dir='ltr'>clario·</span> 
     </span>
     <span class='ocr_line' id='line_1_27' title="bbox 67 2746 1078 2832; baseline -0.003 -18"><span class='ocrx_word' id='word_1_231' title='bbox 67 2768 114 2814; x_wconf 87' lang='lat' dir='ltr'>em</span> <span class='ocrx_word' id='word_1_232' title='bbox 132 2746 216 2814; x_wconf 90' lang='lat' dir='ltr'>inter</span> <span class='ocrx_word' id='word_1_233' title='bbox 226 2747 388 2814; x_wconf 84' lang='lat' dir='ltr'>Romanos</span> <span class='ocrx_word' id='word_1_234' title='bbox 407 2747 524 2814; x_wconf 90' lang='lat' dir='ltr'>deditio</span> <span class='ocrx_word' id='word_1_235' title='bbox 536 2746 738 2814; x_wconf 90' lang='lat' dir='ltr'>Postumium</span> <span class='ocrx_word' id='word_1_236' title='bbox 755 2769 851 2832; x_wconf 89' lang='lat' dir='ltr'>quam</span> <span class='ocrx_word' id='word_1_237' title='bbox 862 2747 1014 2813; x_wconf 92' lang='lat' dir='ltr'>Pontium</span> <span class='ocrx_word' id='word_1_238' title='bbox 1030 2747 1078 2812; x_wconf 92' lang='lat' dir='ltr'>in-</span> 
     </span>
     <span class='ocr_line' id='line_1_28' title="bbox 67 2839 1112 2930; baseline -0.002 -21"><span class='ocrx_word' id='word_1_239' title='bbox 67 2851 179 2909; x_wconf 83' lang='lat' dir='ltr'>menta</span> <span class='ocrx_word' id='word_1_240' title='bbox 191 2842 321 2909; x_wconf 86' lang='lat' dir='ltr'>victoria</span> <span class='ocrx_word' id='word_1_241' title='bbox 333 2842 414 2908; x_wconf 87' lang='lat' dir='ltr'>inter</span> <span class='ocrx_word' id='word_1_242' title='bbox 428 2839 587 2908; x_wconf 88' lang='lat' dir='ltr'>Samnites</span> <span class='ocrx_word' id='word_1_243' title='bbox 600 2841 718 2909; x_wconf 86' lang='lat' dir='ltr'>faceret</span> <span class='ocrx_word' id='word_1_244' title='bbox 731 2851 762 2907; x_wconf 89' lang='lat' dir='ltr'>et</span> <span class='ocrx_word' id='word_1_245' title='bbox 774 2843 843 2930; x_wconf 88' lang='lat' dir='ltr'>geri</span> <span class='ocrx_word' id='word_1_246' title='bbox 854 2863 948 2929; x_wconf 87' lang='lat' dir='ltr'>posse</span> <span class='ocrx_word' id='word_1_247' title='bbox 961 2839 1078 2908; x_wconf 89' lang='lat' dir='ltr'>bellum</span> <span class='ocrx_word' id='word_1_248' title='bbox 1095 2851 1112 2900; x_wconf 81' lang='lat'>4</span> 
     </span>
     <span class='ocr_line' id='line_1_29' title="bbox 67 2933 1080 3022; baseline -0.001 -20"><span class='ocrx_word' id='word_1_249' title='bbox 67 2936 187 3002; x_wconf 78' lang='lat' dir='ltr'>tomani</span> <span class='ocrx_word' id='word_1_250' title='bbox 206 2958 266 3022; x_wconf 93' lang='lat' dir='ltr'>pro</span> <span class='ocrx_word' id='word_1_251' title='bbox 288 2934 420 3002; x_wconf 77' lang='lat' dir='ltr'>victoria</span> <span class='ocrx_word' id='word_1_252' title='bbox 441 2944 527 3002; x_wconf 88' lang='lat' dir='ltr'>certa</span> <span class='ocrx_word' id='word_1_253' title='bbox 547 2934 713 3016; x_wconf 85' lang='lat' dir='ltr'>haberent,</span> <span class='ocrx_word' id='word_1_254' title='bbox 733 2933 893 3003; x_wconf 87' lang='lat' dir='ltr'>Samnites</span> <span class='ocrx_word' id='word_1_255' title='bbox 916 2935 1010 3002; x_wconf 90' lang='lat' dir='ltr'>simul</span> <span class='ocrx_word' id='word_1_256' title='bbox 1029 2957 1080 3002; x_wconf 86' lang='lat' dir='ltr'>rc-</span> 
     </span>
     <span class='ocr_line' id='line_1_30' title="bbox 67 3028 752 3097; baseline -0.003 0"><span class='ocrx_word' id='word_1_257' title='bbox 67 3028 185 3097; x_wconf 82' lang='lat' dir='ltr'>ellaasc</span> <span class='ocrx_word' id='word_1_258' title='bbox 203 3039 235 3095; x_wconf 89' lang='lat' dir='ltr'>et</span> <span class='ocrx_word' id='word_1_259' title='bbox 252 3028 366 3095; x_wconf 84' lang='lat' dir='ltr'>vicisse</span> <span class='ocrx_word' id='word_1_260' title='bbox 384 3029 546 3096; x_wconf 87' lang='lat' dir='ltr'>crederent</span> <span class='ocrx_word' id='word_1_261' title='bbox 562 3030 752 3095; x_wconf 89' lang='lat' dir='ltr'>Romanum.</span> 
     </span>
    </p>

    <p class='ocr_par' dir='ltr' id='par_1_5' title="bbox 67 3121 1112 4064">
     <span class='ocr_line' id='line_1_31' title="bbox 112 3121 1112 3191; baseline 0 -1"><span class='ocrx_word' id='word_1_262' title='bbox 112 3124 203 3190; x_wconf 89' lang='lat' dir='ltr'>Inter</span> <span class='ocrx_word' id='word_1_263' title='bbox 223 3123 303 3191; x_wconf 88' lang='lat' dir='ltr'>haec</span> <span class='ocrx_word' id='word_1_264' title='bbox 321 3121 479 3190; x_wconf 90' lang='lat' dir='ltr'>Satricani</span> <span class='ocrx_word' id='word_1_265' title='bbox 499 3124 541 3191; x_wconf 91' lang='lat' dir='ltr'>ad</span> <span class='ocrx_word' id='word_1_266' title='bbox 564 3121 722 3191; x_wconf 87' lang='lat' dir='ltr'>Samnites</span> <span class='ocrx_word' id='word_1_267' title='bbox 745 3122 927 3188; x_wconf 86' lang='lat' dir='ltr'>defecerunt</span> <span class='ocrx_word' id='word_1_268' title='bbox 948 3131 980 3187; x_wconf 90' lang='lat' dir='ltr'>et</span> <span class='ocrx_word' id='word_1_269' title='bbox 999 3121 1112 3190; x_wconf 80' lang='lat' dir='ltr'>Fre-5</span> 
     </span>
     <span class='ocr_line' id='line_1_32' title="bbox 67 3215 1078 3307; baseline -0.007 -20"><span class='ocrx_word' id='word_1_270' title='bbox 67 3217 151 3302; x_wconf 69' lang='lat' dir='ltr'>ellac</span> <span class='ocrx_word' id='word_1_271' title='bbox 169 3218 294 3286; x_wconf 88' lang='lat' dir='ltr'>colonia</span> <span class='ocrx_word' id='word_1_272' title='bbox 310 3219 496 3307; x_wconf 87' lang='lat' dir='ltr'>necopinato</span> <span class='ocrx_word' id='word_1_273' title='bbox 514 3219 652 3286; x_wconf 89' lang='lat' dir='ltr'>adventu</span> <span class='ocrx_word' id='word_1_274' title='bbox 671 3215 861 3286; x_wconf 87' lang='lat' dir='ltr'>Samnitium</span> <span class='ocrx_word' id='word_1_275' title='bbox 874 3254 915 3266; x_wconf 92' lang='lat'>-</span> <span class='ocrx_word' id='word_1_276' title='bbox 928 3215 1028 3282; x_wconf 77' lang='lat' dir='ltr'>fiaissc</span> <span class='ocrx_word' id='word_1_277' title='bbox 1046 3224 1078 3280; x_wconf 89' lang='lat' dir='ltr'>et</span> 
     </span>
     <span class='ocr_line' id='line_1_33' title="bbox 67 3312 1076 3397; baseline -0.004 -19"><span class='ocrx_word' id='word_1_278' title='bbox 67 3312 232 3385; x_wconf 74' lang='lat' dir='ltr'>lauicanos</span> <span class='ocrx_word' id='word_1_279' title='bbox 259 3333 332 3379; x_wconf 90' lang='lat' dir='ltr'>oum</span> <span class='ocrx_word' id='word_1_280' title='bbox 356 3313 397 3378; x_wconf 91' lang='lat' dir='ltr'>iis</span> <span class='ocrx_word' id='word_1_281' title='bbox 424 3313 500 3380; x_wconf 89' lang='lat' dir='ltr'>satis</span> <span class='ocrx_word' id='word_1_282' title='bbox 527 3322 710 3380; x_wconf 86' lang='lat' dir='ltr'>constat-</span> <span class='ocrx_word' id='word_1_283' title='bbox 726 3321 819 3378; x_wconf 88' lang='lat' dir='ltr'>nocte</span> <span class='ocrx_word' id='word_1_284' title='bbox 841 3319 995 3397; x_wconf 86' lang='lat' dir='ltr'>occupata</span> <span class='ocrx_word' id='word_1_285' title='bbox 1018 3317 1076 3376; x_wconf 89' lang='lat' dir='ltr'>est.</span> 
     </span>
     <span class='ocr_line' id='line_1_34' title="bbox 67 3405 1079 3493; baseline -0.004 -18"><span class='ocrx_word' id='word_1_286' title='bbox 67 3414 143 3475; x_wconf 84' lang='lat' dir='ltr'>mor</span> <span class='ocrx_word' id='word_1_287' title='bbox 163 3408 237 3474; x_wconf 87' lang='lat' dir='ltr'>inde</span> <span class='ocrx_word' id='word_1_288' title='bbox 259 3417 388 3474; x_wconf 90' lang='lat' dir='ltr'>mutuus</span> <span class='ocrx_word' id='word_1_289' title='bbox 409 3418 561 3493; x_wconf 87' lang='lat' dir='ltr'>utrosque</span> <span class='ocrx_word' id='word_1_290' title='bbox 582 3407 743 3493; x_wconf 89' lang='lat' dir='ltr'>usquead</span> <span class='ocrx_word' id='word_1_291' title='bbox 764 3406 866 3472; x_wconf 90' lang='lat' dir='ltr'>lucem</span> <span class='ocrx_word' id='word_1_292' title='bbox 883 3405 1008 3490; x_wconf 88' lang='lat' dir='ltr'>quietos</span> <span class='ocrx_word' id='word_1_293' title='bbox 1031 3413 1079 3471; x_wconf 86' lang='lat' dir='ltr'>te·</span> 
     </span>
     <span class='ocr_line' id='line_1_35' title="bbox 67 3499 1110 3590; baseline -0.002 -21"><span class='ocrx_word' id='word_1_294' title='bbox 67 3502 130 3569; x_wconf 83' lang='lat' dir='ltr'>uit:</span> <span class='ocrx_word' id='word_1_295' title='bbox 158 3502 216 3568; x_wconf 85' lang='lat' dir='ltr'>lux</span> <span class='ocrx_word' id='word_1_296' title='bbox 231 3523 359 3590; x_wconf 90' lang='lat' dir='ltr'>pugnae</span> <span class='ocrx_word' id='word_1_297' title='bbox 376 3502 500 3568; x_wconf 87' lang='lat' dir='ltr'>initium</span> <span class='ocrx_word' id='word_1_298' title='bbox 517 3501 592 3581; x_wconf 85' lang='lat' dir='ltr'>fuit,</span> <span class='ocrx_word' id='word_1_299' title='bbox 610 3524 706 3587; x_wconf 92' lang='lat' dir='ltr'>quam</span> <span class='ocrx_word' id='word_1_300' title='bbox 723 3499 916 3586; x_wconf 90' lang='lat' dir='ltr'>aliquamdiu</span> <span class='ocrx_word' id='word_1_301' title='bbox 933 3522 1075 3585; x_wconf 70' lang='lat' dir='ltr'>aequam</span> <span class='ocrx_word' id='word_1_302' title='bbox 1094 3517 1110 3567; x_wconf 80' lang='grc'><strong>6</strong></span> 
     </span>
     <span class='ocr_line' id='line_1_36' title="bbox 67 3594 1078 3684; baseline -0.006 -19"><span class='ocrx_word' id='word_1_303' title='bbox 67 3607 78 3665; x_wconf 87' lang='lat' dir='ltr'>t</span> <span class='ocrx_word' id='word_1_304' title='bbox 94 3597 173 3683; x_wconf 89' lang='lat' dir='ltr'>quia</span> <span class='ocrx_word' id='word_1_305' title='bbox 188 3619 247 3684; x_wconf 89' lang='lat' dir='ltr'>pro</span> <span class='ocrx_word' id='word_1_306' title='bbox 264 3597 326 3664; x_wconf 91' lang='lat' dir='ltr'>aris</span> <span class='ocrx_word' id='word_1_307' title='bbox 344 3619 383 3663; x_wconf 88' lang='lat' dir='ltr'>ac</span> <span class='ocrx_word' id='word_1_308' title='bbox 398 3597 479 3664; x_wconf 87' lang='lat' dir='ltr'>focis</span> <span class='ocrx_word' id='word_1_309' title='bbox 497 3594 704 3663; x_wconf 87' lang='lat' dir='ltr'>dimicabatur</span> <span class='ocrx_word' id='word_1_310' title='bbox 722 3605 753 3661; x_wconf 88' lang='lat' dir='ltr'>et</span> <span class='ocrx_word' id='word_1_311' title='bbox 769 3596 844 3681; x_wconf 91' lang='lat' dir='ltr'>quia</span> <span class='ocrx_word' id='word_1_312' title='bbox 857 3618 897 3661; x_wconf 90' lang='lat' dir='ltr'>ex</span> <span class='ocrx_word' id='word_1_313' title='bbox 914 3595 1004 3661; x_wconf 89' lang='lat' dir='ltr'>tectis</span> <span class='ocrx_word' id='word_1_314' title='bbox 1022 3594 1078 3660; x_wconf 92' lang='lat' dir='ltr'>ad-</span> 
     </span>
     <span class='ocr_line' id='line_1_37' title="bbox 67 3689 1075 3778; baseline -0.004 -19"><span class='ocrx_word' id='word_1_315' title='bbox 67 3690 178 3759; x_wconf 83' lang='lat' dir='ltr'>rvabat</span> <span class='ocrx_word' id='word_1_316' title='bbox 193 3690 319 3758; x_wconf 87' lang='lat' dir='ltr'>inbellis</span> <span class='ocrx_word' id='word_1_317' title='bbox 337 3691 513 3770; x_wconf 88' lang='lat' dir='ltr'>multitudo,</span> <span class='ocrx_word' id='word_1_318' title='bbox 532 3701 638 3757; x_wconf 85' lang='lat' dir='ltr'>tamen</span> <span class='ocrx_word' id='word_1_319' title='bbox 655 3690 834 3778; x_wconf 84' lang='lat' dir='ltr'>Fregellani</span> <span class='ocrx_word' id='word_1_320' title='bbox 852 3689 1075 3756; x_wconf 87' lang='lat' dir='ltr'>sustinuerunt.</span> 
     </span>
     <span class='ocr_line' id='line_1_38' title="bbox 67 3781 1110 3869; baseline -0.002 -16"><span class='ocrx_word' id='word_1_321' title='bbox 67 3807 137 3853; x_wconf 73' lang='lat' dir='ltr'>raus</span> <span class='ocrx_word' id='word_1_322' title='bbox 155 3782 354 3853; x_wconf 69' lang='lat' dir='ltr'>deluderem</span> <span class='ocrx_word' id='word_1_323' title='bbox 370 3785 544 3864; x_wconf 86' lang='lat' dir='ltr'>inelinavit,</span> <span class='ocrx_word' id='word_1_324' title='bbox 564 3785 650 3869; x_wconf 90' lang='lat' dir='ltr'>quod</span> <span class='ocrx_word' id='word_1_325' title='bbox 667 3807 778 3851; x_wconf 85' lang='lat' dir='ltr'>vocem</span> <span class='ocrx_word' id='word_1_326' title='bbox 796 3784 896 3850; x_wconf 89' lang='lat' dir='ltr'>audiri</span> <span class='ocrx_word' id='word_1_327' title='bbox 912 3781 1074 3869; x_wconf 88' lang='lat' dir='ltr'>praeconis</span> <span class='ocrx_word' id='word_1_328' title='bbox 1093 3799 1110 3851; x_wconf 74' lang='lat' dir='ltr'>t</span> 
     </span>
     <span class='ocr_line' id='line_1_39' title="bbox 67 3876 1076 3964; baseline -0.012 -15"><span class='ocrx_word' id='word_1_329' title='bbox 67 3879 135 3949; x_wconf 75' lang='lat' dir='ltr'>assi</span> <span class='ocrx_word' id='word_1_330' title='bbox 159 3889 245 3958; x_wconf 85' lang='lat' dir='ltr'>sunt,</span> <span class='ocrx_word' id='word_1_331' title='bbox 267 3879 457 3947; x_wconf 85' lang='lat' dir='ltr'>incolumem</span> <span class='ocrx_word' id='word_1_332' title='bbox 478 3879 636 3946; x_wconf 88' lang='lat' dir='ltr'>abiturum</span> <span class='ocrx_word' id='word_1_333' title='bbox 653 3879 708 3964; x_wconf 91' lang='lat' dir='ltr'>qui</span> <span class='ocrx_word' id='word_1_334' title='bbox 729 3903 815 3944; x_wconf 88' lang='lat' dir='ltr'>arma</span> <span class='ocrx_word' id='word_1_335' title='bbox 836 3876 1002 3964; x_wconf 84' lang='lat' dir='ltr'>posuisset.</span> <span class='ocrx_word' id='word_1_336' title='bbox 1038 3895 1076 3938; x_wconf 88' lang='lat' dir='ltr'>ea</span> 
     </span>
     <span class='ocr_line' id='line_1_40' title="bbox 67 3967 1074 4064; baseline -0.013 -21"><span class='ocrx_word' id='word_1_337' title='bbox 67 3996 123 4064; x_wconf 75' lang='lat' dir='ltr'>pes</span> <span class='ocrx_word' id='word_1_338' title='bbox 140 3974 263 4043; x_wconf 83' lang='lat' dir='ltr'>remisit</span> <span class='ocrx_word' id='word_1_339' title='bbox 279 3998 300 4042; x_wconf 89' lang='lat' dir='ltr'>a</span> <span class='ocrx_word' id='word_1_340' title='bbox 316 3976 485 4044; x_wconf 88' lang='lat' dir='ltr'>certamine</span> <span class='ocrx_word' id='word_1_341' title='bbox 507 3975 643 4054; x_wconf 88' lang='lat' dir='ltr'>animos,</span> <span class='ocrx_word' id='word_1_342' title='bbox 667 3984 698 4041; x_wconf 89' lang='lat' dir='ltr'>et</span> <span class='ocrx_word' id='word_1_343' title='bbox 718 3974 837 4061; x_wconf 90' lang='lat' dir='ltr'>passim</span> <span class='ocrx_word' id='word_1_344' title='bbox 859 3993 946 4037; x_wconf 90' lang='lat' dir='ltr'>arma</span> <span class='ocrx_word' id='word_1_345' title='bbox 966 3967 1074 4033; x_wconf 87' lang='lat' dir='ltr'>iactari</span> 
     </span>
    </p>
   </div>
   <div class='ocr_carea' id='block_1_4' title="bbox 0 0 1288 4524">
    <p class='ocr_par' dir='ltr' id='par_1_6' title="bbox 0 0 1288 4524">
     <span class='ocr_line' id='line_1_41' title="bbox 0 0 1288 4524; baseline 0 0"><span class='ocrx_word' id='word_1_346' title='bbox 0 0 1288 4524; x_wconf 95' lang='lat' dir='ltr'> </span> 
     </span>
    </p>
   </div>
  </div>
 </body>
</html>
