2566 4524
316 235 434 291 arana
452 237 494 307 11,
512 235 554 290 aa.
568 236 609 291 aa.
630 239 667 307 [a.
679 235 777 291 caea.
790 239 853 306 491]
1058 225 1099 290 97

77 394 227 480 depositis
242 392 407 458 clientibus
421 393 623 460 absterrendo
637 395 778 481 singulos
793 420 812 460 a
826 395 1011 461 coitionibus
1025 419 1099 462 con-

77 491 208 573 :iliisque
227 488 359 552 disicere
376 510 443 552 rem
460 497 599 573 possent.
631 490 769 554 universi
788 491 900 555 deinde
917 513 1098 577 processere
1116 511 1132 560 5

77 623 106 632 -
124 583 281 668 quidquid
298 591 364 647 erat
380 590 506 667 patrum
522 606 593 648 reos
612 585 730 650 diceres
749 624 791 633 —
808 586 954 671 precibus
972 585 1098 671 plebem

77 687 288 764 exposcentes,
308 696 404 740 unum
423 677 484 742 sibi
502 678 616 755 civem,
635 702 733 743 unum
752 690 940 759 senatorem,
965 681 993 745 si
1009 680 1111 745 inno-'

77 784 187 837 centem
207 771 371 836 absolvere
389 772 520 849 nollent,
539 795 596 857 pro
609 784 741 838 nocente
756 775 916 839 donarent.
942 775 1011 861 ipse
1025 798 1098 840 cum
1116 796 1131 843 a

79 867 118 932 die
135 867 220 931 dicta
237 888 301 930 non
319 867 458 944 adesset,
477 877 711 953 perseveratum
729 868 762 932 in
779 868 826 933 ira
843 879 900 933 est.

131 961 311 1026 Damnatus
333 961 448 1026 absens
465 962 498 1025 in
511 961 646 1027 Volscos
665 964 825 1026 exulatum
842 963 931 1041 abiit,
950 963 1096 1030 minitans

83 1056 182 1140 patriae
205 1055 397 1139 hostilesque
420 1056 483 1120 iam
505 1065 571 1121 tum
595 1056 721 1143 spiritus
743 1080 865 1144 gerens.
910 1056 1097 1122 Venientem

85 1146 174 1214 Volsci
182 1149 315 1236 benigni
329 1172 480 1235 excepere
493 1150 723 1237 benigniusque
737 1152 770 1215 in
784 1152 850 1216 dies
866 1151 1018 1229 colebant,
1035 1174 1096 1234 quo

87 1243 165 1307 maior
176 1244 224 1307 ira
237 1244 270 1307 in
285 1266 360 1308 suos
374 1245 531 1309 eminebat
544 1245 732 1329 crebraeque
741 1269 824 1310 nunc
834 1246 998 1328 querellae,
1013 1268 1097 1310 nunc

91 1337 171 1402 minae
187 1338 448 1423 percipiebantur.
479 1339 615 1424 hospitio
632 1339 778 1404 utebatur
791 1339 861 1403 Atti
876 1339 969 1403 Tulli.
1001 1339 1128 1426 longer

92 1429 112 1492 is
130 1441 187 1495 tum
206 1433 353 1518 princeps
371 1432 481 1497 Volsci
502 1434 637 1497 nominis
657 1443 722 1497 erat
738 1434 953 1516 Romanisque
972 1455 1095 1518 semper

93 1522 209 1590 infestus.
237 1527 283 1590 ita
296 1549 368 1590 curn
382 1526 514 1590 alterum
528 1537 618 1591 retus
633 1528 753 1604 odium,
772 1527 904 1591 alterum
921 1527 967 1590 ira
985 1549 1094 1591 recens

91 1619 253 1698 stimularet,
273 1621 403 1685 consilia
420 1620 585 1685 conferunt
603 1622 642 1685 de
659 1622 803 1686 Romano
822 1621 914 1685 bello
946 1622 1030 1686 haud
1049 1621 1096 1686 fa-
1114 1641 1129 1690 8

91 1713 130 1779 cile
157 1716 335 1794 credebant,
368 1717 492 1802 plebem
524 1741 614 1783 suam
646 1717 754 1802 inpelli
782 1739 889 1802 posse,
921 1728 956 1780 ut
982 1718 1095 1781 totiens

90 1805 229 1874 infeliciter
255 1820 406 1895 temptata
432 1835 519 1875 arma
545 1821 700 1896 caperent.
745 1811 850 1874 multis
878 1833 971 1894 saepe
994 1810 1094 1888 bellis,

89 1904 244 1984 pestilentia
256 1914 415 1990 postremo
430 1904 547 1970 amissa
559 1906 719 1969 iuventute
734 1905 849 1969 fractos
869 1905 995 1989 spiritus
1014 1927 1093 1982 esse,

85 2005 136 2061 arte
159 2000 316 2084 agendum
341 1999 375 2063 iu
401 1999 524 2064 exoleto
544 2000 609 2064 iam
630 2008 786 2064 vetustate
809 1999 895 2078 odio,
922 2007 957 2063 ut
979 1999 1095 2063 recenti

86 2088 170 2176 aliqua
186 2094 233 2157 ira
253 2093 512 2158 exacerbarentur
529 2094 634 2158 animi.

133 2187 299 2252 XXXVI.
336 2188 424 2251 Ludi
445 2187 525 2252 forte
548 2211 588 2252 ex
605 2188 828 2252 instauratione
847 2189 953 2274 magni
972 2188 1092 2253 Romae
1113 2210 1126 2257 1

80 2282 263 2364 parabantur.
300 2283 494 2348 instaurandi
519 2283 598 2347 haec
625 2305 720 2347 causa
746 2282 861 2347 fuerat:
893 2284 975 2347 ludis
1003 2305 1094 2346 mane

81 2392 191 2440 servum
205 2377 334 2459 quidam
351 2386 438 2462 pater
455 2375 606 2452 familiae,
626 2377 766 2440 nondum
784 2376 952 2441 commisso
972 2385 1094 2460 specta-

77 2468 150 2546 culo,
178 2471 237 2535 sub
261 2470 350 2534 furca
373 2492 500 2535 caesum
523 2470 626 2534 medio
649 2480 756 2557 egerat
774 2471 865 2534 circo.
901 2470 1004 2554 coepti
1022 2470 1093 2532 inde

77 2557 145 2642 ludi,
172 2566 258 2630 velut
281 2588 318 2629 ea
339 2588 389 2629 res
411 2564 488 2629 nihil
506 2565 548 2629 ad
563 2565 747 2650 religionem
764 2564 973 2650 pertinuisset.
1010 2563 1128 2630 hauda

77 2652 114 2722 ita
131 2661 226 2724 multo
250 2669 323 2745 post
341 2659 413 2723 Tito
431 2659 573 2736 Latinio,
602 2660 641 2722 de
663 2659 755 2745 plebe
777 2659 910 2736 homini,
938 2658 1095 2722 somnium

77 2749 134 2818 t'uit.
168 2755 256 2818 visus
275 2754 417 2838 Iuppiter
434 2755 551 2832 dicere,
576 2753 635 2820 sibi
653 2754 735 2819 ludis
753 2753 1013 2840 praesultatorem
1031 2752 1095 2816 dis-

77 2845 212 2927 plicuisse
218 2875 227 2926 3
251 2848 312 2912 nisi
330 2847 496 2935 magnifice
513 2849 759 2913 instaurarentur
776 2849 799 2912 ii
816 2849 895 2925 ludi,
919 2847 1093 2933 periculum

77 2939 136 3005 urbi
152 2942 233 3031 forer
256 2942 329 3020 iret,
349 2965 386 3006 ea
404 2942 585 3007 consulibus
603 2944 768 3006 nuntiaret.
800 2964 991 3026 quamquam
1009 2941 1095 3004 haud
1113 2962 1127 3008 3

77 3051 144 3098 sane
154 3035 231 3100 liber
245 3046 311 3100 erat
323 3036 473 3121 religione
488 3037 620 3113 animus,
635 3036 823 3100 verecundia
836 3035 1094 3100 tamenmaiesta

77 3125 112 3190 tis
129 3131 362 3216 magistratuum
380 3131 524 3195 timorem
547 3131 633 3208 vicit,
661 3153 700 3194 ne
723 3131 756 3193 in
778 3152 832 3193 ora
854 3129 1015 3192 hominum
1037 3149 1093 3211 pro

77 3214 198 3290 ludibrio
212 3225 322 3291 abiret.
350 3248 465 3311 magno
478 3225 523 3289 illi
541 3248 579 3290 ea
597 3225 752 3289 cunctatio
772 3224 870 3288 stetit:
889 3223 988 3285 filium
1005 3244 1094 3284 nam·
1112 3242 1128 3289 4

77 3331 128 3397 que
148 3319 228 3384 intra
249 3341 369 3404 paucos
392 3319 459 3382 dies
482 3319 596 3384 amisit.
633 3320 721 3383 cuius
740 3317 920 3404 repentinae
939 3315 1036 3380 cladis
1054 3337 1094 3380 ne

80 3426 159 3477 eausa
180 3413 278 3478 dubia
300 3421 396 3490 esset,
424 3435 519 3498 aegro
538 3413 634 3477 animi
652 3414 762 3476 eadem
779 3413 833 3476 illa
850 3413 883 3475 in
902 3411 1019 3476 somnis
1038 3409 1094 3475 ob-

81 3517 187 3570 versata
215 3506 336 3592 species
364 3506 432 3571 visa
459 3517 506 3571 est
531 3507 680 3593 rogitare,
710 3508 791 3571 satin
822 3529 970 3593 magnam
997 3505 1093 3589 spreti

82 3601 199 3664 uminis
218 3600 349 3665 haberet
366 3603 557 3678 mercedem
579 3601 729 3665 maiorem
746 3603 876 3678 instare,
898 3601 932 3664 ni
955 3609 1004 3664 eat
1022 3621 1095 3684 pro-

83 3707 138 3772 pere
150 3719 186 3761 ac
200 3695 323 3760 nuntiet
337 3696 528 3761 consulibus.
552 3696 615 3760 iam
628 3697 821 3780 praesentior
834 3719 883 3761 res
900 3705 975 3760 erat.
999 3717 1093 3760 cunc-
1112 3716 1127 3762 a

83 3789 179 3856 tantem
198 3800 304 3854 tamen
322 3812 359 3856 ac
375 3791 582 3875 prolatantem
599 3790 712 3877 ingens
730 3791 778 3855 vis
797 3789 898 3856 morbi
916 3791 1024 3869 adorta
1046 3800 1094 3855 est

83 3875 223 3949 debilitate
251 3883 364 3949 subita.
405 3896 479 3950 tunc
506 3886 663 3949 enimvero
692 3887 822 3949 deorum
847 3885 894 3951 ira
921 3883 1090 3950 admonuit.
1112 3901 1126 3947 6

85 3969 167 4044 fessus
185 3979 284 4066 igitur
300 3979 390 4044 malis
403 3981 576 4065 praeteritis
593 3981 858 4067 instantibusque,
879 3979 1008 4045 consilio
1021 3998 1093 4061 pro-

123 4093 166 4139 tui
179 4097 223 4141 rol.
236 4095 254 4141 l.
906 4080 922 4131 V
